1946 3261
664 179 779 222 LIB.
844 179 980 222 CAP.
1021 181 1087 229 19,
1109 180 1180 222 ZO-
1575 179 1662 222 553

193 313 433 362 pugnatum
455 305 676 354 acerrime,
699 314 743 347 et
765 306 922 348 turrim
939 314 1144 356 nostram,
1163 315 1212 348 ut
1227 305 1505 364 superiorem,
1524 306 1667 348 incen-

188 362 365 413 derunt,
387 365 563 414 idcirco,
585 364 705 423 quod
724 373 903 406 ventum
923 364 1131 422 oppidani
1152 365 1383 408 secundum
1401 364 1666 408 habuerunt.

193 420 443 479 Insequenti
476 424 571 466 luce
604 422 927 465 materfamilias
957 423 1009 465 de
1039 439 1163 464 muro
1192 440 1234 464 se
1261 423 1418 480 dejecit
1449 431 1494 465 et
1514 423 1568 466 ad
1589 438 1666 465 nos

191 482 394 524 transiliit
413 482 626 539 dixitque,
660 490 688 507 “
714 499 756 522 se
777 496 876 523 cum
894 480 1055 522 familia
1073 481 1356 522 constitutum
1376 481 1591 531 habuisse,
1615 488 1668 523 ut

191 545 221 564 ‘⁶
245 555 329 582 una
351 542 673 598 transfugerent
692 539 747 582 ad
770 540 1009 587 Caesa1·em;
1053 538 1170 581 illam
1191 539 1439 596 obpressam
1468 549 1512 582 et
1534 540 1666 598 jugu-

191 603 221 624 “
246 598 420 640 latam.''
485 598 582 640 Hoc
604 607 815 655 praeterea
835 607 1031 657 tempore
1054 597 1226 639 tabellae
1247 597 1301 638 de
1328 612 1453 639 muro
1474 606 1573 640 sunt
1593 598 1666 641 de-

185 656 323 713 jectae,
343 657 385 699 in
406 656 567 713 quibus
586 656 796 713 scriptum
817 664 882 698 est
919 657 1164 699 inventum:
1210 663 1239 681 “
1265 655 1315 696 L.
1342 655 1553 697 Minatius
1575 657 1666 699 Cae-

191 722 222 740 ‘⁶
245 715 343 757 sari.
381 715 429 757 Si
447 713 549 756 mihi
567 714 705 756 vitam
725 715 906 764 tribues,
929 715 1135 772 quoniam
1157 714 1214 757 ab
1237 714 1319 756 Cn.
1344 713 1552 772 Pompeio
1573 731 1666 758 sum

191 779 221 799 “
244 772 455 822 desertus,
478 773 651 830 qualem
674 789 740 814 me
762 773 825 814 illi
848 773 1048 831 praestiti,
1077 773 1154 815 tali
1176 773 1341 815 virtute
1363 780 1407 813 et
1428 772 1670 815 constantia.

189 835 216 857 “
239 831 439 874 futurum
461 848 527 874 me
551 832 593 874 in
611 840 652 873 te
672 833 932 889 p1·aestabo.''
954 833 1116 875 Eodem
1133 841 1329 889 tempore
1345 830 1668 889 oppidanorum

188 890 338 948 legati,
359 891 433 949 qui
455 900 582 933 antea
602 891 810 940 exierant,
835 891 1046 934 Caesarem
1067 889 1287 938 adierunt,
1321 897 1349 915 ‘¹¹
1375 889 1408 931 si
1430 889 1512 931 sibi
1534 889 1668 932 vitam

191 954 218 974 ‘⁶
242 950 510 998 concederet,
544 966 631 991 sese
670 949 909 1006 insequenti
937 949 1008 992 die
1037 948 1249 1008 oppidum
1277 964 1366 990 esse
1397 946 1672 990 dedituros.’'

192 1007 364 1057 Quibus
405 1024 471 1050 res
507 1008 643 1057 ondit,
698 1015 727 1033 ‘⁶
761 1025 803 1050 se
843 1009 1054 1051 Caesarem
1097 1024 1185 1049 esse
1232 1006 1449 1064 fidemque
1496 1015 1674 1065 praesta-

189 1072 219 1092 “
241 1070 437 1109 turum.”
495 1075 553 1115 ta,
574 1076 674 1108 ante
692 1067 805 1109 diem
821 1067 899 1109 XI.
922 1065 1102 1109 Kalend.
1126 1065 1281 1108 Martii
1302 1065 1466 1124 oppido
1485 1065 1671 1123 potitus,

189 1124 253 1167 Im
288 1135 433 1168 erator
450 1134 514 1167 est
534 1124 794 1183 adpellatus.

246 1191 255 1202 ⁹
275 1184 318 1226 Ο.
354 1183 485 1233 Quod
510 1183 741 1241 Pompeius
760 1200 812 1225 ex
833 1183 1029 1242 perfugis
1059 1200 1193 1241 quum
1222 1183 1484 1226 deditionem
1515 1180 1671 1241 oppidi

191 1242 350 1289 factam
370 1259 458 1284 esse
481 1243 641 1292 scisset,
663 1253 802 1284 castra
818 1242 953 1284 movit
976 1243 1169 1285 Ucubim
1184 1259 1349 1291 versus,
1371 1251 1416 1284 et
1437 1242 1599 1285 circum
1618 1256 1670 1284 ea

190 1301 281 1344 loca
314 1300 491 1344 castella
523 1300 735 1359 disposuit
766 1311 811 1343 et
841 1301 1154 1343 munitionibus
1185 1318 1226 1344 se
1266 1301 1486 1344 continere
1517 1299 1668 1358 coepit.

191 1360 335 1403 Caesar
364 1359 499 1402 movit
518 1369 562 1401 et
584 1359 765 1417 propius
785 1369 926 1402 castra
947 1360 1097 1402 castris
1113 1360 1315 1403 contulit.
1377 1359 1542 1402 Eodem
1564 1367 1670 1400 tem-

222 1435 296 1462 ore
318 1434 439 1460 mane
461 1418 666 1460 loricatus
694 1433 804 1460 unus
835 1434 888 1460 ex
910 1418 1080 1477 legione
1110 1418 1341 1461 vernacula
1360 1418 1415 1460 ad
1435 1434 1512 1460 nos
1533 1425 1670 1460 trans-

188 1434 303 1536 fugit
332 1487 377 1520 et
409 1477 645 1526 nunciavit,
679 1476 933 1534 Pompeium
967 1477 1204 1536 oppidanos
1232 1477 1487 1520 Ucubenses
1517 1490 1671 1519 convo-

190 1552 306 1579 casse
343 1536 490 1593 eisque
522 1536 582 1577 ita
619 1536 910 1594 imperavisse,
950 1544 1014 1586 ut,
1051 1535 1277 1593 diligentia
1318 1534 1530 1584 adhibita,
1573 1549 1671 1592 per-

189 1595 430 1652 quirerent,
449 1595 526 1651 qui
548 1602 687 1636 essent
706 1609 879 1636 suarum
902 1595 1091 1652 partium
1115 1594 1306 1651 itemque
1326 1593 1672 1636 adversariorum

190 1654 384 1697 victoriae
406 1654 608 1695 fautores.
676 1653 773 1695 Hoc
796 1653 1021 1711 praeterito
1040 1661 1252 1710 tempore,
1285 1652 1327 1693 in
1349 1651 1529 1710 oppido,
1551 1651 1671 1710 quod

189 1713 274 1755 fuit
295 1722 488 1771 captum,
504 1727 653 1753 servus
673 1720 737 1754 est
759 1711 994 1769 prehensus
1008 1711 1049 1753 in
1066 1711 1282 1759 cuniculo,
1301 1726 1430 1767 quem
1453 1727 1585 1769 supra
1601 1711 1673 1754 de-

191 1771 540 1821 monstravimus,
563 1771 786 1813 dominum
804 1769 1048 1827 jugulasse:
1098 1770 1131 1811 is
1161 1770 1286 1812 vivus
1306 1778 1371 1811 est
1400 1769 1669 1827 combustus.

194 1830 403 1888 Idemque
440 1829 652 1888 temporis
693 1829 980 1871 Centuriones
1022 1829 1190 1871 loricati
1228 1838 1327 1871 octo
1362 1827 1416 1870 ad
1457 1829 1671 1871 Caesarem

190 1890 519 1947 transfugerunt
536 1904 588 1931 ex
606 1888 776 1946 legione
797 1887 1045 1937 vernacula,
1074 1897 1117 1930 et
1135 1887 1303 1945 equites
1324 1887 1461 1930 nostri
1478 1903 1577 1930 cum
1597 1886 1672 1929 ad-

244 2032 283 2062 Ut
299 2033 516 2072 superiorem.
550 2030 614 2061 An.
630 2034 665 2059 ut
679 2028 817 2065 eam,de
831 2038 897 2068 qua

195 2081 270 2106 ante
285 2074 414 2105 dictum
431 2074 504 2104 ost?
537 2073 603 2104 Sed
618 2083 656 2103 ca
673 2082 739 2102 non
759 2071 896 2103 incensa

194 2124 257 2151 est.
303 2118 381 2156 Quo
400 2128 497 2149 sensu
523 2117 626 2159 igitur
639 2118 790 2158 superior
812 2115 900 2147 dici-

267 2163 278 2182 >

197 2163 487 2245 ωιὲῆιτέἳατηὶϋα.
535 2205 616 2245 Leg.
639 2203 791 2245 famula,
815 2202 898 2244 quia

196 2249 229 2282 in
248 2250 319 2281 Jul.
333 2249 436 2281 Celso
454 2261 486 2290 p.
501 2251 577 2280 241.
593 2254 655 2286 est,
669 2259 743 2279 cum
759 2249 898 2279 ancilla.

196 2294 332 2326 Monuit
359 2293 531 2325 Davisius.
564 2294 613 2324 M.
660 2292 822 2323 Phaedrus
851 2298 900 2322 ta-

196 2349 272 2369 men
288 2338 390 2370 etiam
406 2337 572 2369 familiam
589 2337 630 2367 de
654 2346 721 2367 uno
739 2345 848 2374 servo,
866 2337 897 2374 3,

241 2427 418 2458 Minatiux.
473 2425 573 2456 Hunc
599 2424 786 2466 Pompeius
813 2433 898 2464 prae-

197 2467 320 2502 secetat‘
343 2468 462 2500 urbico
487 2468 657 2510 praesidio.
706 2468 774 2500 Dio
802 2467 896 2498 Cass.

198 2516 251 2552 43,
269 2516 322 2545 33.
347 2513 432 2544 Add.
451 2512 563 2544 Valer.
579 2513 672 2544 Max.
692 2516 725 2551 9,
739 2516 771 2550 2,
787 2514 818 2542 4.
835 2510 895 2542 ubi

196 2558 298 2599 culpa
323 2555 434 2588 omnis
458 2567 535 2596 erga
562 2557 724 2597 Ateguam
751 2554 897 2587 crudeli-

197 2601 287 2639 tatis,
312 2602 409 2643 cujus
430 2600 585 2642 exempla
610 2601 755 2642 scriptor
783 2604 895 2630 noster

196 2645 359 2677 hactenus
389 2643 514 2685 passim
543 2645 714 2685 exposuit,
743 2643 776 2674 in
807 2643 894 2673 hunc

196 2689 379 2721 Minatium
395 2689 553 2719 Flaccum
570 2688 754 2719 confertur.
808 2686 895 2718 Aliis

194 2734 278 2766 falso
302 2734 478 2764 Minurius.
503 2732 551 2763 M.
594 2731 681 2763 Aliis
705 2732 894 2762 Munatius.

195 2779 259 2810 Sed
276 2789 307 2809 v.
324 2775 494 2808 Perizonii
514 2775 694 2816 epistolam
712 2775 747 2807 in
763 2774 894 2816 Sylloge

196 2820 382 2854 Burmanni
398 2826 422 2851 t.
440 2824 469 2851 4.
487 2831 520 2861 p.
537 2822 613 2851 788.

245 2867 276 2899 T
276 2867 394 2898 ribues.
432 2863 487 2896 Sic
502 2863 602 2896 codd.
628 2862 740 2905 Vulgo
755 2863 881 2896 tribuis.

1012 2029 1192 2060 Futurum.
1217 2033 1351 2069 poterat
1363 2028 1494 2060 abesse.
1507 2028 1558 2059 M.
1582 2026 1667 2060 Vul-

965 2082 1009 2113 go
1025 2071 1158 2102 additur
1173 2082 1250 2103 esse.

1011 2117 1274 2147 Praestaeurum.
1318 2115 1373 2147 Sic
1403 2117 1501 2148 codd.
1523 2121 1558 2148 et
1588 2116 1666 2148 edd.

965 2166 1033 2189 vet.
1081 2159 1194 2201 Vulgo
1205 2162 1448 2202 pree-sciturum.
1495 2160 1667 2203 Aliiprae-

964 2204 1120 2235 biturum.
1581 2221 1584 2224 ·

1009 2248 1210 2289 Imperator.
1235 2247 1302 2279 vid.
1319 2248 1361 2278 ad
1377 2248 1416 2279 B.
1435 2247 1474 2279 C.
1490 2251 1522 2286 2,
1535 2249 1590 2278 26.
1614 2249 1665 2280 M.

1011 2292 1107 2325 Quod
1139 2293 1258 2333 Pomp.
1312 2292 1438 2333 Vulgo,
1470 2293 1516 2323 Et
1546 2293 1666 2333 Pomp.

964 2335 1027 2366 Sed
1053 2335 1141 2376 quod
1169 2341 1232 2373 est,
1254 2339 1290 2367 in
1312 2347 1390 2377 qun,
1415 2346 1484 2377 qua
1504 2337 1537 2367 in
1558 2347 1606 2373 re,
1630 2340 1667 2366 et

964 2378 1106 2410 nectitur
1131 2390 1209 2410 cum
1238 2379 1297 2411 ino
1321 2390 1439 2422 quum,
1464 2384 1500 2410 ut
1521 2380 1666 2421 quodsi,

964 2423 1053 2464 quod
1070 2425 1143 2454 nisi.
1159 2434 1194 2454 v.
1211 2424 1280 2455 lnd.
1305 2424 1356 2455 M.

1007 2467 1052 2498 Et
1066 2469 1192 2500 circum
1208 2479 1248 2500 ea
1263 2469 1286 2499 ί.
1329 2467 1384 2499 Sic
1408 2468 1508 2499 codd.
1548 2465 1660 2509 Vulgo

958 2510 1045 2541 male
1059 2512 1127 2543 secl.

1007 2555 1063 2586 Ita
1077 2557 1302 2597 imperat-isse.
1348 2554 1403 2586 Sic
1419 2555 1519 2586 codd.
1533 2560 1565 2586 et
1582 2555 1659 2586 edd.

956 2603 1024 2629 vet.

1008 2644 1082 2674 Hoc
1094 2648 1191 2685 proet.
1206 2648 1307 2684 temp.
1341 2642 1396 2674 Sic
1410 2648 1444 2674 et
1460 2653 1490 2674 c.
1510 2644 1543 2673 ll
1561 2647 1596 2674 et
1610 2644 1662 2681 14,

960 2691 994 2717 et
1009 2697 1087 2718 mox
1103 2690 1157 2717 2¹2.

1010 2732 1054 2762 In
1082 2742 1157 2772 opp.
1190 2731 1278 2772 quod
1297 2730 1365 2771 suit
1394 2736 1542 2771 captum.

964 2775 1110 2816 Ategua,
1131 2785 1235 2815 quam
1250 2774 1393 2816 scriptor
1405 2774 1450 2806 ab
1466 2774 1578 2807 Ucubi
1593 2774 1663 2813 dis·

963 2818 1054 2850 cerni
1082 2819 1265 2849 vult.-·-
1288 2819 1340 2850 De
1366 2829 1462 2852 servo
1491 2823 1560 2852 erat
1581 2829 1659 2862 cap.

965 2864 1015 2894 15.
1035 2865 1086 2895 16.
1108 2862 1160 2894 M.

1602 2730 1662 2762 Est
