1961 3230
624 137 1048 182 COMPARATIO
1089 138 1516 184 EPOCHARUM.
1712 155 1798 183 xxv

320 261 368 300 A.
400 261 447 302 U.
478 262 660 302 Julianus
681 263 828 302 DCCX
852 265 960 317 (ante
981 265 1025 304 C.
1048 266 1135 318 44.)

372 457 423 496 Ei
444 458 501 495 M.
522 458 723 498 Antonius
744 461 852 511 Mag.
886 460 958 512 Eq.
980 461 1134 511 Luper-

426 513 574 552 calibus
591 514 773 552 diadema
791 514 910 553 offert

450 567 538 599 Vell.
556 573 586 606 2,
602 570 645 598 56

374 665 470 703 urbe
491 664 602 703 exire
622 673 737 716 parat

373 771 414 811 in
433 772 582 858 Sgnatu
596 774 798 814 confossus
817 773 920 826 perit
1200 770 1301 812 Idib.
1324 771 1483 813 Martiis

482 827 529 867 io,
545 830 598 866 44,
616 830 653 860 19

318 1054 399 1095 Sed
438 1063 477 1095 et
515 1056 663 1096 Gallici
700 1057 809 1103 belli,
848 1072 872 1096 a
909 1057 1073 1098 Caesare
1116 1057 1395 1105 administrati,
1438 1065 1660 1111 temporum
1697 1057 1801 1099 ratio

368 1128 504 1180 paucis
535 1129 746 1169 indicanda
772 1129 943 1169 videtur.
1001 1130 1166 1170 Scilicet
1195 1131 1369 1171 Galliam
1398 1130 1645 1183 provinciam
1673 1128 1726 1168 A.
1747 1129 1797 1169 U.

370 1199 561 1239 DCXCV
582 1200 691 1254 (ante
711 1202 756 1239 C.
780 1200 850 1255 59)
873 1202 947 1240 sibi
968 1202 1133 1242 Consuli
1154 1206 1354 1243 decretam
1373 1202 1558 1250 obtinuit,
1577 1202 1798 1253 iterumque

370 1271 445 1310 sibi
464 1272 648 1324 deinceps
668 1280 924 1325 prorogatam
944 1275 992 1312 ab
1012 1274 1065 1314 A.
1084 1275 1134 1314 U.
1166 1275 1376 1314 DCXCVI
1405 1289 1478 1326 per
1504 1288 1648 1315 novem
1676 1286 1799 1313 annos

376 1343 492 1389 rexit,
513 1344 680 1383 testibus
701 1344 892 1383 Suetonio
913 1359 945 1383 c.
966 1351 1019 1383 22
1044 1354 1084 1385 et
1101 1351 1153 1385 25
1174 1346 1305 1386 Dione
1325 1346 1479 1394 Cassio,
1499 1347 1544 1386 L.
1566 1353 1630 1387 38.
1661 1345 1798 1399 Itaque

695 1468 746 1507 A.
779 1469 828 1507 U.
863 1470 1073 1509 Dexovi
1104 1471 1214 1523 (ante
1236 1470 1282 1509 o,
1314 1469 1400 1522 58).

666 1582 697 1603 1..
724 1581 941 1604 CALPURMO
966 1582 1100 1606 PISONE
1125 1584 1161 1605 A.
1186 1582 1343 1605 GABINIO
1367 1582 1467 1605 COSS-

318 1647 477 1687 Bellum
496 1658 655 1701 gestum
675 1663 762 1688 curn
782 1649 980 1690 Helvetiis
999 1657 1039 1690 et
1056 1650 1277 1690 Ariovisto.
1319 1650 1363 1687 L.
1389 1653 1424 1686 1.

700 1774 751 1812 A.
782 1773 832 1814 U.
864 1775 1093 1814 DCXCVII
1123 1777 1234 1829 (ante
1255 1776 1301 1814 C.
1333 1777 1412 1822 57).

433 1882 464 1905 P.
492 1881 680 1905 CORNELIO
708 1882 881 1905 LENTULO
905 1883 1118 1907 SPINTHERE
1141 1885 1176 1911 Q.
1201 1883 1363 1908 CAECILIO
1387 1883 1565 1907 METELLO
1588 1882 1689 1906 COSS.

325 1953 468 2006 Belgae
490 1953 638 1993 domiti.
669 1953 714 1991 P.
730 1953 865 1992 Crassi
885 1954 926 1992 in
944 1954 1176 1995 Armeniam
1197 1955 1396 2007 expeditio
1414 1960 1608 2006 suscepta.
1638 1954 1683 1993 L.
1703 1959 1743 1992 2.

711 2082 764 2122 A.
796 2081 847 2119 U.
879 2080 1132 2120 DCXCVIII
1163 2080 1274 2133 (ante
1295 2080 1341 2119 C.
1363 2079 1445 2133 56).

375 2175 379 2177 ⁵
406 2181 464 2203 CN·
491 2182 676 2206 CORNELIO
703 2184 874 2207 LENTULO
899 2184 1146 2207 MARCELLINO
1173 2183 1205 2206 1..
1228 2183 1377 2208 MARCIO
1400 2183 1575 2208 PHILIPPO
1600 2184 1700 2207 COSS.

319 2249 477 2289 Bellum
495 2258 654 2301 gestum
672 2251 715 2290 in
735 2251 909 2305 Alpinis,
927 2251 1110 2301 Venetis,
1134 2250 1302 2297 Unellis,
1319 2242 1550 2304 Aquitanis,
1569 2250 1737 2297 Morinis
1756 2257 1798 2293 et

365 2322 574 2376 Menapiis.
621 2325 667 2363 L.
689 2329 727 2363 3.

711 2454 763 2494 A.
795 2454 844 2495 U.
876 2452 1090 2493 DCXCIX
1118 2454 1225 2503 (ante
1245 2451 1292 2491 C.
1313 2452 1400 2506 55).

513 2568 572 2593 CN.
597 2569 763 2595 POMPEIO
787 2570 916 2595 MAGNO
942 2570 986 2595 11.
1031 2570 1071 2594 M.
1098 2569 1245 2595 LICINIO
1269 2569 1410 2593 CRAsso
1434 2567 1478 2593 11.
1510 2567 1609 2592 COSS.

316 2627 476 2671 Bellum
495 2632 705 2689 Usipetum
724 2645 763 2679 et
782 2639 1135 2678 Tenchtherorum.
1203 2636 1377 2678 Caesaris
1405 2635 1596 2677 transitus
1625 2633 1668 2677 in
1690 2634 1796 2678 Ger-

371 2703 561 2755 maniam,
603 2709 685 2762 ejus
733 2711 922 2764 trajectus
968 2710 1011 2750 in
1055 2709 1322 2751 Britanniam.
1395 2708 1554 2750 Bellum
1581 2722 1718 2751 rursus
1756 2710 1798 2753 in

373 2779 542 2821 Morinis
562 2790 602 2824 et
620 2782 829 2836 Menapiis.
878 2783 925 2824 L.
945 2786 985 2824 4.
