<?xml version="1.0" encoding="UTF-8"?>
<!DOCTYPE html PUBLIC "-//W3C//DTD XHTML 1.0 Transitional//EN"
    "http://www.w3.org/TR/xhtml1/DTD/xhtml1-transitional.dtd">
<html xmlns="http://www.w3.org/1999/xhtml" xml:lang="en" lang="en">
 <head>
  <title>
</title>
<meta http-equiv="Content-Type" content="text/html;charset=utf-8" />
  <meta name='ocr-system' content='tesseract 3.04.00' />
  <meta name='ocr-capabilities' content='ocr_page ocr_carea ocr_par ocr_line ocrx_word'/>
</head>
<body>
  <div class='ocr_page' id='page_1' title='image "./commentariidebel00caesuoft_0629.png"; bbox 0 0 1946 3261; ppageno 0'>
   <div class='ocr_carea' id='block_1_1' title="bbox 703 209 1657 257">
    <p class='ocr_par' dir='ltr' id='par_1_1' title="bbox 703 209 1657 257">
     <span class='ocr_line' id='line_1_1' title="bbox 703 209 1657 257; baseline 0.002 -3"><span class='ocrx_word' id='word_1_1' title='bbox 703 209 1119 256; x_wconf 84' lang='lat' dir='ltr'><strong>FRAGMENTA.</strong></span> <span class='ocrx_word' id='word_1_2' title='bbox 1576 212 1657 257; x_wconf 83' lang='lat'>589</span> 
     </span>
    </p>
   </div>
   <div class='ocr_carea' id='block_1_2' title="bbox 175 332 1659 441">
    <p class='ocr_par' dir='ltr' id='par_1_2' title="bbox 175 332 1659 441">
     <span class='ocr_line' id='line_1_2' title="bbox 175 332 1659 389; baseline 0.004 -11"><span class='ocrx_word' id='word_1_3' title='bbox 175 333 294 378; x_wconf 89' lang='lat' dir='ltr'>bitur</span> <span class='ocrx_word' id='word_1_4' title='bbox 316 332 407 378; x_wconf 76' lang='lat' dir='ltr'>Pro</span> <span class='ocrx_word' id='word_1_5' title='bbox 430 335 594 389; x_wconf 72' lang='lat' dir='ltr'>Sardz&#39;S,</span> <span class='ocrx_word' id='word_1_6' title='bbox 625 336 681 380; x_wconf 87' lang='lat' dir='ltr'>ad</span> <span class='ocrx_word' id='word_1_7' title='bbox 702 339 887 382; x_wconf 87' lang='lat' dir='ltr'>verbum</span> <span class='ocrx_word' id='word_1_8' title='bbox 915 338 1124 383; x_wconf 87' lang='lat' dir='ltr'>nonnulla</span> <span class='ocrx_word' id='word_1_9' title='bbox 1153 336 1376 381; x_wconf 82' lang='lat' dir='ltr'>transtulit</span> <span class='ocrx_word' id='word_1_10' title='bbox 1408 337 1452 382; x_wconf 89' lang='lat' dir='ltr'>in</span> <span class='ocrx_word' id='word_1_11' title='bbox 1472 337 1659 384; x_wconf 78' lang='lat' dir='ltr'>Divina-</span> 
     </span>
     <span class='ocr_line' id='line_1_3' title="bbox 175 393 840 441; baseline 0.009 -6"><span class='ocrx_word' id='word_1_12' title='bbox 175 393 338 438; x_wconf 70' lang='lat' dir='ltr'>tionem</span> <span class='ocrx_word' id='word_1_13' title='bbox 357 396 675 441; x_wconf 70' lang='lat' dir='ltr'>suam—Suet.</span> <span class='ocrx_word' id='word_1_14' title='bbox 709 412 743 441; x_wconf 76' lang='grc' dir='ltr'>ο.</span> <span class='ocrx_word' id='word_1_15' title='bbox 768 398 840 441; x_wconf 87' lang='lat'>55.</span> 
     </span>
    </p>
   </div>
   <div class='ocr_carea' id='block_1_3' title="bbox 678 554 1164 600">
    <p class='ocr_par' dir='ltr' id='par_1_3' title="bbox 678 554 1164 600">
     <span class='ocr_line' id='line_1_4' title="bbox 678 554 1164 600; baseline -0.002 0"><span class='ocrx_word' id='word_1_16' title='bbox 678 554 1164 600; x_wconf 86' lang='lat' dir='ltr'>ASTRONOMICA.</span> 
     </span>
    </p>
   </div>
   <div class='ocr_carea' id='block_1_4' title="bbox 174 655 1664 872">
    <p class='ocr_par' dir='ltr' id='par_1_4' title="bbox 174 655 1664 872">
     <span class='ocr_line' id='line_1_5' title="bbox 179 655 1661 714; baseline 0.004 -16"><span class='ocrx_word' id='word_1_17' title='bbox 179 655 224 698; x_wconf 94' lang='lat' dir='ltr'>N</span> <span class='ocrx_word' id='word_1_18' title='bbox 231 670 292 698; x_wconf 79' lang='lat' dir='ltr'>AM</span> <span class='ocrx_word' id='word_1_19' title='bbox 326 657 473 699; x_wconf 87' lang='lat' dir='ltr'><strong>Julius</strong></span> <span class='ocrx_word' id='word_1_20' title='bbox 505 657 648 700; x_wconf 80' lang='lat' dir='ltr'>Caesar</span> <span class='ocrx_word' id='word_1_21' title='bbox 686 666 737 699; x_wconf 87' lang='lat' dir='ltr'>ut</span> <span class='ocrx_word' id='word_1_22' title='bbox 777 656 979 699; x_wconf 74' lang='lat' dir='ltr'>Siderum</span> <span class='ocrx_word' id='word_1_23' title='bbox 1010 664 1167 706; x_wconf 54' lang='lat' dir='ltr'>motu&amp;</span> <span class='ocrx_word' id='word_1_24' title='bbox 1204 656 1259 699; x_wconf 86' lang='lat' dir='ltr'>de</span> <span class='ocrx_word' id='word_1_25' title='bbox 1290 658 1448 714; x_wconf 89' lang='lat' dir='ltr'>quibus</span> <span class='ocrx_word' id='word_1_26' title='bbox 1479 675 1562 703; x_wconf 88' lang='lat' dir='ltr'>non</span> <span class='ocrx_word' id='word_1_27' title='bbox 1600 661 1661 705; x_wconf 86' lang='lat' dir='ltr'>in-</span> 
     </span>
     <span class='ocr_line' id='line_1_6' title="bbox 175 714 1661 773; baseline 0.004 -16"><span class='ocrx_word' id='word_1_28' title='bbox 175 714 324 757; x_wconf 82' lang='lat' dir='ltr'>doctos</span> <span class='ocrx_word' id='word_1_29' title='bbox 341 715 477 758; x_wconf 90' lang='lat' dir='ltr'>libros</span> <span class='ocrx_word' id='word_1_30' title='bbox 499 716 694 773; x_wconf 88' lang='lat' dir='ltr'>reliquit,</span> <span class='ocrx_word' id='word_1_31' title='bbox 713 715 770 758; x_wconf 90' lang='lat' dir='ltr'>ab</span> <span class='ocrx_word' id='word_1_32' title='bbox 789 716 1026 773; x_wconf 68' lang='lat' dir='ltr'>AEgypffiis,</span> <span class='ocrx_word' id='word_1_33' title='bbox 1049 714 1284 773; x_wconf 86' lang='lat' dir='ltr'>disciplinis</span> <span class='ocrx_word' id='word_1_34' title='bbox 1304 716 1467 759; x_wconf 82' lang='lat' dir='ltr'>hausit:</span> <span class='ocrx_word' id='word_1_35' title='bbox 1503 719 1562 760; x_wconf 89' lang='lat' dir='ltr'>ita</span> <span class='ocrx_word' id='word_1_36' title='bbox 1580 720 1661 763; x_wconf 91' lang='lat' dir='ltr'>hoc</span> 
     </span>
     <span class='ocr_line' id='line_1_7' title="bbox 174 774 1664 872; baseline 0.004 -57"><span class='ocrx_word' id='word_1_37' title='bbox 174 788 348 872; x_wconf 52' lang='lat' dir='ltr'>guoque</span> <span class='ocrx_word' id='word_1_38' title='bbox 370 790 422 816; x_wconf 81' lang='lat' dir='ltr'>ex</span> <span class='ocrx_word' id='word_1_39' title='bbox 438 775 584 817; x_wconf 87' lang='lat' dir='ltr'>eadem</span> <span class='ocrx_word' id='word_1_40' title='bbox 604 774 877 817; x_wconf 85' lang='lat' dir='ltr'>institutione</span> <span class='ocrx_word' id='word_1_41' title='bbox 895 783 1116 816; x_wconf 86' lang='lat' dir='ltr'>mutuatus</span> <span class='ocrx_word' id='word_1_42' title='bbox 1134 783 1214 824; x_wconf 87' lang='lat' dir='ltr'>est,</span> <span class='ocrx_word' id='word_1_43' title='bbox 1236 784 1286 818; x_wconf 92' lang='lat' dir='ltr'>ut</span> <span class='ocrx_word' id='word_1_44' title='bbox 1305 775 1360 818; x_wconf 89' lang='lat' dir='ltr'>ad</span> <span class='ocrx_word' id='word_1_45' title='bbox 1376 776 1474 819; x_wconf 88' lang='lat' dir='ltr'>solis</span> <span class='ocrx_word' id='word_1_46' title='bbox 1491 793 1664 822; x_wconf 87' lang='lat' dir='ltr'>cursum</span> 
     </span>
    </p>
   </div>
   <div class='ocr_carea' id='block_1_5' title="bbox 179 832 1660 948">
    <p class='ocr_par' dir='ltr' id='par_1_5' title="bbox 179 832 1660 948">
     <span class='ocr_line' id='line_1_8' title="bbox 191 832 1660 948; baseline 0.004 -74"><span class='ocrx_word' id='word_1_47' title='bbox 191 832 351 948; x_wconf 55' lang='lat' dir='ltr'>J‘liendi</span> <span class='ocrx_word' id='word_1_48' title='bbox 392 834 491 934; x_wconf 50' lang='lat' dir='ltr'>{ulmi</span> <span class='ocrx_word' id='word_1_49' title='bbox 520 842 704 892; x_wconf 84' lang='lat' dir='ltr'>&#39;tempus</span> <span class='ocrx_word' id='word_1_50' title='bbox 740 832 1270 877; x_wconf 77' lang='lat' dir='ltr'>extenderet.—Macrob.</span> <span class='ocrx_word' id='word_1_51' title='bbox 1300 834 1478 878; x_wconf 71' lang='lat' dir='ltr'>saturn.</span> <span class='ocrx_word' id='word_1_52' title='bbox 1514 836 1553 887; x_wconf 90' lang='lat' dir='ltr'>l,</span> <span class='ocrx_word' id='word_1_53' title='bbox 1595 837 1660 880; x_wconf 73' lang='lat'>16.</span> 
     </span>
     <span class='ocr_line' id='line_1_9' title="bbox 179 897 455 935; baseline 0.007 -5"><span class='ocrx_word' id='word_1_54' title='bbox 179 903 200 930; x_wconf 82' lang='lat' dir='ltr'>c</span> <span class='ocrx_word' id='word_1_55' title='bbox 229 925 238 933; x_wconf 93' lang='lat'>.</span> <span class='ocrx_word' id='word_1_56' title='bbox 264 897 306 933; x_wconf 80' lang='lat' dir='ltr'>et</span> <span class='ocrx_word' id='word_1_57' title='bbox 329 906 363 935; x_wconf 82' lang='lat' dir='ltr'>c.</span> <span class='ocrx_word' id='word_1_58' title='bbox 424 901 455 932; x_wconf 76' lang='lat'>‘.</span> 
     </span>
    </p>
   </div>
   <div class='ocr_carea' id='block_1_6' title="bbox 175 1009 1665 1188">
    <p class='ocr_par' dir='ltr' id='par_1_6' title="bbox 175 1009 1665 1188">
     <span class='ocr_line' id='line_1_10' title="bbox 237 1009 1663 1070; baseline 0.004 -18"><span class='ocrx_word' id='word_1_59' title='bbox 237 1009 346 1053; x_wconf 80' lang='lat' dir='ltr'>Tres</span> <span class='ocrx_word' id='word_1_60' title='bbox 371 1020 517 1054; x_wconf 87' lang='lat' dir='ltr'>autem</span> <span class='ocrx_word' id='word_1_61' title='bbox 547 1012 667 1054; x_wconf 83' lang='lat' dir='ltr'>fuere</span> <span class='ocrx_word' id='word_1_62' title='bbox 697 1021 840 1063; x_wconf 55' lang='lat' dir='ltr'>sectae,</span> <span class='ocrx_word' id='word_1_63' title='bbox 873 1010 1093 1060; x_wconf 78' lang='lat' dir='ltr'>Chaldaea,</span> <span class='ocrx_word' id='word_1_64' title='bbox 1127 1010 1358 1070; x_wconf 68' lang='lat' dir='ltr'>AEgypffla,</span> <span class='ocrx_word' id='word_1_65' title='bbox 1392 1013 1564 1056; x_wconf 84' lang='lat' dir='ltr'>Graeca:</span> <span class='ocrx_word' id='word_1_66' title='bbox 1600 1013 1663 1057; x_wconf 88' lang='lat' dir='ltr'>his</span> 
     </span>
     <span class='ocr_line' id='line_1_11' title="bbox 176 1067 1665 1128; baseline 0.004 -18"><span class='ocrx_word' id='word_1_67' title='bbox 176 1067 300 1111; x_wconf 85' lang='lat' dir='ltr'>addit</span> <span class='ocrx_word' id='word_1_68' title='bbox 326 1086 349 1112; x_wconf 90' lang='lat' dir='ltr'>a</span> <span class='ocrx_word' id='word_1_69' title='bbox 388 1071 446 1113; x_wconf 89' lang='lat' dir='ltr'>ud</span> <span class='ocrx_word' id='word_1_70' title='bbox 468 1086 543 1114; x_wconf 93' lang='lat' dir='ltr'>nos</span> <span class='ocrx_word' id='word_1_71' title='bbox 569 1080 771 1128; x_wconf 83' lang='lat' dir='ltr'>quartam</span> <span class='ocrx_word' id='word_1_72' title='bbox 797 1072 941 1114; x_wconf 81' lang='lat' dir='ltr'>Caesar</span> <span class='ocrx_word' id='word_1_73' title='bbox 964 1071 1184 1119; x_wconf 84' lang='lat' dir='ltr'>Dictator,</span> <span class='ocrx_word' id='word_1_74' title='bbox 1216 1086 1347 1113; x_wconf 84' lang='lat' dir='ltr'>annos</span> <span class='ocrx_word' id='word_1_75' title='bbox 1374 1072 1428 1114; x_wconf 89' lang='lat' dir='ltr'>ad</span> <span class='ocrx_word' id='word_1_76' title='bbox 1448 1073 1546 1115; x_wconf 84' lang='lat' dir='ltr'>solis</span> <span class='ocrx_word' id='word_1_77' title='bbox 1568 1089 1665 1116; x_wconf 90' lang='lat' dir='ltr'>cur-</span> 
     </span>
     <span class='ocr_line' id='line_1_12' title="bbox 175 1086 1665 1188; baseline 0.004 -20"><span class='ocrx_word' id='word_1_78' title='bbox 175 1143 272 1170; x_wconf 89' lang='lat' dir='ltr'>sum</span> <span class='ocrx_word' id='word_1_79' title='bbox 292 1086 489 1188; x_wconf 63' lang='lat' dir='ltr'>redigens</span> <span class='ocrx_word' id='word_1_80' title='bbox 508 1130 715 1188; x_wconf 82' lang='lat' dir='ltr'>singulos,</span> <span class='ocrx_word' id='word_1_81' title='bbox 742 1130 818 1188; x_wconf 89' lang='lat' dir='ltr'>qui</span> <span class='ocrx_word' id='word_1_82' title='bbox 842 1130 961 1188; x_wconf 86' lang='lat' dir='ltr'>prius</span> <span class='ocrx_word' id='word_1_83' title='bbox 984 1129 1422 1174; x_wconf 65' lang='lat' dir='ltr'>antecedebat.—-Eoe</span> <span class='ocrx_word' id='word_1_84' title='bbox 1442 1131 1565 1176; x_wconf 52' lang='lat' dir='ltr'>Pl‘c&#39;n.</span> <span class='ocrx_word' id='word_1_85' title='bbox 1597 1133 1665 1184; x_wconf 80' lang='lat'>18,</span> 
     </span>
    </p>
   </div>
   <div class='ocr_carea' id='block_1_7' title="bbox 179 1186 365 1245">
    <p class='ocr_par' dir='ltr' id='par_1_7' title="bbox 179 1186 365 1245">
     <span class='ocr_line' id='line_1_13' title="bbox 179 1186 365 1245; baseline 0.005 -18"><span class='ocrx_word' id='word_1_86' title='bbox 179 1186 235 1229; x_wconf 79' lang='lat'>25</span> <span class='ocrx_word' id='word_1_87' title='bbox 257 1188 365 1245; x_wconf 84' lang='lat'>(57).</span> 
     </span>
    </p>
   </div>
   <div class='ocr_carea' id='block_1_8' title="bbox 173 1305 1671 2424">
    <p class='ocr_par' dir='ltr' id='par_1_8' title="bbox 173 1305 1671 2424">
     <span class='ocr_line' id='line_1_14' title="bbox 240 1305 1665 1364; baseline 0.003 -17"><span class='ocrx_word' id='word_1_88' title='bbox 240 1305 279 1347; x_wconf 94' lang='lat' dir='ltr'>A</span> <span class='ocrx_word' id='word_1_89' title='bbox 306 1305 470 1349; x_wconf 81' lang='lat' dir='ltr'><strong>Bruma</strong></span> <span class='ocrx_word' id='word_1_90' title='bbox 502 1307 544 1349; x_wconf 86' lang='lat' dir='ltr'>in</span> <span class='ocrx_word' id='word_1_91' title='bbox 573 1306 812 1350; x_wconf 89' lang='lat' dir='ltr'>Favonium</span> <span class='ocrx_word' id='word_1_92' title='bbox 845 1306 1002 1349; x_wconf 79' lang='lat' dir='ltr'>Caesari</span> <span class='ocrx_word' id='word_1_93' title='bbox 1034 1306 1196 1348; x_wconf 83' lang='lat' dir='ltr'>nobilia</span> <span class='ocrx_word' id='word_1_94' title='bbox 1225 1305 1366 1348; x_wconf 84' lang='lat' dir='ltr'>sidera</span> <span class='ocrx_word' id='word_1_95' title='bbox 1399 1307 1665 1364; x_wconf 83' lang='lat' dir='ltr'>significant:</span> 
     </span>
     <span class='ocr_line' id='line_1_15' title="bbox 180 1362 1666 1422; baseline 0.004 -17"><span class='ocrx_word' id='word_1_96' title='bbox 180 1362 262 1406; x_wconf 91' lang='lat' dir='ltr'><strong>III.</strong></span> <span class='ocrx_word' id='word_1_97' title='bbox 289 1364 384 1407; x_wconf 79' lang='lat' dir='ltr'>Kal.</span> <span class='ocrx_word' id='word_1_98' title='bbox 404 1365 503 1408; x_wconf 85' lang='lat' dir='ltr'>Jan.</span> <span class='ocrx_word' id='word_1_99' title='bbox 528 1365 742 1408; x_wconf 84' lang='lat' dir='ltr'>matutino</span> <span class='ocrx_word' id='word_1_100' title='bbox 766 1365 896 1408; x_wconf 89' lang='lat' dir='ltr'>Canis</span> <span class='ocrx_word' id='word_1_101' title='bbox 917 1365 1124 1407; x_wconf 81' lang='lat' dir='ltr'>occidens.</span> <span class='ocrx_word' id='word_1_102' title='bbox 1180 1365 1341 1407; x_wconf 71' lang='lat' dir='ltr'>Paullo</span> <span class='ocrx_word' id='word_1_103' title='bbox 1355 1373 1485 1422; x_wconf 74' lang='lat' dir='ltr'>post:</span> <span class='ocrx_word' id='word_1_104' title='bbox 1520 1367 1666 1410; x_wconf 85' lang='lat' dir='ltr'>Pridie</span> 
     </span>
     <span class='ocr_line' id='line_1_16' title="bbox 182 1423 1668 1483; baseline 0.004 -19"><span class='ocrx_word' id='word_1_105' title='bbox 182 1423 296 1465; x_wconf 89' lang='lat' dir='ltr'>Non.</span> <span class='ocrx_word' id='word_1_106' title='bbox 320 1423 418 1467; x_wconf 85' lang='lat' dir='ltr'>Jan.</span> <span class='ocrx_word' id='word_1_107' title='bbox 447 1425 603 1467; x_wconf 83' lang='lat' dir='ltr'>Caesari</span> <span class='ocrx_word' id='word_1_108' title='bbox 643 1423 888 1481; x_wconf 82' lang='lat' dir='ltr'>Delphinus</span> <span class='ocrx_word' id='word_1_109' title='bbox 926 1425 1141 1466; x_wconf 84' lang='lat' dir='ltr'>matutino</span> <span class='ocrx_word' id='word_1_110' title='bbox 1172 1424 1381 1473; x_wconf 75' lang='lat' dir='ltr'>exoritur,</span> <span class='ocrx_word' id='word_1_111' title='bbox 1416 1433 1460 1467; x_wconf 88' lang='lat' dir='ltr'>et</span> <span class='ocrx_word' id='word_1_112' title='bbox 1492 1435 1668 1483; x_wconf 88' lang='lat' dir='ltr'>postero</span> 
     </span>
     <span class='ocr_line' id='line_1_17' title="bbox 177 1481 1670 1541; baseline 0.002 -17"><span class='ocrx_word' id='word_1_113' title='bbox 177 1481 246 1524; x_wconf 82' lang='lat' dir='ltr'>die</span> <span class='ocrx_word' id='word_1_114' title='bbox 276 1481 490 1533; x_wconf 84' lang='lat' dir='ltr'>Fidicula,</span> <span class='ocrx_word' id='word_1_115' title='bbox 524 1499 611 1540; x_wconf 91' lang='lat' dir='ltr'>quo</span> <span class='ocrx_word' id='word_1_116' title='bbox 636 1483 831 1541; x_wconf 72' lang='lat' dir='ltr'>AEgypto</span> <span class='ocrx_word' id='word_1_117' title='bbox 868 1483 1042 1540; x_wconf 73' lang='lat' dir='ltr'>Sagitta</span> <span class='ocrx_word' id='word_1_118' title='bbox 1064 1483 1233 1540; x_wconf 80' lang='lat' dir='ltr'>vesperi</span> <span class='ocrx_word' id='word_1_119' title='bbox 1268 1483 1438 1526; x_wconf 83' lang='lat' dir='ltr'>occidit.</span> <span class='ocrx_word' id='word_1_120' title='bbox 1504 1484 1670 1528; x_wconf 75' lang='lat' dir='ltr'>Paullo</span> 
     </span>
     <span class='ocr_line' id='line_1_18' title="bbox 173 1541 1669 1599; baseline 0.003 -16"><span class='ocrx_word' id='word_1_121' title='bbox 173 1548 299 1598; x_wconf 64' lang='lat' dir='ltr'>pos-t:</span> <span class='ocrx_word' id='word_1_122' title='bbox 333 1543 372 1584; x_wconf 97' lang='lat' dir='ltr'><strong>A</strong></span> <span class='ocrx_word' id='word_1_123' title='bbox 401 1541 591 1584; x_wconf 85' lang='lat' dir='ltr'>Favonio</span> <span class='ocrx_word' id='word_1_124' title='bbox 627 1542 668 1583; x_wconf 89' lang='lat' dir='ltr'>in</span> <span class='ocrx_word' id='word_1_125' title='bbox 704 1541 1009 1599; x_wconf 73' lang='lat' dir='ltr'>aequinoctium</span> <span class='ocrx_word' id='word_1_126' title='bbox 1045 1557 1225 1583; x_wconf 82' lang='lat' dir='ltr'>vernum</span> <span class='ocrx_word' id='word_1_127' title='bbox 1262 1542 1421 1584; x_wconf 82' lang='lat' dir='ltr'>Caesari</span> <span class='ocrx_word' id='word_1_128' title='bbox 1459 1542 1669 1599; x_wconf 85' lang='lat' dir='ltr'>significat</span> 
     </span>
     <span class='ocr_line' id='line_1_19' title="bbox 181 1599 1670 1649; baseline 0.002 -7"><span class='ocrx_word' id='word_1_129' title='bbox 181 1599 307 1642; x_wconf 89' lang='lat' dir='ltr'>XIV.</span> <span class='ocrx_word' id='word_1_130' title='bbox 339 1601 436 1643; x_wconf 85' lang='lat' dir='ltr'>Kal.</span> <span class='ocrx_word' id='word_1_131' title='bbox 470 1601 624 1643; x_wconf 84' lang='lat' dir='ltr'>Martii</span> <span class='ocrx_word' id='word_1_132' title='bbox 662 1600 858 1643; x_wconf 84' lang='lat' dir='ltr'>triduum</span> <span class='ocrx_word' id='word_1_133' title='bbox 894 1601 1024 1649; x_wconf 85' lang='lat' dir='ltr'>varie,</span> <span class='ocrx_word' id='word_1_134' title='bbox 1058 1609 1103 1642; x_wconf 83' lang='lat' dir='ltr'>et</span> <span class='ocrx_word' id='word_1_135' title='bbox 1135 1599 1260 1642; x_wconf 92' lang='lat' dir='ltr'>VIII.</span> <span class='ocrx_word' id='word_1_136' title='bbox 1289 1601 1383 1642; x_wconf 85' lang='lat' dir='ltr'>Kal.</span> <span class='ocrx_word' id='word_1_137' title='bbox 1411 1600 1670 1645; x_wconf 86' lang='lat' dir='ltr'>Hirundinis</span> 
     </span>
     <span class='ocr_line' id='line_1_20' title="bbox 180 1659 1666 1718; baseline 0.003 -17"><span class='ocrx_word' id='word_1_138' title='bbox 180 1659 292 1708; x_wconf 86' lang='lat' dir='ltr'>visu,</span> <span class='ocrx_word' id='word_1_139' title='bbox 323 1668 367 1701; x_wconf 91' lang='lat' dir='ltr'>et</span> <span class='ocrx_word' id='word_1_140' title='bbox 396 1668 569 1718; x_wconf 85' lang='lat' dir='ltr'>postero</span> <span class='ocrx_word' id='word_1_141' title='bbox 591 1660 657 1702; x_wconf 91' lang='lat' dir='ltr'>die</span> <span class='ocrx_word' id='word_1_142' title='bbox 682 1659 863 1701; x_wconf 79' lang='lat' dir='ltr'>Arcturi</span> <span class='ocrx_word' id='word_1_143' title='bbox 891 1667 1048 1701; x_wconf 82' lang='lat' dir='ltr'>exortu</span> <span class='ocrx_word' id='word_1_144' title='bbox 1071 1660 1331 1716; x_wconf 84' lang='lat' dir='ltr'>vespertino.</span> <span class='ocrx_word' id='word_1_145' title='bbox 1366 1660 1412 1702; x_wconf 89' lang='lat' dir='ltr'>it.</span> <span class='ocrx_word' id='word_1_146' title='bbox 1440 1659 1522 1702; x_wconf 94' lang='lat' dir='ltr'><strong>III.</strong></span> <span class='ocrx_word' id='word_1_147' title='bbox 1550 1662 1666 1705; x_wconf 94' lang='lat' dir='ltr'>Non.</span> 
     </span>
     <span class='ocr_line' id='line_1_21' title="bbox 184 1717 1671 1776; baseline 0.002 -16"><span class='ocrx_word' id='word_1_148' title='bbox 184 1717 321 1760; x_wconf 88' lang='lat' dir='ltr'>Mart.</span> <span class='ocrx_word' id='word_1_149' title='bbox 349 1719 491 1761; x_wconf 60' lang='lat' dir='ltr'>Caesar</span> <span class='ocrx_word' id='word_1_150' title='bbox 516 1718 671 1761; x_wconf 85' lang='lat' dir='ltr'>Caneri</span> <span class='ocrx_word' id='word_1_151' title='bbox 692 1720 848 1760; x_wconf 80' lang='lat' dir='ltr'>exortu</span> <span class='ocrx_word' id='word_1_152' title='bbox 868 1717 911 1759; x_wconf 87' lang='lat' dir='ltr'>id</span> <span class='ocrx_word' id='word_1_153' title='bbox 933 1718 1025 1759; x_wconf 86' lang='lat' dir='ltr'>fieri</span> <span class='ocrx_word' id='word_1_154' title='bbox 1048 1717 1309 1760; x_wconf 80' lang='lat' dir='ltr'>observavit.</span> <span class='ocrx_word' id='word_1_155' title='bbox 1365 1718 1527 1761; x_wconf 74' lang='lat' dir='ltr'>Paullo</span> <span class='ocrx_word' id='word_1_156' title='bbox 1547 1727 1671 1776; x_wconf 72' lang='lat' dir='ltr'>post:</span> 
     </span>
     <span class='ocr_line' id='line_1_22' title="bbox 185 1776 1670 1836; baseline 0.002 -17"><span class='ocrx_word' id='word_1_157' title='bbox 185 1777 329 1819; x_wconf 87' lang='lat' dir='ltr'>Caesar</span> <span class='ocrx_word' id='word_1_158' title='bbox 360 1786 404 1820; x_wconf 85' lang='lat' dir='ltr'>et</span> <span class='ocrx_word' id='word_1_159' title='bbox 433 1776 538 1819; x_wconf 84' lang='lat' dir='ltr'>Idus</span> <span class='ocrx_word' id='word_1_160' title='bbox 563 1777 749 1818; x_wconf 85' lang='lat' dir='ltr'>Martias</span> <span class='ocrx_word' id='word_1_161' title='bbox 781 1776 934 1818; x_wconf 76' lang='lat' dir='ltr'>ferales</span> <span class='ocrx_word' id='word_1_162' title='bbox 962 1776 1040 1819; x_wconf 81' lang='lat' dir='ltr'>sibi</span> <span class='ocrx_word' id='word_1_163' title='bbox 1072 1776 1299 1819; x_wconf 79' lang='lat' dir='ltr'>adnotavit</span> <span class='ocrx_word' id='word_1_164' title='bbox 1332 1777 1580 1836; x_wconf 83' lang='lat' dir='ltr'>Scorpionis</span> <span class='ocrx_word' id='word_1_165' title='bbox 1602 1794 1670 1822; x_wconf 94' lang='lat' dir='ltr'>oc-</span> 
     </span>
     <span class='ocr_line' id='line_1_23' title="bbox 181 1835 1667 1892; baseline 0.002 -14"><span class='ocrx_word' id='word_1_166' title='bbox 181 1851 295 1878; x_wconf 84' lang='lat' dir='ltr'>casu.</span> <span class='ocrx_word' id='word_1_167' title='bbox 359 1835 524 1879; x_wconf 76' lang='lat' dir='ltr'>Paullo</span> <span class='ocrx_word' id='word_1_168' title='bbox 546 1842 667 1892; x_wconf 67' lang='lat' dir='ltr'>post:</span> <span class='ocrx_word' id='word_1_169' title='bbox 702 1835 1028 1892; x_wconf 83' lang='lat' dir='ltr'>AEquinoctium</span> <span class='ocrx_word' id='word_1_170' title='bbox 1057 1851 1237 1877; x_wconf 87' lang='lat' dir='ltr'>vernum</span> <span class='ocrx_word' id='word_1_171' title='bbox 1271 1852 1309 1877; x_wconf 90' lang='lat' dir='ltr'>a.</span> <span class='ocrx_word' id='word_1_172' title='bbox 1333 1836 1374 1878; x_wconf 93' lang='lat' dir='ltr'>d.</span> <span class='ocrx_word' id='word_1_173' title='bbox 1410 1836 1537 1879; x_wconf 90' lang='lat' dir='ltr'><strong>VIII.</strong></span> <span class='ocrx_word' id='word_1_174' title='bbox 1571 1838 1667 1881; x_wconf 85' lang='lat' dir='ltr'>Kal.</span> 
     </span>
     <span class='ocr_line' id='line_1_24' title="bbox 183 1894 1669 1954; baseline 0.002 -18"><span class='ocrx_word' id='word_1_175' title='bbox 183 1895 294 1953; x_wconf 84' lang='lat' dir='ltr'>Apr.</span> <span class='ocrx_word' id='word_1_176' title='bbox 321 1895 471 1954; x_wconf 80' lang='lat' dir='ltr'>peragi</span> <span class='ocrx_word' id='word_1_177' title='bbox 494 1894 682 1936; x_wconf 86' lang='lat' dir='ltr'>videtur.</span> <span class='ocrx_word' id='word_1_178' title='bbox 738 1894 812 1936; x_wconf 93' lang='lat' dir='ltr'>Ab</span> <span class='ocrx_word' id='word_1_179' title='bbox 833 1910 882 1936; x_wconf 88' lang='lat' dir='ltr'>co</span> <span class='ocrx_word' id='word_1_180' title='bbox 908 1894 963 1936; x_wconf 86' lang='lat' dir='ltr'>ad</span> <span class='ocrx_word' id='word_1_181' title='bbox 987 1894 1286 1951; x_wconf 78' lang='lat' dir='ltr'>Vergiliarum</span> <span class='ocrx_word' id='word_1_182' title='bbox 1308 1903 1507 1937; x_wconf 87' lang='lat' dir='ltr'>exortum</span> <span class='ocrx_word' id='word_1_183' title='bbox 1529 1905 1669 1939; x_wconf 88' lang='lat' dir='ltr'>matu-</span> 
     </span>
     <span class='ocr_line' id='line_1_25' title="bbox 182 1952 1668 2012; baseline 0.002 -16"><span class='ocrx_word' id='word_1_184' title='bbox 182 1953 320 1997; x_wconf 79' lang='lat' dir='ltr'>tinum</span> <span class='ocrx_word' id='word_1_185' title='bbox 350 1954 509 1996; x_wconf 82' lang='lat' dir='ltr'>Caesari</span> <span class='ocrx_word' id='word_1_186' title='bbox 542 1952 785 2011; x_wconf 86' lang='lat' dir='ltr'>significant</span> <span class='ocrx_word' id='word_1_187' title='bbox 819 1952 1027 1995; x_wconf 76' lang='lat' dir='ltr'>Kalendae</span> <span class='ocrx_word' id='word_1_188' title='bbox 1056 1953 1165 2010; x_wconf 87' lang='lat' dir='ltr'>Apr.</span> <span class='ocrx_word' id='word_1_189' title='bbox 1193 1952 1274 1994; x_wconf 90' lang='lat' dir='ltr'><strong>III.</strong></span> <span class='ocrx_word' id='word_1_190' title='bbox 1310 1954 1455 1996; x_wconf 89' lang='lat' dir='ltr'>Nonas</span> <span class='ocrx_word' id='word_1_191' title='bbox 1478 1956 1586 2012; x_wconf 89' lang='lat' dir='ltr'>Apr.</span> <span class='ocrx_word' id='word_1_192' title='bbox 1624 1956 1668 2000; x_wconf 91' lang='lat' dir='ltr'>in</span> 
     </span>
     <span class='ocr_line' id='line_1_26' title="bbox 185 2010 1665 2069; baseline 0.002 -15"><span class='ocrx_word' id='word_1_193' title='bbox 185 2013 335 2056; x_wconf 86' lang='lat' dir='ltr'>Attica</span> <span class='ocrx_word' id='word_1_194' title='bbox 377 2011 581 2069; x_wconf 80' lang='lat' dir='ltr'>Vergiliae</span> <span class='ocrx_word' id='word_1_195' title='bbox 624 2010 788 2068; x_wconf 83' lang='lat' dir='ltr'>vesperi</span> <span class='ocrx_word' id='word_1_196' title='bbox 827 2011 1121 2053; x_wconf 81' lang='lat' dir='ltr'>occultantur:</span> <span class='ocrx_word' id='word_1_197' title='bbox 1172 2010 1331 2054; x_wconf 83' lang='lat' dir='ltr'>eaedem</span> <span class='ocrx_word' id='word_1_198' title='bbox 1371 2014 1579 2069; x_wconf 86' lang='lat' dir='ltr'>postridie</span> <span class='ocrx_word' id='word_1_199' title='bbox 1621 2015 1665 2057; x_wconf 92' lang='lat' dir='ltr'>in</span> 
     </span>
     <span class='ocr_line' id='line_1_27' title="bbox 184 2069 1668 2130; baseline 0.001 -15"><span class='ocrx_word' id='word_1_200' title='bbox 184 2072 374 2119; x_wconf 81' lang='lat' dir='ltr'>Boeotia;</span> <span class='ocrx_word' id='word_1_201' title='bbox 422 2070 581 2114; x_wconf 85' lang='lat' dir='ltr'>Caesari</span> <span class='ocrx_word' id='word_1_202' title='bbox 613 2079 759 2112; x_wconf 80' lang='lat' dir='ltr'>autem</span> <span class='ocrx_word' id='word_1_203' title='bbox 796 2078 839 2111; x_wconf 88' lang='lat' dir='ltr'>et</span> <span class='ocrx_word' id='word_1_204' title='bbox 874 2069 1100 2115; x_wconf 76' lang='lat' dir='ltr'>Chaldaeis,</span> <span class='ocrx_word' id='word_1_205' title='bbox 1143 2069 1290 2112; x_wconf 87' lang='lat' dir='ltr'>Nonis.</span> <span class='ocrx_word' id='word_1_206' title='bbox 1356 2071 1517 2115; x_wconf 79' lang='lat' dir='ltr'>Paullo</span> <span class='ocrx_word' id='word_1_207' title='bbox 1540 2080 1668 2130; x_wconf 74' lang='lat' dir='ltr'>post:</span> 
     </span>
     <span class='ocr_line' id='line_1_28' title="bbox 185 2127 1664 2186; baseline 0.001 -13"><span class='ocrx_word' id='word_1_208' title='bbox 185 2131 344 2173; x_wconf 75' lang='lat' dir='ltr'>Caesari</span> <span class='ocrx_word' id='word_1_209' title='bbox 364 2129 442 2172; x_wconf 91' lang='lat' dir='ltr'>VI.</span> <span class='ocrx_word' id='word_1_210' title='bbox 497 2129 598 2171; x_wconf 90' lang='lat' dir='ltr'>Idus</span> <span class='ocrx_word' id='word_1_211' title='bbox 619 2127 888 2186; x_wconf 81' lang='lat' dir='ltr'>significatur</span> <span class='ocrx_word' id='word_1_212' title='bbox 912 2128 1047 2170; x_wconf 69' lang='lat' dir='ltr'>imber</span> <span class='ocrx_word' id='word_1_213' title='bbox 1066 2127 1210 2170; x_wconf 87' lang='lat' dir='ltr'>Librae</span> <span class='ocrx_word' id='word_1_214' title='bbox 1231 2145 1394 2171; x_wconf 87' lang='lat' dir='ltr'>occasu.</span> <span class='ocrx_word' id='word_1_215' title='bbox 1419 2130 1543 2173; x_wconf 90' lang='lat' dir='ltr'><strong>XIV.</strong></span> <span class='ocrx_word' id='word_1_216' title='bbox 1568 2132 1664 2175; x_wconf 88' lang='lat' dir='ltr'>Kal.</span> 
     </span>
     <span class='ocr_line' id='line_1_29' title="bbox 184 2186 1669 2247; baseline 0.001 -16"><span class='ocrx_word' id='word_1_217' title='bbox 184 2190 297 2232; x_wconf 84' lang='lat' dir='ltr'>Maii</span> <span class='ocrx_word' id='word_1_218' title='bbox 326 2188 523 2247; x_wconf 78' lang='lat' dir='ltr'>AEgvpto</span> <span class='ocrx_word' id='word_1_219' title='bbox 559 2187 732 2229; x_wconf 75' lang='lat' dir='ltr'>Suculae</span> <span class='ocrx_word' id='word_1_220' title='bbox 764 2186 966 2229; x_wconf 87' lang='lat' dir='ltr'>occidunt</span> <span class='ocrx_word' id='word_1_221' title='bbox 990 2187 1174 2244; x_wconf 85' lang='lat' dir='ltr'>vesperi,</span> <span class='ocrx_word' id='word_1_222' title='bbox 1207 2187 1320 2230; x_wconf 88' lang='lat' dir='ltr'>sidus</span> <span class='ocrx_word' id='word_1_223' title='bbox 1349 2188 1590 2240; x_wconf 85' lang='lat' dir='ltr'>vehemens,</span> <span class='ocrx_word' id='word_1_224' title='bbox 1622 2200 1669 2234; x_wconf 88' lang='lat' dir='ltr'>et</span> 
     </span>
     <span class='ocr_line' id='line_1_30' title="bbox 181 2240 1667 2305; baseline 0.002 -15"><span class='ocrx_word' id='word_1_225' title='bbox 181 2257 300 2291; x_wconf 85' lang='lat' dir='ltr'>terra</span> <span class='ocrx_word' id='word_1_226' title='bbox 335 2240 529 2305; x_wconf 71' lang='lat' dir='ltr'>mas-ique</span> <span class='ocrx_word' id='word_1_227' title='bbox 565 2245 809 2295; x_wconf 86' lang='lat' dir='ltr'>turbidum,</span> <span class='ocrx_word' id='word_1_228' title='bbox 840 2245 965 2287; x_wconf 87' lang='lat' dir='ltr'><strong>XVI.</strong></span> <span class='ocrx_word' id='word_1_229' title='bbox 1000 2245 1176 2294; x_wconf 85' lang='lat' dir='ltr'>Atticae,</span> <span class='ocrx_word' id='word_1_230' title='bbox 1206 2245 1306 2288; x_wconf 90' lang='lat' dir='ltr'>XV.</span> <span class='ocrx_word' id='word_1_231' title='bbox 1359 2248 1531 2298; x_wconf 80' lang='lat' dir='ltr'>Caesari,</span> <span class='ocrx_word' id='word_1_232' title='bbox 1565 2265 1667 2293; x_wconf 90' lang='lat' dir='ltr'>con-</span> 
     </span>
     <span class='ocr_line' id='line_1_31' title="bbox 182 2303 1667 2364; baseline 0.001 -15"><span class='ocrx_word' id='word_1_233' title='bbox 182 2307 392 2364; x_wconf 87' lang='lat' dir='ltr'>tinuoque</span> <span class='ocrx_word' id='word_1_234' title='bbox 413 2306 561 2349; x_wconf 86' lang='lat' dir='ltr'>triduo</span> <span class='ocrx_word' id='word_1_235' title='bbox 587 2303 869 2362; x_wconf 83' lang='lat' dir='ltr'>significabat.</span> <span class='ocrx_word' id='word_1_236' title='bbox 935 2303 1096 2346; x_wconf 74' lang='lat' dir='ltr'>Paullo</span> <span class='ocrx_word' id='word_1_237' title='bbox 1112 2311 1235 2361; x_wconf 69' lang='lat' dir='ltr'>post:</span> <span class='ocrx_word' id='word_1_238' title='bbox 1269 2304 1346 2347; x_wconf 93' lang='lat' dir='ltr'>VI.</span> <span class='ocrx_word' id='word_1_239' title='bbox 1384 2307 1532 2349; x_wconf 90' lang='lat' dir='ltr'>Nonas</span> <span class='ocrx_word' id='word_1_240' title='bbox 1556 2307 1667 2352; x_wconf 89' lang='lat' dir='ltr'>Maii</span> 
     </span>
     <span class='ocr_line' id='line_1_32' title="bbox 184 2362 1667 2424; baseline 0.002 -16"><span class='ocrx_word' id='word_1_241' title='bbox 184 2366 343 2408; x_wconf 86' lang='lat' dir='ltr'>Caesari</span> <span class='ocrx_word' id='word_1_242' title='bbox 367 2365 540 2407; x_wconf 84' lang='lat' dir='ltr'>Suculae</span> <span class='ocrx_word' id='word_1_243' title='bbox 574 2363 787 2405; x_wconf 78' lang='lat' dir='ltr'>matutino</span> <span class='ocrx_word' id='word_1_244' title='bbox 813 2362 1081 2405; x_wconf 85' lang='lat' dir='ltr'>exoriuntur.</span> <span class='ocrx_word' id='word_1_245' title='bbox 1107 2371 1151 2406; x_wconf 87' lang='lat' dir='ltr'>et</span> <span class='ocrx_word' id='word_1_246' title='bbox 1174 2362 1301 2406; x_wconf 89' lang='lat' dir='ltr'><strong>VIII.</strong></span> <span class='ocrx_word' id='word_1_247' title='bbox 1356 2363 1460 2408; x_wconf 87' lang='lat' dir='ltr'>Idus</span> <span class='ocrx_word' id='word_1_248' title='bbox 1484 2366 1667 2424; x_wconf 84' lang='lat' dir='ltr'>Capella</span> 
     </span>
    </p>
   </div>
   <div class='ocr_carea' id='block_1_9' title="bbox 183 2420 985 2483">
    <p class='ocr_par' dir='ltr' id='par_1_9' title="bbox 183 2420 985 2483">
     <span class='ocr_line' id='line_1_33' title="bbox 183 2420 985 2483; baseline -0.004 -17"><span class='ocrx_word' id='word_1_249' title='bbox 183 2424 536 2483; x_wconf 58' lang='lat' dir='ltr'>pluvialis—Ex</span> <span class='ocrx_word' id='word_1_250' title='bbox 561 2421 682 2466; x_wconf 72' lang='lat' dir='ltr'>Plz&#39;n.</span> <span class='ocrx_word' id='word_1_251' title='bbox 714 2422 780 2472; x_wconf 78' lang='lat'>18,</span> <span class='ocrx_word' id='word_1_252' title='bbox 803 2420 858 2464; x_wconf 76' lang='lat'>26</span> <span class='ocrx_word' id='word_1_253' title='bbox 880 2420 985 2477; x_wconf 72' lang='lat'><strong>(64).</strong></span> 
     </span>
    </p>
   </div>
   <div class='ocr_carea' id='block_1_10' title="bbox 183 2540 1665 2894">
    <p class='ocr_par' dir='ltr' id='par_1_10' title="bbox 183 2540 1665 2894">
     <span class='ocr_line' id='line_1_34' title="bbox 244 2540 1665 2601; baseline 0.003 -17"><span class='ocrx_word' id='word_1_254' title='bbox 244 2543 284 2584; x_wconf 92' lang='lat' dir='ltr'>A</span> <span class='ocrx_word' id='word_1_255' title='bbox 308 2541 603 2599; x_wconf 83' lang='lat' dir='ltr'>Vergiliarum</span> <span class='ocrx_word' id='word_1_256' title='bbox 623 2550 779 2584; x_wconf 81' lang='lat' dir='ltr'>exortu</span> <span class='ocrx_word' id='word_1_257' title='bbox 809 2540 1051 2598; x_wconf 75' lang='lat' dir='ltr'>significant</span> <span class='ocrx_word' id='word_1_258' title='bbox 1075 2543 1232 2585; x_wconf 85' lang='lat' dir='ltr'>Caesari</span> <span class='ocrx_word' id='word_1_259' title='bbox 1253 2543 1462 2601; x_wconf 87' lang='lat' dir='ltr'>postridie</span> <span class='ocrx_word' id='word_1_260' title='bbox 1483 2545 1665 2588; x_wconf 87' lang='lat' dir='ltr'>Arcturi</span> 
     </span>
     <span class='ocr_line' id='line_1_35' title="bbox 184 2599 1662 2646; baseline 0.001 -2"><span class='ocrx_word' id='word_1_261' title='bbox 184 2617 359 2645; x_wconf 82' lang='lat' dir='ltr'>occasus</span> <span class='ocrx_word' id='word_1_262' title='bbox 392 2601 650 2643; x_wconf 87' lang='lat' dir='ltr'>matutinus:</span> <span class='ocrx_word' id='word_1_263' title='bbox 702 2599 784 2642; x_wconf 92' lang='grc' dir='ltr'><strong>ΙΙΙ.</strong></span> <span class='ocrx_word' id='word_1_264' title='bbox 824 2599 889 2641; x_wconf 91' lang='lat' dir='ltr'>Id.</span> <span class='ocrx_word' id='word_1_265' title='bbox 931 2599 1038 2642; x_wconf 82' lang='lat' dir='ltr'>Maii</span> <span class='ocrx_word' id='word_1_266' title='bbox 1080 2600 1286 2644; x_wconf 82' lang='lat' dir='ltr'>Fidiculae</span> <span class='ocrx_word' id='word_1_267' title='bbox 1326 2612 1513 2645; x_wconf 82' lang='lat' dir='ltr'>exortus.</span> <span class='ocrx_word' id='word_1_268' title='bbox 1556 2603 1662 2646; x_wconf 87' lang='lat' dir='ltr'><strong>XII.</strong></span> 
     </span>
     <span class='ocr_line' id='line_1_36' title="bbox 187 2658 1660 2717; baseline 0.002 -15"><span class='ocrx_word' id='word_1_269' title='bbox 187 2660 285 2702; x_wconf 83' lang='lat' dir='ltr'>Kal.</span> <span class='ocrx_word' id='word_1_270' title='bbox 310 2659 337 2701; x_wconf 83' lang='lat' dir='ltr'><strong>J</strong></span> <span class='ocrx_word' id='word_1_271' title='bbox 345 2659 432 2701; x_wconf 89' lang='lat' dir='ltr'>unii</span> <span class='ocrx_word' id='word_1_272' title='bbox 456 2659 637 2717; x_wconf 87' lang='lat' dir='ltr'>Capella</span> <span class='ocrx_word' id='word_1_273' title='bbox 667 2659 836 2716; x_wconf 84' lang='lat' dir='ltr'>vesperi</span> <span class='ocrx_word' id='word_1_274' title='bbox 869 2658 1063 2701; x_wconf 84' lang='lat' dir='ltr'>occidens</span> <span class='ocrx_word' id='word_1_275' title='bbox 1092 2669 1135 2701; x_wconf 82' lang='lat' dir='ltr'>et-</span> <span class='ocrx_word' id='word_1_276' title='bbox 1169 2660 1209 2701; x_wconf 92' lang='lat' dir='ltr'>in</span> <span class='ocrx_word' id='word_1_277' title='bbox 1234 2660 1382 2702; x_wconf 83' lang='lat' dir='ltr'>Attica</span> <span class='ocrx_word' id='word_1_278' title='bbox 1406 2662 1546 2705; x_wconf 85' lang='lat' dir='ltr'>Canis.</span> <span class='ocrx_word' id='word_1_279' title='bbox 1579 2663 1660 2705; x_wconf 89' lang='lat' dir='ltr'>XI.</span> 
     </span>
     <span class='ocr_line' id='line_1_37' title="bbox 185 2717 1663 2775; baseline 0.002 -14"><span class='ocrx_word' id='word_1_280' title='bbox 185 2718 286 2762; x_wconf 85' lang='lat' dir='ltr'>Kal.</span> <span class='ocrx_word' id='word_1_281' title='bbox 306 2718 462 2761; x_wconf 87' lang='lat' dir='ltr'>Caesari</span> <span class='ocrx_word' id='word_1_282' title='bbox 489 2717 663 2760; x_wconf 86' lang='lat' dir='ltr'>Orionis</span> <span class='ocrx_word' id='word_1_283' title='bbox 680 2717 852 2775; x_wconf 83' lang='lat' dir='ltr'>gladius</span> <span class='ocrx_word' id='word_1_284' title='bbox 871 2717 1064 2760; x_wconf 87' lang='lat' dir='ltr'>occidere</span> <span class='ocrx_word' id='word_1_285' title='bbox 1085 2717 1251 2775; x_wconf 84' lang='lat' dir='ltr'>incipit.</span> <span class='ocrx_word' id='word_1_286' title='bbox 1286 2717 1369 2760; x_wconf 94' lang='lat' dir='ltr'><strong>III.</strong></span> <span class='ocrx_word' id='word_1_287' title='bbox 1406 2720 1518 2762; x_wconf 88' lang='lat' dir='ltr'>Non.</span> <span class='ocrx_word' id='word_1_288' title='bbox 1540 2720 1569 2762; x_wconf 84' lang='lat' dir='ltr'><strong>J</strong></span> <span class='ocrx_word' id='word_1_289' title='bbox 1574 2722 1663 2765; x_wconf 90' lang='lat' dir='ltr'>unii</span> 
     </span>
     <span class='ocr_line' id='line_1_38' title="bbox 187 2776 1661 2835; baseline 0.002 -15"><span class='ocrx_word' id='word_1_290' title='bbox 187 2778 361 2829; x_wconf 80' lang='lat' dir='ltr'>Caesari,</span> <span class='ocrx_word' id='word_1_291' title='bbox 396 2785 440 2820; x_wconf 90' lang='lat' dir='ltr'>et</span> <span class='ocrx_word' id='word_1_292' title='bbox 480 2777 666 2835; x_wconf 82' lang='lat' dir='ltr'>Assyriae</span> <span class='ocrx_word' id='word_1_293' title='bbox 707 2776 868 2832; x_wconf 86' lang='lat' dir='ltr'>Aquila</span> <span class='ocrx_word' id='word_1_294' title='bbox 906 2776 1075 2835; x_wconf 87' lang='lat' dir='ltr'>vesperi</span> <span class='ocrx_word' id='word_1_295' title='bbox 1117 2777 1274 2826; x_wconf 83' lang='lat' dir='ltr'>oritur,</span> <span class='ocrx_word' id='word_1_296' title='bbox 1315 2785 1395 2819; x_wconf 88' lang='lat' dir='ltr'>etc.</span> <span class='ocrx_word' id='word_1_297' title='bbox 1438 2777 1516 2821; x_wconf 83' lang='lat' dir='ltr'>XI.</span> <span class='ocrx_word' id='word_1_298' title='bbox 1562 2780 1661 2823; x_wconf 83' lang='lat' dir='ltr'>Kal.</span> 
     </span>
     <span class='ocr_line' id='line_1_39' title="bbox 183 2834 1660 2894; baseline 0.004 -16"><span class='ocrx_word' id='word_1_299' title='bbox 183 2836 373 2894; x_wconf 77' lang='lat' dir='ltr'>ejusdem</span> <span class='ocrx_word' id='word_1_300' title='bbox 397 2835 569 2879; x_wconf 87' lang='lat' dir='ltr'>Orionis</span> <span class='ocrx_word' id='word_1_301' title='bbox 601 2834 770 2894; x_wconf 83' lang='lat' dir='ltr'>gladius</span> <span class='ocrx_word' id='word_1_302' title='bbox 801 2835 956 2879; x_wconf 85' lang='lat' dir='ltr'>Caesari</span> <span class='ocrx_word' id='word_1_303' title='bbox 988 2834 1185 2878; x_wconf 83' lang='lat' dir='ltr'>occidere</span> <span class='ocrx_word' id='word_1_304' title='bbox 1214 2834 1516 2894; x_wconf 54' lang='lat' dir='ltr'>impin—Ea:</span> <span class='ocrx_word' id='word_1_305' title='bbox 1535 2837 1660 2884; x_wconf 54' lang='lat' dir='ltr'>Pl&#39;z&#39;n.</span> 
     </span>
    </p>
   </div>
   <div class='ocr_carea' id='block_1_11' title="bbox 173 2884 464 2952">
    <p class='ocr_par' dir='ltr' id='par_1_11' title="bbox 173 2884 464 2952">
     <span class='ocr_line' id='line_1_40' title="bbox 173 2884 464 2952; baseline -0.003 -14"><span class='ocrx_word' id='word_1_306' title='bbox 173 2884 259 2947; x_wconf 56' lang='lat'>18,</span> <span class='ocrx_word' id='word_1_307' title='bbox 281 2895 336 2939; x_wconf 76' lang='lat'>:27</span> <span class='ocrx_word' id='word_1_308' title='bbox 359 2895 464 2952; x_wconf 76' lang='lat'><strong>(67).</strong></span> 
     </span>
    </p>
   </div>
  </div>
 </body>
</html>
