1946 3261
758 185 879 232 LIB.
941 184 1082 231 CAP.
1111 186 1249 231 2—4.
1653 184 1741 230 425

250 311 476 373 disposita,
507 313 767 360 munitiones
794 322 1057 359 semotarum
1090 314 1282 372 partium
1315 313 1578 366 tuebantur;
1624 322 1740 359 vete-

251 388 377 417 ranas
396 374 594 418 cohortes
614 389 771 416 vacuas
788 374 831 415 in
851 373 1142 416 celeberrimis
1161 373 1283 415 urbis
1298 373 1402 415 locis
1418 372 1653 425 habebant,
1672 383 1740 427 ut,

248 448 510 491 quacunque
531 433 706 490 regione
729 439 1020 491 pugnaretur,
1043 430 1224 487 integris
1253 431 1418 475 viribus
1448 434 1503 477 ad
1530 434 1742 479 auxilium

249 491 478 535 ferendum
497 491 737 549 obportuni
767 498 920 533 essent.
985 488 1199 532 Omnibus
1228 489 1308 532 viis
1337 499 1470 548 atque
1500 495 1744 554 angiportis

248 550 469 609 triplicem
480 549 645 592 vallum
659 548 960 592 obduxerant:
984 556 1082 591 erat
1096 557 1246 591 autem
1262 548 1481 605 quadrato
1497 562 1744 598 exstructus

248 625 367 660 saxo,
398 624 539 667 neque
569 608 712 651 minus
740 607 1034 667 quadraginta
1064 607 1197 666 pedes
1238 607 1484 652 altitudinis
1525 611 1739 657 habebat:

248 682 434 727 quaeque
455 667 593 724 partis
615 667 737 711 urbis
765 667 988 710 inferiores
1017 675 1160 718 erant,
1190 666 1266 709 has
1295 666 1513 713 altissimis
1543 672 1742 717 turribus

246 728 458 770 denorum
489 725 790 769 tabulatorum
822 726 1083 770 munierant.
1159 725 1379 769 Praeterea
1413 727 1518 771 alias
1549 731 1743 774 ambula-

247 784 380 829 torias
395 783 577 828 totidem
596 785 898 829 tabulatorum
915 786 1203 834 confixerant;
1226 785 1522 846 subjectisque
1534 804 1603 831 eas
1622 791 1744 843 rotis,

246 843 423 887 funibus
440 844 736 904 jumentisque
758 846 956 905 objectis,
987 844 1165 890 directis
1184 845 1341 904 plateis
1359 845 1404 889 in
1423 862 1743 908 quamcumque

244 911 340 948 erat
355 903 498 947 visum
520 913 693 963 partem
715 906 962 950 movebant.

303 964 346 1006 3.
382 963 505 1007 Urbs
532 963 795 1008 fertilissima
829 974 874 1008 et
905 962 1193 1024 copiosissima
1220 964 1413 1008 omnium
1433 981 1581 1009 rerum
1610 967 1743 1028 adpa-

245 1029 367 1066 ratus
384 1024 666 1082 suggerebat.
728 1024 817 1083 Ipsi
847 1024 1055 1074 homines,
1087 1023 1410 1083 ingeniosissimi
1432 1035 1567 1084 atque
1586 1029 1744 1073 acutis-

244 1081 355 1132 simi,
391 1098 490 1141 quae
521 1100 547 1126 a
576 1084 700 1127 nobis
731 1083 825 1126 fieri
851 1084 1070 1134 viderant,
1101 1099 1151 1126 ea
1179 1083 1374 1128 sollertia
1404 1086 1662 1140 efficiebant,
1693 1098 1745 1134 ut

245 1141 382 1186 nostri
405 1142 581 1186 illorum
604 1159 738 1203 opera
760 1143 916 1186 imitati
937 1143 1216 1194 viderentur3
1257 1152 1302 1186 et
1323 1159 1401 1186 sua
1417 1154 1574 1204 sponte
1604 1148 1745 1192 multa

243 1201 538 1260 reperiebant,
551 1218 726 1261 unoque
744 1211 943 1262 tempore
960 1211 1004 1246 et
1023 1211 1190 1246 nostras
1205 1203 1464 1247 munitiones
1480 1204 1747 1252 infestabant

243 1269 290 1304 et
318 1277 415 1304 suas
444 1261 762 1306 defendebant:
802 1272 937 1322 atque
959 1262 1048 1306 haec
1102 1262 1285 1321 rincipes
1305 1262 1346 1305 in
1367 1264 1556 1308 conciliis
1578 1267 1746 1310 concio-

247 1320 462 1378 nibusque
483 1322 728 1380 agitabant,
761 1329 791 1348 ‘⁴
818 1322 1041 1381 Populum
1063 1279 1310 1365 {omanum
1330 1323 1561 1381 paullatim
1581 1325 1624 1368 in
1646 1342 1745 1370 oon-

250 1387 280 1406 “
303 1380 573 1423 suetudinem
606 1382 697 1439 ejus
739 1381 884 1439 Regni
924 1381 1163 1440 occupandi
1203 1381 1382 1424 venire:
1435 1384 1587 1441 paucis
1625 1387 1746 1431 annis

249 1446 279 1466 “
303 1447 433 1482 antea
469 1440 709 1484 Gabinium
741 1455 842 1484 cum
871 1441 1066 1483 exercitu
1100 1440 1231 1483 fuisse
1263 1440 1307 1482 in
1343 1439 1568 1500 AEgypto;
1615 1443 1744 1488 Pom-

250 1506 280 1526 “
303 1499 451 1557 peium
473 1515 516 1542 se
536 1516 590 1543 ex
610 1500 716 1559 fuga
737 1500 888 1544 eodem
921 1499 1159 1557 recepisse3
1204 1499 1420 1542 Caesarem
1451 1502 1615 1546 venisse
1644 1520 1745 1548 cum

249 1566 279 1585 “
302 1558 464 1618 copiis3
507 1574 648 1617 neque
678 1568 821 1603 morte
857 1559 1052 1618 Pompeii
1085 1557 1328 1617 quidquam
1361 1560 1625 1618 profectum,
1654 1580 1746 1622 quo

247 1625 278 1645 ‘⁶
301 1618 442 1661 minus
462 1618 582 1676 apud
602 1636 646 1662 se
669 1620 816 1662 Caesar
835 1627 1199 1662 commoraretur:
1245 1634 1376 1676 quem
1398 1619 1431 1660 si
1453 1635 1538 1663 non
1559 1623 1747 1680 expulis-

248 1684 281 1704 ‘⁶
303 1686 415 1726 sent,
468 1678 662 1721 futuram
703 1695 756 1721 ex
796 1677 953 1736 Regno
996 1677 1290 1736 provinciam:
1350 1677 1483 1736 idque
1523 1681 1745 1739 agendum

248 1745 280 1764 ‘⁶
304 1745 497 1780 mature:
532 1753 720 1795 namque
742 1753 857 1790 eum,
890 1736 1171 1780 interclusum
1193 1737 1530 1796 tempestatibus
1558 1750 1744 1800 propter

249 1804 279 1823 “
302 1796 402 1839 anni
425 1804 611 1855 tempus,
630 1798 823 1856 recipere
845 1797 1130 1839 transmarina
1150 1796 1312 1839 auxilia
1329 1812 1414 1840 non
1435 1800 1606 1856 posse.''

306 1855 349 1899 4.
382 1855 563 1899 Interim
591 1857 849 1900 dissensione
882 1865 980 1900 orta
1011 1857 1125 1899 inter
1159 1856 1380 1907 Achillan,
1419 1859 1495 1914 qui
1536 1867 1743 1906 veterano

247 1915 461 1960 exercitui
499 1925 705 1975 praeerat,
745 1925 791 1960 et
834 1916 1063 1967 Arsinoen,
1099 1915 1234 1975 Regis
1279 1915 1502 1960 Ptolemaei
1531 1919 1742 1966 minorem

299 2043 494 2085 Obportum‘.
542 2042 597 2075 Sic
627 2044 730 2085 leg.e
756 2042 962 2085 quibusdam

250 2088 356 2120 codd.
387 2098 436 2119 sc.
469 2087 712 2119 Alexandrini:
752 2088 831 2120 hinc
865 2088 965 2120 fluxit

251 2132 490 2174 plerorumque
507 2133 607 2164 codd.
624 2131 739 2170 lectio,
753 2133 873 2174 obponi
884 2143 963 2175 pos—

249 2181 322 2209 sent
345 2176 420 2208 scil.
437 2177 607 2215 cohortes,
633 2176 666 2207 id
687 2177 778 2218 quod
795 2177 962 2219 interpre-

250 2226 438 2253 tamentum
454 2226 517 2253 est.
543 2222 594 2252 M.
642 2222 707 2252 Per
721 2221 892 2262 synthesin
908 2222 963 2253 ob-

247 2268 390 2308 portuni
414 2266 553 2298 refertur
579 2266 621 2297 ad
651 2265 791 2297 milites.
846 2265 961 2307 Vulgo

250 2315 427 2352 receptum
442 2312 641 2353 obportunce
656 2309 729 2342 scil.
746 2310 918 2342 cohortes.

299 2354 564 2387 Ambulatorias.
616 2356 669 2386 De
699 2354 752 2386 his
787 2354 961 2387 Vitruvius

255 2399 306 2437 10,
327 2400 377 2430 19.
404 2399 521 2441 Veget.
536 2403 569 2438 4,
589 2401 638 2430 17.

300 2444 527 2484 Confixeranst.
587 2444 643 2476 Sic
675 2444 774 2476 codd.
810 2449 845 2476 et
881 2443 958 2475 edd.

250 2493 319 2519 vet.
365 2488 416 2519 Ita
431 2494 466 2519 et
482 2488 588 2521 Varro
605 2490 648 2520 R.
668 2489 711 2520 R.
729 2500 762 2521 c.
780 2491 833 2520 21.
874 2489 961 2521 Sub-

248 2533 397 2564 laminas
421 2534 510 2565 inter
536 2543 570 2565 se
596 2535 764 2575 confiqito.
829 2532 960 2565 Glossae

247 2576 380 2618 configit
395 2577 559 2610 auva-iam.
598 2579 703 2619 Apul.
727 2577 816 2610 Met.
837 2580 869 2609 4.
885 2589 962 2610 ma-

250 2622 354 2652 china
371 2624 544 2663 confixilis.
588 2621 684 2655 Male
700 2622 803 2664 vulgo
821 2621 855 2654 in
880 2622 961 2654 loco

251 2670 367 2697 nostro
382 2668 626 2708 confinxerant.
677 2666 754 2698 Non
769 2677 869 2699 nemo
884 2678 961 2700 con-

239 2710 405 2752 fecerant.

299 2755 451 2794 Obsectis,
485 2755 627 2797 junctis.
685 2755 775 2787 Scal.
811 2756 960 2789 delebat.

250 2797 392 2840 Lipsius
407 2799 484 2831 Pol.
497 2804 530 2838 2,
544 2802 576 2831 4.
601 2800 808 2842 conjiciebat
819 2802 964 2834 obtectis.

252 2843 411 2877 Oudend.
424 2845 566 2889 objectas
575 2844 652 2879 scil.
661 2844 797 2892 plateis.
815 2845 962 2879 Bentleii

1029 2043 1142 2075 aureis
1164 2041 1306 2074 offendit
1328 2042 1491 2084 subjectis,
1515 2043 1656 2087 objectis,
1687 2048 1740 2080 di-

1026 2090 1134 2119 rectis.

1078 2133 1216 2164 Plateis.
1263 2130 1372 2163 Codd.
1384 2131 1592 2166 recentiores
1603 2136 1739 2177 pluteis.

1033 2175 1088 2208 Sic
1107 2183 1140 2208 et
1156 2177 1232 2207 edd.
1249 2182 1317 2208 vet.
1362 2177 1434 2208 Nec
1460 2177 1623 2219 displicet
1647 2180 1737 2213 Oud.

1028 2221 1110 2263 quia
1125 2221 1281 2253 videntur
1291 2221 1459 2253 contraria
1472 2223 1608 2256 directae
1615 2226 1738 2266 placeoe

1028 2271 1063 2297 et
1076 2268 1112 2298 in
1129 2276 1380 2308 quamcumque
1393 2271 1538 2308 partem.

1076 2311 1218 2343 Imitati.
1263 2309 1317 2342 Sic
1334 2311 1435 2342 codd.
1456 2310 1567 2354 Vulgo
1592 2315 1733 2345 imitari.

1073 2355 1368 2397 Concionibweque.
1389 2355 1450 2387 alii
1462 2358 1733 2390 contentionibus.

1027 2401 1117 2442 quod
1135 2399 1310 2432 Bentleius
1325 2404 1437 2432 ortum
1447 2400 1578 2443 judicat
1593 2412 1612 2433 e
1623 2404 1736 2435 coitio-

1023 2446 1133 2477 nibus.

1076 2490 1273 2522 Gabinium.
1308 2489 1375 2520 vid.
1397 2489 1439 2520 de
1466 2489 1505 2521 B.
1529 2489 1570 2520 C.
1597 2492 1629 2527 3,
1658 2491 1732 2523 103.

1028 2534 1079 2566 De
1096 2533 1264 2576 Pompeio
1279 2533 1364 2565 ibid.
1389 2534 1440 2565 M.
1469 2533 1590 2575 Ejecto
1603 2534 1733 2566 Arche-

1027 2579 1084 2612 lao
1100 2578 1268 2610 Gabinius
1293 2578 1518 2609 Ptolemaeum
1542 2579 1731 2612 reduxerat.

1031 2624 1072 2655 V.
1089 2623 1240 2666 Appian.
1258 2622 1329 2664 Syr.
1345 2625 1398 2654 51.
1425 2621 1502 2654 Civ.
1520 2625 1552 2661 2,
1569 2625 1623 2655 24.
1647 2623 1730 2656 Dio.

1069 2692 1296 2745 ’Interclwsum
1306 2717 1404 2754 temp.
1428 2710 1471 2742 V.
1483 2711 1553 2742 Ind.
1569 2711 1733 2744 Heinsius

1025 2757 1157 2799 absque
1173 2755 1375 2787 necessitate
1395 2755 1608 2796 conjectabat
1626 2759 1729 2790 inter-

1023 2804 1113 2835 cluso
1127 2801 1375 2844 tempestatibus
1388 2802 1489 2832 mari.
