1946 3261
250 263 334 306 &ss

292 394 400 431 pretes
415 387 518 418 multa
534 386 689 428 exempla
711 385 939 427 conlegerunt.

293 435 439 473 Leyatus
463 432 509 462 ad
527 431 649 472 (apud)
673 440 784 461 ommes
809 434 941 460 sanctus

290 477 542 516 inviolatusque,
568 477 599 513 3,
614 476 646 505 9.
673 484 802 514 mamm
831 476 940 515 opinio

291 520 336 550 ad
364 518 486 560 (apud)
515 528 626 549 omnes
647 520 811 556 nationes,
838 521 869 555 4,
892 519 939 548 16.

289 564 381 594 electi
395 563 440 593 ad
450 564 694 604 pernicitatem,
706 566 842 602 propter
851 571 939 598 eam,

288 606 418 637 ratione
447 606 520 646 ejus
548 604 680 644 habita,
707 604 745 635 C.
762 607 792 642 3,
817 606 869 635 84.
893 604 941 635 ad

287 651 378 680 hunc
391 650 529 680 modum
537 650 637 680 locuti
647 653 736 686 sunt,
757 651 789 685 2,
807 650 858 678 31.
883 647 941 685 ad,

288 692 465 724 vocabulis
479 702 690 724 numerorum
709 691 874 732 junctum,
889 696 940 722 est

288 739 427 775 circiter,
446 738 473 775 1,
491 739 521 767 5.
539 746 679 767 numero
695 736 741 765 ad
755 735 938 766 duodecim.

287 781 352 811 Sed
383 779 534 821 pluribns
559 779 672 810 modis
695 777 838 809 variatur
863 787 938 818 syn-

286 823 392 855 taxis:
415 834 493 855 nam
513 826 542 861 l,
560 826 608 854 15.
625 820 757 862 legitur,
771 823 938 863 equitatus

286 868 334 898 ad
343 878 524 899 numerum
535 870 681 907 quatuor
692 867 825 897 milium
834 878 843 896 e
865 875 938 897 rur-

286 922 354 949 sus,
372 915 402 949 2,
415 913 466 942 33.
489 915 550 947 est,
572 912 682 941 occisis
697 909 744 940 ad
764 911 938 940 hominum

285 956 419 986 ‘milibus
434 959 590 995 quatuor,
612 963 759 993 quocum
773 952 937 983 Cellarius

287 997 433 1029 contulit
456 1008 475 1028 e
499 997 636 1028 sueton.
654 996 723 1027 Jul.
739 1006 769 1027 c.
788 998 839 1027 20.
864 996 936 1027 haec

285 1042 399 1080 verba,
427 1041 473 1072 acl
500 1042 622 1082 viyinli
656 1040 789 1070 milibus
816 1040 938 1072 cie-ium

286 1086 408 1117 divisit.
453 1085 580 1115 Rursus
595 1084 635 1113 de
651 1083 690 1114 B.
707 1083 748 1114 G.
766 1085 795 1120 3,
812 1085 863 1113 53.
891 1083 937 1113 ad

286 1129 431 1161 duorum
441 1129 574 1158 milium
585 1137 725 1157 numero
739 1127 937 1157 cecidemmt.

287 1183 320 1204 v.
339 1172 413 1204 intt.
429 1171 470 1202 ad
486 1170 554 1201 h.l.
599 1171 635 1200 In
660 1175 752 1201 tanta
766 1169 938 1208 varietate,

285 1226 359 1256 quae
375 1213 520 1245 sem1oni
535 1213 613 1245 vitae
633 1213 820 1245 communis
834 1213 937 1244 debe-

284 1264 348 1297 tur,
357 1254 447 1289 nihil
460 1263 583 1289 temere
590 1257 838 1299 corrigendum,
847 1257 936 1288 etad

283 1308 390 1334 certas
403 1301 534 1342 regulas
547 1302 775 1332 revocandum
789 1305 839 1331 est

241 1347 442 1388 Adoequare,
457 1347 488 1384 6,
508 1347 556 1376 12.
578 1345 718 1376 verbum
734 1350 888 1376 neutrum

243 1390 437 1432 Adaquare,
461 1389 501 1420 C.
521 1391 549 1427 l,
567 1390 619 1427 66,
650 1393 683 1419 et
697 1389 880 1430 adaquari,
904 1389 936 1426 8,

284 1437 336 1473 41,
356 1444 415 1474 pro
431 1433 545 1474 simpl.
559 1442 680 1474 aquare

242 1478 514 1515 Adcommodare,
528 1481 655 1518 aptare,
670 1474 832 1516 adligare,
848 1478 879 1513 2,
892 1476 929 1505 21

242 1522 402 1553 Aclrlicere
430 1521 518 1552 bona.
545 1523 584 1551 in
607 1520 790 1561 publicum,
814 1518 932 1550 aerario

282 1565 450 1603 addicere,
463 1564 504 1596 C.
521 1568 552 1604 2,
571 1566 609 1595 18

241 1610 414 1641 Adducere
435 1619 468 1640 se
492 1611 531 1639 in
557 1607 839 1646 consummi-inem,
873 1607 933 1638 ad-

284 1653 454 1684 suefaeere
471 1663 518 1691 se,
544 1655 576 1691 4,
597 1653 622 1683 1.
668 1650 731 1681 Sed
748 1653 779 1688 3,
798 1652 848 1681 14.
873 1651 934 1681 atl-

283 1698 400 1729 ducere
414 1701 464 1728 est
478 1697 520 1727 ad
534 1706 568 1727 se
580 1695 722 1733 trahere,
735 1703 805 1725 rem
819 1704 934 1726 versus

282 1746 403 1782 pectus
433 1741 616 1777 incurvare,
645 1744 681 1770 ut
709 1738 768 1779 qui
794 1747 933 1770 nervum

283 1795 382 1816 arcus
397 1785 570 1816 adducunt

243 1828 445 1870 Aclequitare
459 1829 505 1859 acl
518 1829 640 1865 locum,
661 1829 687 1865 1,
702 1829 745 1858 46

242 1871 347 1912 Adfici
368 1871 571 1912 difficultate,
596 1872 628 1908 7,
645 1872 675 1901 6.
701 1872 753 1901 17.
781 1877 869 1906 cum,
899 1873 933 1898 ut

283 1920 345 1953 est,
361 1918 393 1954 7,
413 1918 462 1947 10.
492 1926 542 1946 res
557 1913 785 1946 difficultatem
799 1911 933 1943 consilii

281 1959 436 2000 capiendi
451 1959 554 1990 adfert

241 2003 450 2042 Adfirmatio,
475 2001 659 2034 certissima
689 1999 879 2042 promissio,
903 2000 934 2037 7,

241 2090 426 2131 Adflictare
448 2094 619 2132 tempestas
641 2088 793 2130 adflictat
806 2087 936 2126 (vexat)

281 2143 395 2171 naves,
418 2136 450 2172 4,
468 2136 519 2164 29.
542 2132 725 2175 adflictari,
750 2130 842 2162 velut
864 2130 933 2162 hae-

283 2182 408 2208 rentem
424 2176 542 2215 teneri,
559 2179 590 2214 3,
611 2178 648 2206 12

240 2220 417 2263 Adflictas,
444 2225 636 2261 prostratus,
659 2219 690 2255 6,
706 2219 757 2249 27.
788 2217 935 2259 adflictae

283 2274 398 2303 naves,
422 2263 550 2295 collisae
574 2269 609 2295 et
631 2261 802 2300 diffractae,
834 2265 865 2300 5,
887 2262 935 2292 10.

284 2318 369 2350 opes,
389 2310 420 2346 8,
435 2310 475 2338 21

242 2352 426 2394 Azffliqere,
449 2361 581 2390 vexare,
595 2355 734 2387 vastare,
749 2354 807 2379 aut
822 2348 937 2390 potius

285 2402 445 2434 evertere,
471 2395 568 2427 humi
592 2398 811 2435 prosternere,
834 2395 865 2430 4,
883 2395 934 2423 35.

285 2439 448 2481 adstiyere
476 2440 641 2476 arborem,
671 2436 765 2468 humi
796 2439 940 2477 proster-

283 2492 374 2522 nere,
391 2485 422 2522 6,
440 2485 480 2514 27

241 2527 441 2568 Adyreqare
465 2537 499 2559 se
524 2527 612 2564 aliis,
636 2523 766 2556 socium
781 2528 816 2554 et
829 2522 937 2554 comi-

285 2576 351 2601 tem
364 2582 399 2602 se
412 2571 603 2612 adjungere,
619 2572 651 2606 4,
663 2569 713 2599 26.
728 2567 827 2609 aclyr.
843 2577 876 2599 se
891 2568 936 2597 ad

284 2615 427 2657 alicujus
443 2616 639 2651 amicitiam,
656 2613 687 2649 6,
708 2614 745 2642 12

243 2658 407 2690 Adhibet-e
422 2660 581 2699 aliquem,
601 2662 636 2687 ut
651 2655 745 2687 testis
761 2654 814 2691 sit,
840 2656 867 2691 1,
884 2656 935 2684 20.

287 2702 439 2734 adhibitis
469 2702 632 2739 omnibus,
662 2709 739 2731 cum
769 2697 937 2735 omnibus,

287 2748 376 2784 cm

244 2787 385 2832 A<li9ere
409 2790 511 2821 telum
535 2790 660 2830 alc'quo,
686 2786 725 2818 C.
751 2789 781 2824 3,
806 2787 858 2816 51.
884 2785 936 2815 56.

287 2835 424 2875 animare
438 2834 586 2874 aliquem
599 2831 671 2870 (ad)
678 2828 923 2871 jusjttramlum
929 2851 938 2866 ,

286 2876 455 2920 postulare
479 2881 515 2907 ut
534 2875 632 2918 juret,
654 2873 695 2905 C.
716 2876 743 2912 1,
759 2874 812 2903 76.
839 2875 869 2910 2,
890 2874 936 2903 18.

287 2921 360 2952 Hac
390 2919 423 2950 in
439 2919 581 2950 formula
595 2915 755 2958 loquendi
770 2915 939 2948 omittitur

284 2965 352 2998 sere
368 2963 401 2996 τὸ
415 2963 469 2995 ad.
480 2964 603 3005 fistuca
617 2962 763 3003 adigere,
779 2963 810 2998 4,
832 2961 867 2991 17

872 254 1069 303 INDEX

1008 385 1156 427 Adiicere
1169 385 1273 417 telum
1287 387 1324 416 in
1340 385 1428 424 liius,
1452 388 1483 424 4,
1500 387 1552 418 23.
1594 386 1649 419 Cf.
1665 391 1697 427 2,

1048 432 1102 461 21.
1119 433 1150 468 3,
1168 431 1216 460 13.
1235 430 1284 460 14.
1301 429 1334 460 in
1350 429 1403 460 his
1414 429 1498 460 locis
1511 434 1572 468 est,
1582 430 1697 471 jacere

1048 483 1151 515 usque
1165 473 1216 503 .ad
1238 478 1364 504 certum
1391 472 1583 505 terminum.
1627 475 1699 506 Ad-

1039 519 1144 557 jieere
1167 527 1324 559 aqqere‘m
1346 517 1392 548 ad
1406 520 1606 549 munitiones
1623 518 1699 549 hos-

1047 563 1143 598 tium,
1156 571 1235 591 eum
1251 560 1358 591 facere
1373 571 1479 601 prope
1494 565 1614 601 castra,
1629 564 1662 600 5,
1677 564 1699 593 9

1004 604 1107 635 Adire
1120 606 1223 644 injus
1237 605 1284 635 ad
1295 606 1545 645 maqistralum,
1560 604 1599 636 C.
1619 606 1646 642 1,
1657 607 1701 635 87

1003 647 1122 678 Aditus
1156 650 1327 686 sermo-nis,
1365 647 1500 679 occasio
1536 654 1570 679 et
1597 647 1701 689 ven-ia

1045 691 1187 722 adeundi
1210 691 1349 722 alterum
1371 696 1404 722 et
1427 701 1505 722 cum
1519 702 1561 722 eo
1578 692 1699 724 conlo-

1045 734 1181 776 quendi,
1196 738 1227 773 5,
1242 737 1295 766 41.
1311 735 1421 766 aditus
1435 735 1482 766 ad
1494 736 1696 776 conandum,
1729 748 1741 750 ·

1046 777 1196 817 occasio,
1216 777 1256 810 C.
1279 780 1304 816 1,
1320 781 1372 809 31.
1397 778 1530 810 aditum
1551 780 1699 810 nonna„-

1044 822 1118 853 bere
1131 822 1176 852 ad
1187 823 1346 862 aliquem,
1356 821 1457 852 nullis
1470 821 1601 853 meritis
1612 831 1702 861 ense,

1045 865 1091 896 ob
1118 875 1192 906 quae
1222 864 1350 906 precari
1379 863 1554 904 sustineas,
1584 867 1613 904 1,
1641 869 1695 898 43.

1045 909 1156 939 aditus
1172 909 1468 939 commendationis
1481 909 1527 939 ad
1541 909 1699 950 aliqum,

1045 952 1141 983 venia
1168 951 1326 989 adeundi,
1355 962 1456 993 seque
1482 951 1578 984 alteri
1604 963 1694 984 com-

1045 995 1235 1033 mendandi,
1253 995 1291 1026 C.
1313 998 1339 1032 l,
1354 997 1396 1026 74

1003 1039 1187 1079 Adjuvare,
1209 1040 1269 1070 hoc
1283 1039 1423 1081 adjuvat
1438 1038 1483 1070 ad
1496 1039 1594 1078 illud,
1610 1044 1640 1079 5,
1662 1043 1675 1072 l

1002 1084 1174 1125 Adleqere,
1192 1084 1222 1121 6,
1243 1084 1280 1113 13

1001 1127 1241 1164 Admaturare,
1258 1126 1289 1163 ⁷,
1305 1128 1346 1157 54

1002 1171 1250 1201 Administrare
1263 1179 1375 1207 παι-ες,
1400 1169 1631 1210 gubernando,
1647 1182 1701 1203 re-

1046 1213 1217 1255 migando,
1243 1216 1274 1252 4,
1292 1215 1343 1244 29.
1387 1212 1425 1243 C.
1444 1216 1474 1251 3,
1493 1215 1543 1244 14.
1588 1215 1629 1246 Α.
1645 1218 1698 1247 21.

1045 1258 1284 1288 administrare
1297 1258 1446 1293 οιωςεεηι,
1468 1255 1507 1287 C.
1524 1258 1555 1294 3,
1573 1258 1624 1288 18.
1639 1259 1702 1289 ada

1044 1303 1240 1332 ministrare
1265 1301 1409 1340 imperta
1428 1301 1555 1337 omnia,
1584 1300 1700 1333 omnia

1040 1343 1161 1385 jubere
1188 1347 1221 1373 et
1243 1343 1457 1381 constituere,
1480 1346 1511 1383 2,
1528 1347 1580 1375 22.
1602 1345 1695 1378 adm.

1044 1388 1181 1424 caedem,
1195 1391 1338 1428 patrare,
1354 1387 1398 1418 H.
1415 1388 1456 1418 36

1001 1431 1252 1462 Αιῖηιὶηἰειναιίο
1262 1435 1378 1472 portus
1397 1430 1557 1462 tribuitur
1567 1430 1613 1471 ei,
1634 1433 1696 1475 qui

1044 1480 1141 1515 portu
1157 1473 1272 1512 utitur,
1290 1478 1324 1505 ut
1338 1474 1424 1513 vult,
1438 1474 1476 1506 C.
1497 1477 1525 1514 1,
1541 1477 1581 1506 25

1001 1518 1182 1550 Admittere
1195 1527 1332 1559 equum,
1346 1517 1378 1548 ei
1393 1518 1484 1550 frena
1498 1519 1589 1558 dare,
1610 1519 1650 1552 C.
1665 1523 1696 1559 2,

1043 1564 1096 1593 34.
1125 1563 1290 1594 admissus
1302 1571 1418 1604 equus,
1437 1562 1638 1603 concitatus,
1670 1566 1697 1602 1,

999 1649 1187 1681 Admodum
1210 1655 1286 1681 ante
1302 1657 1515 1682 numerorum
1529 1649 1696 1684 vocabula

1042 1699 1103 1732 est,
1119 1692 1252 1725 circiter
1268 1697 1298 1731 5,
1313 1695 1354 1725 40
1644 1691 1647 1694 ’

1000 1737 1147 1772 Adoriri,
1177 1737 1327 1778 adgredi,
1362 1740 1388 1776 1,
1409 1739 1462 1769 40.
1493 1741 1524 1776 2,
1543 1739 1592 1770 11.
1635 1737 1697 1771 Est

1042 1791 1185 1821 surgere,
1201 1787 1237 1811 ut
1249 1781 1389 1812 alterum
1404 1781 1540 1812 invadas

1000 1823 1190 1865 Adpellare,
1205 1824 1238 1856 in
1251 1824 1339 1864 jure,
1351 1824 1391 1855 C.
1404 1826 1436 1863 3,
1452 1825 1504 1855 20.
1520 1824 1698 1866 adpellare

1042 1871 1072 1898 et
1100 1869 1277 1906 cohortari,
1299 1867 1502 1909 adpellando
1516 1867 1696 1907 cohortari,

1044 1913 1131 1950 2ae

1001 1955 1171 1995 Adpetere.
1194 1955 1315 1996 adpetit
1333 1956 1414 1994 dies,
1445 1955 1477 1994 6,
1500 1958 1551 1987 35.
1575 1957 1648 1996 lux,
1666 1957 1699 1994 7,

1044 2000 1096 2037 82,
1111 1998 1356 2040 adpropinquat

1000 2042 1182 2083 Adplicare
1202 2053 1235 2073 se
1263 2042 1310 2073 ad
1333 2042 1498 2081 arborem,
1521 2042 1697 2082 reclinare,

1045 2087 1076 2124 6,
1093 2087 1143 2117 27.
1190 2085 1277 2117 Hinc
1293 2085 1467 2126 adplicare
1480 2096 1602 2118 navem
1615 2088 1697 2124 loco,

1041 2130 1224 2171 adpellere,
1252 2130 1291 2161 A.
1312 2131 1360 2167 17,
1389 2135 1423 2160 et
1449 2129 1620 2172 adplicata
1648 2131 1695 2162 ad

1042 2179 1169 2206 terram
1184 2175 1292 2211 navis,
1307 2172 1346 2204 C.
1362 2175 1392 2212 3,
1414 2174 1470 2204 101

1000 2217 1256 2259 Adprehendere
1269 2218 1389 2255 Iocum,
1412 2226 1490 2248 eum
1505 2214 1573 2249 sibi
1589 2215 1699 2249 vindi-

1043 2271 1134 2300 care,
1149 2270 1328 2301 occupare,
1343 2259 1382 2291 C.
1399 2261 1430 2295 3,
1451 2262 1509 2292 112

1001 2305 1218 2346 Adquiescere
1232 2305 1346 2342 alicui,
1362 2302 1413 2335 Af.
1430 2305 1466 2335 10

1001 2349 1187 2380 Adsciscere
1200 2348 1261 2380 sibi
1273 2350 1385 2386 soce'os,
1403 2349 1430 2385 1,
1446 2349 1465 2378 5

1002 2392 1187 2423 Adsertor-e
1201 2396 1344 2433 portam,
1359 2390 1539 2429 custodire,
1554 2391 1595 2422 C.
1614 2392 1643 2429 1,
1656 2393 1693 2423 21

1044 2435 1133 2467 Hinc
1149 2434 1288 2473 ibidem,
1312 2437 1418 2466 exilu*
1432 2436 1570 2467 ocmdeos
1584 2435 1699 2466 adm·-

1043 2490 1134 2517 rare,
1145 2478 1334 2517 observare,
1349 2488 1390 2509 ne
1404 2477 1447 2509 iis
1460 2478 1556 2510 locus
1568 2479 1675 2512 detur,

1001 2523 1220 2564 Azlspernari,
1236 2533 1321 2564 pass.
1342 2521 1395 2553 Af.
1411 2523 1454 2553 93

1002 2567 1167 2598 Adversus
1194 2567 1296 2605 colli-v,
1324 2569 1356 2604 2,
1386 2567 1418 2597 8.
1447 2565 1627 2597 adver-mm
1654 2575 1699 2604 οε,

1046 2619 1241 2641 conversum
1256 2610 1297 2640 ad
1313 2609 1437 2647 hostes,
1451 2613 1483 2648 5,
1500 2611 1552 2640 35.
1567 2609 1699 2640 adversi

1044 2655 1281 2692 rulneranlur,
1295 2663 1333 2683 os
1347 2658 1379 2683 et
1394 2657 1510 2694 pectus
1520 2652 1697 2684 vulneran-

1047 2702 1107 2735 tur,
1138 2698 1178 2727 Α.
1194 2699 1246 2728 30.
1277 2697 1420 2729 adt-ersa
1444 2706 1522 2735 nox,
1546 2695 1697 2732 inimica,

1045 2740 1208 2772 contraria
1223 2740 1378 2781 inceptis,
1393 2742 1425 2778 4,
1439 2742 1481 2770 28

1005 2785 1190 2822 Advertere,
1218 2783 1492 2824 animadvertere,
1518 2783 1559 2815 C.
1587 2783 1614 2821 1,
1642 2781 1698 2812 81.

1046 2828 1086 2859 Α.
1104 2829 1155 2859 30.
1179 2828 1352 2859 adt-eriere
1365 2829 1520 2858 animum
1540 2825 1614 2865 (ad)
1634 2825 1700 2857 ali-

1047 2871 1142 2912 quid,
1161 2873 1191 2909 1,
1206 2873 1257 2902 24.
1281 2870 1325 2902 cf.
1341 2872 1477 2902 animus

1006 2915 1155 2955 Adytum
1170 2913 1340 2951 definitur,
1356 2913 1396 2944 C.
1414 2915 1444 2951 3,
1463 2914 1521 2944 105

1008 2958 1200 2999 AEqualitm‘
1214 2957 1355 2995 declivis.
1372 2960 1401 2994 2,
1421 2958 1456 2987 18
