1946 3261
243 251 300 294 68
648 238 731 286 DE
764 238 966 285 BELLO
1000 235 1292 281 GALLICO.

245 384 276 404 “
300 382 417 418 sent:
452 385 592 430 prorae
607 367 837 412 admodum
855 374 1009 410 erectae
1029 372 1162 422 atque
1181 363 1285 405 item
1313 374 1500 419 puppes,
1520 357 1574 400 ad
1593 371 1710 414 mag-

242 442 274 462 “
297 431 536 477 nitudinem
556 428 769 472 fluctuum
790 432 1184 484 tempestatumque
1204 418 1560 463 adcommodatae:
1585 429 1712 457 naves

245 500 276 519 ‘⁶
296 499 398 534 totae
415 490 537 532 factae
554 504 608 540 ex
627 487 801 535 robore,
820 485 875 527 ad
903 482 1098 540 quamvis
1118 481 1205 523 vim
1224 488 1269 521 et
1289 475 1590 521 contumeliam
1616 487 1714 531 per-

246 558 276 576 “
295 549 540 597 ferendam
571 554 759 589 transtra
780 543 1005 602 pedalibus
1035 540 1079 583 in
1098 538 1371 582 latitudinem
1400 534 1599 577 trabibus
1617 545 1714 573 con-

243 616 275 637 ⁴‘
298 607 383 650 fixa
401 605 532 650 clavis
548 604 714 653 ferreis,
735 602 862 661 digiti
890 600 1058 659 pollicis
1085 596 1389 642 crassitudine;
1420 607 1599 640 ancorae,
1634 605 1716 647 pro

243 674 276 694 “
298 666 491 715 funibus,
509 663 660 707 ferreis
680 661 839 705 catenis
860 659 1081 703 revinctae:
1106 656 1240 715 pelles
1261 669 1341 713 pro
1358 652 1479 701 velis,
1501 650 1718 704 alutaeque

243 732 275 752 ‘⁶
299 724 490 768 tenuiter
508 723 712 766 confectae
727 720 816 762 sive
838 726 1020 776 propter
1041 716 1117 758 lini
1140 714 1327 772 inopiam
1344 720 1475 768 atque
1499 709 1590 767 ejus
1618 722 1718 748 usus

246 791 277 811 ‘⁶
300 781 582 827 inscientiam,
616 777 704 819 slve
724 791 790 825 eo,
820 776 937 833 quod
965 782 1030 815 est
1048 773 1182 830 magis
1201 770 1446 818 verisimile,
1477 766 1596 825 quod
1627 774 1718 807 tan-

243 849 275 869 “
299 849 364 884 tas
393 844 670 896 tempestates
701 835 864 876 Oceani
897 840 1124 888 tantosque
1154 830 1324 886 inpetus
1347 836 1573 868 ventorum
1597 822 1721 865 susti-

243 908 276 928 “
297 898 407 947 neri,
427 913 476 940 ac
497 902 618 938 tanta
646 908 777 936 onera
798 890 971 933 navium
1004 888 1096 945 regi
1117 887 1224 930 velis
1252 900 1336 928 non
1363 884 1465 925 satis
1486 881 1720 930 commode,

245 967 277 986 “
297 953 672 1001 arbitrabantur.⁷'
734 951 849 993 Cum
876 948 941 990 his
969 947 1149 990 navibus
1179 953 1333 987 nostrae
1362 941 1481 985 classi
1513 939 1720 999 ejusmodi

243 1030 497 1075 congressus
508 1019 619 1060 erat,
634 1018 685 1052 ut
701 1025 786 1052 una
803 1007 1024 1050 celeritate
1042 1016 1086 1047 et
1100 1004 1227 1063 pulsu
1246 1016 1463 1045 remorum
1482 1006 1723 1058 praestaret,

244 1075 432 1132 reliqua,
452 1087 532 1131 pro
561 1069 642 1112 loci
664 1077 836 1116 natura,
868 1081 948 1125 pro
978 1065 1021 1107 vi
1043 1070 1366 1121 tempestatum,
1390 1058 1475 1101 illis
1496 1066 1633 1100 essent
1649 1073 1725 1115 ap-

245 1134 360 1177 tiora
379 1140 425 1174 et
444 1127 857 1174 adcommodatiora:
892 1140 1031 1181 neque
1059 1122 1172 1164 enim
1200 1120 1264 1162 his
1297 1126 1452 1161 nostrae
1481 1125 1620 1159 rostro
1651 1131 1724 1158 no-

247 1208 345 1235 cere
381 1196 610 1248 poterant;
642 1194 764 1229 tanta
795 1185 840 1226 in
871 1183 930 1225 eis
957 1189 1050 1224 erat
1082 1177 1330 1222 firmitudo:
1364 1192 1503 1233 neque
1542 1182 1726 1233 propter

247 1249 525 1293 altitudinem
542 1245 667 1288 facile
681 1244 817 1286 telum
834 1240 1118 1297 adjiciebatur
1131 1247 1176 1279 et
1195 1237 1339 1279 eadem
1357 1236 1410 1277 de
1427 1249 1571 1275 caussa
1587 1233 1727 1275 minus

248 1307 469 1351 commode
501 1304 688 1360 scopulis
709 1300 1059 1342 continebantur.
1124 1294 1390 1341 Accedebat,
1415 1300 1479 1340 ut,
1501 1307 1637 1348 quum
1655 1307 1728 1334 sae-

246 1366 341 1410 vire
363 1371 518 1406 ventus
538 1359 739 1417 coepisset
771 1366 816 1398 et
852 1373 894 1397 se
930 1364 1059 1397 vento
1090 1353 1318 1400 dedissent,
1353 1358 1397 1392 et
1426 1357 1730 1408 tempestatem

248 1425 414 1467 ferrent
446 1418 630 1466 facilius,
663 1424 707 1458 et
742 1416 783 1458 iu
822 1413 939 1457 vadis
961 1411 1242 1455 consisterent
1275 1408 1428 1457 tutius,
1451 1417 1511 1459 et,
1535 1407 1592 1451 ab
1624 1416 1729 1452 aestu

253 1569 286 1601 in
325 1566 419 1599 sicco
457 1569 491 1595 et
518 1559 630 1594 arenis
667 1558 840 1596 destituta,
878 1566 957 1587 cum

250 1613 338 1644 ferre
355 1610 464 1651 potest
480 1608 546 1638 hoc
566 1603 833 1636 incommodum.
868 1601 958 1631 Bene

251 1653 417 1696 expressit
431 1649 595 1690 metaplir.
609 1648 665 1679 Gr.
682 1645 833 1688 ὑποφέρειν·
867 1645 958 1674 Idem

253 1704 318 1737 est,
333 1696 425 1738 quod
441 1695 507 1726 hoc
531 1691 646 1733 capite
661 1696 810 1721 extremo
825 1687 960 1729 legitur.

255 1745 294 1773 ivz
316 1741 409 1772 vad&
438 1742 540 1772 tulim-
565 1738 749 1771 consistere,
773 1737 802 1763 et
823 1732 865 1763 ab
880 1737 962 1763 aestu,

256 1785 428 1817 derelictas
477 1781 566 1813 nihil
591 1789 678 1811 saa-a
715 1783 745 1809 et
779 1781 892 1808 cautes
925 1776 963 1807 ec·-

256 1839 358 1861 mere.
406 1826 456 1858 M.

305 1874 352 1904 Ac
367 1872 547 1902 decessum.
570 1867 614 1897 al.
637 1866 826 1897 discessum.
847 1865 964 1895 Petav.

258 1917 305 1948 ad
346 1916 522 1946 decessum.
552 1908 611 1941 ubi
653 1909 741 1941 vada
766 1905 965 1939 nominandi

257 1969 343 1991 casu
357 1956 488 1998 accipit
504 1953 660 1986 Oudend.
695 1952 728 1982 In
746 1957 881 1992 recepta
897 1950 966 1981 lec-

260 2002 355 2034 tione
369 2007 420 2033 est
433 1999 612 2042 hypallage
629 2006 688 2038 pro
706 1996 793 2027 rada
806 1996 967 2037 excipiunt

260 2055 407 2078 carmus.

310 2091 440 2121 Ferreis
480 2088 613 2118 ratmzis.
659 2083 779 2114 Strabo
805 2083 845 2114 L.
874 2083 906 2112 4.
934 2092 975 2122 p.

267 2135 342 2164 195.
364 2133 441 2164 vela
465 2132 587 2161 catenis
616 2134 708 2160 tensa
735 2126 846 2158 refert.
877 2125 968 2167 quod

262 2177 400 2208 falsum.
414 2174 460 2205 cf.
474 2184 552 2214 cap.
568 2182 638 2212 seq.

315 2222 395 2251 Hoe.
442 2218 519 2248 Hoc
546 2215 700 2252 verbum,
737 2213 801 2245 etsi
833 2213 970 2243 Ouden-

266 2263 408 2304 dorpius
432 2266 509 2292 anto
533 2261 599 2289 sire
631 2263 762 2298 propter
791 2257 823 2288 in
852 2255 971 2287 multis

267 2308 369 2339 codd.
395 2303 532 2346 reperit,
557 2307 591 2332 et
613 2301 661 2332 sic
692 2299 891 2341 explicavit,
915 2301 973 2330 hoc

266 2351 404 2393 quidem
413 2349 530 2389 fiebat,
546 2351 657 2376 tamen
675 2350 756 2392 puto
780 2343 973 2379 delendum,

268 2400 385 2428 natum
413 2393 553 2423 sortasse
569 2398 610 2419 ex
627 2388 747 2418 ultima
776 2386 869 2418 verbi
887 2397 974 2427 prae-

269 2437 374 2480 gressi
384 2435 530 2477 syllaba.
555 2433 605 2464 M.
650 2430 799 2461 Omnino
815 2431 902 2461 male
919 2429 972 2460 hic

270 2484 446 2514 intrusum.
475 2475 602 2509 delevi.
620 2476 710 2506 Idem
736 2473 826 2506 Oud.
845 2473 925 2504 fecit
941 2473 973 2504 in

272 2525 357 2558 edit.
373 2522 572 2556 recentiore.

320 2571 395 2600 Sive
409 2578 457 2606 eo,
473 2566 575 2608 quod.
591 2561 630 2594 Τό
642 2574 679 2595 eo
695 2573 714 2594 e
729 2561 827 2594 codd.
846 2562 975 2603 recepit

271 2612 430 2645 Oudend.

322 2658 408 2688 Satis
423 2654 602 2686 commode.
646 2650 767 2683 Clarke.
780 2649 874 2681 addit
884 2660 978 2692 posse

275 2710 295 2732 e
310 2700 409 2732 codd.
434 2698 561 2729 Abesse
578 2700 688 2737 potest
703 2695 838 2735 inpune.

330 2746 403 2775 Una
432 2743 607 2773 celem'tate.
651 2738 758 2770 Codd.
779 2736 919 2779 quidam
941 2739 978 2767 ’ῖη

277 2796 361 2824 una,
376 2786 466 2827 quod
485 2784 608 2826 probat
627 2783 756 2814 Wasse.
802 2781 857 2812 Sic
875 2786 907 2811 et
922 2790 978 2821 ap.

280 2830 415 2862 Lucret.
445 2833 477 2865 5,
518 2829 613 2866 1354,
648 2831 787 2868 praestat
821 2829 858 2856 in
894 2830 979 2856 arte.

282 2872 369 2905 Dein
386 2873 477 2913 apud
495 2871 639 2902 Dionem
665 2872 717 2908 39,
741 2871 795 2900 41.
818 2869 859 2899 de
881 2867 979 2899 navi-

278 2917 345 2950 bus
361 2914 498 2948 Venetis
517 2915 696 2957 legendum
711 2912 886 2955 παχύτητι,
911 2921 978 2944 non

1027 1555 1196 1597 ταχύτητι.
1231 1556 1255 1586 1.
1280 1554 1319 1585 C.
1349 1554 1393 1585 11.
1411 1552 1551 1586 rescribi
1574 1554 1672 1595 jubet
1696 1559 1733 1585 ut

1029 1603 1098 1632 haec
1123 1600 1186 1630 illis
1206 1600 1368 1630 celeritate
1390 1604 1423 1629 et
1449 1608 1526 1629 mox
1543 1598 1611 1639 legi
1625 1608 1733 1639 neque

1028 1646 1119 1675 enim
1134 1644 1201 1673 illis
1217 1647 1348 1673 nostrae.
1372 1641 1479 1672 Crede
1494 1641 1594 1680 mihi,
1613 1642 1733 1682 vulga-

1028 1693 1100 1719 tum
1119 1687 1205 1717 bene
1221 1686 1334 1717 habet.

1078 1731 1184 1763 Pulsa
1207 1740 1388 1761 remorum.
1415 1729 1448 1761 in
1463 1730 1539 1761 cod.
1556 1740 1616 1761 suo
1633 1728 1735 1772 Cuja-

1030 1774 1103 1805 cius
1125 1774 1276 1805 additum
1292 1774 1414 1814 reperit
1429 1776 1634 1811 imitatione,
1663 1773 1736 1804 siue

1031 1817 1137 1850 dubio
1168 1818 1350 1859 glossema.
1395 1818 1536 1848 Grutero
1573 1818 1606 1847 τὲ
1634 1819 1737 1859 pulsu

1031 1863 1144 1904 glossa
1159 1861 1350 1892 videbatur.

1081 1907 1242 1944 scopulis.
1303 1904 1399 1936 Nihil
1429 1906 1470 1936 ad
1502 1916 1572 1937 rem
1603 1905 1736 1937 faciunt

1036 1949 1184 1990 scopuli.
1209 1949 1300 1991 Ergo
1317 1949 1489 1980 verissima
1504 1956 1553 1980 est
1569 1949 1736 1981 sementia

1035 1992 1258 2027 llotomanni,
1285 1993 1343 2034 qui
1371 1995 1495 2034 copulis
1522 1993 1588 2034 legi
1617 1992 1739 2024 voluit.

1034 2037 1187 2078 Copulas
1213 2042 1328 2067 autem
1359 2036 1594 2078 interpretatur
1621 2047 1740 2068 manus

1035 2082 1172 2115 ferreas.
1189 2092 1246 2111 seu
1267 2081 1492 2121 harpagones,
1509 2080 1542 2111 h.
1555 2091 1586 2112 e.
1599 2091 1738 2119 asseres,

1038 2135 1124 2156 unco
1155 2126 1264 2156 seri-eo
1297 2126 1462 2164 praefixos.
1501 2124 1560 2165 qui
1591 2125 1737 2156 navibus

1036 2169 1152 2210 injecti
1170 2179 1227 2198 cas
1253 2168 1353 2198 veluti
1381 2178 1480 2199 manu
1497 2168 1675 2209 prehensas
1691 2174 1740 2199 te-

1036 2213 1174 2244 nebant.
1220 2211 1360 2241 Possunt
1376 2211 1501 2242 tirones
1527 2212 1638 2252 legere
1664 2211 1740 2243 Liv.

1040 2258 1093 2295 30,
1117 2258 1163 2287 10.
1180 2255 1268 2286 Flor.
1284 2258 1315 2291 2,
1330 2258 1361 2293 2,
1371 2257 1402 2285 9.
1418 2254 1606 2286 Probarunt
1624 2255 1742 2288 Davis.

1040 2305 1073 2331 et
1111 2299 1329 2340 Oudendorp.
1368 2299 1453 2329 hanc
1499 2300 1740 2340 conjecturam,

1039 2342 1174 2374 etiamsi
1199 2343 1321 2383 copula
1344 2342 1440 2373 nullo
1467 2342 1537 2374 alio
1568 2344 1647 2374 loco
1674 2343 1739 2376 hac

1039 2387 1285 2427 significatione
1325 2385 1467 2417 dicatur.
1532 2386 1740 2419 Labor-atum

1041 2442 1114 2461 esse
1131 2430 1163 2462 in
1179 2440 1276 2461 sensu
1292 2429 1374 2465 loci.
1400 2430 1505 2461 etiam
1523 2429 1598 2461 inde
1611 2441 1741 2473 coguo-

1045 2474 1159 2509 scitur,
1189 2473 1268 2514 quia
1300 2474 1506 2505 recentiores
1536 2476 1741 2507 immnnwde

1044 2529 1103 2558 pro
1119 2517 1285 2549 commode
1299 2517 1436 2559 vulgare
1457 2526 1645 2558 coeperant.
1690 2519 1742 2550 M.

1044 2561 1184 2593 Vossius
1212 2561 1384 2601 vulgatum
1420 2568 1542 2599 tuetur,
1583 2568 1743 2604 putatque

1043 2611 1183 2647 propter
1211 2604 1422 2637 altitudinem
1464 2611 1497 2636 et
1528 2605 1742 2637 latitudinem

1041 2660 1109 2681 ἰιοη
1124 2649 1290 2680 commode
1306 2648 1327 2679 i.
1339 2660 1370 2679 e.
1384 2660 1449 2681 non
1459 2648 1573 2682 facile.
1590 2649 1620 2679 οὗ
1629 2647 1744 2690 ῥᾳδίως,

1042 2698 1209 2725 commun-s·
1237 2694 1391 2734 scopulis.
1461 2691 1603 2724 Rectius
1633 2693 1744 2724 forsan

1044 2736 1194 2767 liausius
1234 2735 1280 2766 ob
1313 2736 1481 2777 planiores
1520 2736 1658 2767 carinas.
1705 2737 1743 2766 Τδ

1041 2780 1243 2812 incommode
1259 2779 1389 2811 intrusit
1404 2780 1566 2821 Scaliger.

1091 2825 1134 2855 Et
1149 2834 1182 2855 se
1204 2829 1295 2857 vento
1319 2824 1491 2858 ‹led-issent.
1513 2823 1626 2865 glossa
1649 2823 1744 2857 vide-

1044 2874 1096 2901 tur
1109 2878 1193 2900 esse.
