1946 3261
1655 156 1744 203 389

662 158 782 208 LIB.
814 159 901 208 ΙΙΙ.
963 160 1104 208 CAP.
1135 157 1328 205 68-70.

248 289 606 334 transcenderunt
637 291 860 352 omnisque
897 299 1044 337 noster
1075 290 1298 349 equitatus
1328 303 1398 332 eas
1438 287 1637 333 cohortes
1674 294 1743 331 est

244 357 434 393 secutus.

306 408 375 451 69.
410 409 593 453 Interim
616 408 865 470 Pompeius,
902 407 981 451 hac
1002 407 1104 450 satis
1125 408 1255 466 longa
1276 408 1503 466 interjecta
1522 422 1660 456 mora,
1692 412 1740 449 et

245 482 294 508 re
315 469 536 519 nunciata,
569 471 769 528 quintam
790 469 1020 527 legionem,
1042 468 1099 510 ab
1120 484 1253 525 opere
1274 468 1522 516 deductam,
1545 465 1741 509 subsidio

247 526 333 569 suis
353 528 499 570 duxit:
536 529 774 585 eodemque
797 529 994 586 tempore
1021 526 1245 584 equitatus
1276 527 1368 583 ejus
1398 526 1554 568 nostris
1583 523 1744 583 equiti-

247 584 329 628 bus
347 586 752 645 adpropinquabat,
785 596 830 629 et
858 587 971 638 acies
1002 585 1214 629 instructa
1233 600 1258 626 a
1277 585 1450 633 nostris,
1482 584 1558 642 qui
1596 592 1744 627 castra.

246 656 584 703 occupaverant,
635 646 896 688 cernebatur
935 645 1166 704 omniaque
1206 652 1308 685 sunt
1358 644 1505 686 subito
1551 652 1739 686 mutata.

248 702 515 761 Pompeiana
549 705 665 747 enim
696 705 828 762 legio,
867 704 1016 747 celeris
1052 721 1128 764 spe
1165 702 1344 746 subsidii
1381 701 1649 751 confirmata,
1683 703 1741 745 ab

243 761 481 806 decumana
515 773 647 822 porta
677 765 872 807 resistere
907 765 1149 807 conabatur
1182 771 1316 820 atque
1345 762 1466 804 ultro
1501 761 1545 803 in
1574 769 1745 803 nostros

243 820 444 879 inpetum
472 822 676 866 faciebat.
740 823 976 881 Equitatus
1009 823 1206 872 Caesaris,
1235 821 1356 878 quod
1381 828 1566 879 angusto
1586 820 1741 862 itinere

244 895 325 937 per
346 896 527 939 aggeres
548 881 856 933 adscendebat,
899 883 1096 939 receptui
1126 899 1201 924 suo
1232 882 1401 930 timens,
1432 879 1601 922 initium
1625 880 1743 937 fugae

242 939 446 983 faciebat.
504 942 731 985 ‘Dextrum
768 958 920 992 cornu,
963 941 1080 1000 quod
1112 950 1206 984 erat
1245 956 1271 982 a
1312 939 1484 982 sinistro
1509 938 1741 987 seclusum,

246 1006 416 1042 terrore
437 1001 635 1058 equitum
655 1001 968 1050 animadverso,
1002 1016 1054 1043 ne
1076 1001 1190 1043 intra
1212 999 1496 1042 munitionem
1522 997 1744 1055 obprime-

243 1066 386 1109 retur,
408 1076 462 1102 ex
482 1071 625 1118 parte,
659 1078 746 1119 qua
779 1061 1039 1118 proruebat,
1069 1077 1158 1102 sese
1181 1058 1437 1117 recipiebat,
1469 1074 1518 1100 ac
1540 1057 1744 1115 plerique

243 1134 296 1160 ex
317 1118 382 1168 iis,
406 1135 459 1162 ne
481 1120 521 1162 in
544 1120 766 1177 angustias
789 1120 1044 1168 inciderent,
1067 1120 1216 1162 decem
1241 1118 1401 1177 pedum
1422 1116 1673 1160 munitionis
1696 1133 1743 1158 se

244 1175 287 1218 in
331 1178 460 1221 fossas
498 1179 855 1238 praecipitabant:
906 1179 1144 1236 primisque
1187 1177 1416 1235 obpressis,
1459 1175 1620 1233 reliqui
1663 1191 1742 1233 per

241 1233 399 1279 horum
422 1254 607 1296 corpora
623 1239 805 1281 salutem
826 1238 907 1282 sibi
925 1247 1059 1295 atque
1078 1238 1242 1280 exitum
1262 1236 1508 1294 pariebant.
1557 1234 1745 1278 Sinistro

239 1310 376 1338 cornu
398 1297 571 1346 milites,
589 1314 726 1355 quum
746 1314 800 1339 ex
821 1297 936 1339 vallo
962 1297 1218 1356 Pompeium
1239 1296 1385 1338 adesse
1404 1303 1448 1337 et
1469 1311 1567 1337 suos
1587 1295 1743 1353 fugere

241 1365 485 1406 cernerent,
518 1357 665 1406 veriti,
700 1373 751 1398 ne
773 1356 983 1413 angustiis
1013 1355 1431 1402 intercluderentur,
1461 1370 1599 1411 quum
1617 1362 1745 1397 extra

242 1421 289 1455 et
327 1414 442 1457 intus
474 1414 640 1458 hostem
676 1415 902 1463 haberent,
941 1414 1109 1463 eodem,
1149 1430 1237 1472 quo
1272 1422 1497 1462 venerant,
1539 1412 1743 1471 receptui

243 1472 324 1515 sibi
364 1474 663 1524 consulebant,
703 1474 932 1531 omniaque
969 1482 1094 1515 erant
1128 1471 1361 1520 tumultus,
1399 1471 1583 1520 timoris,
1624 1472 1742 1530 fugae

244 1532 387 1589 plena,
409 1533 518 1576 adeo
541 1542 606 1583 ut,
637 1550 775 1591 quum
800 1534 944 1576 Caesar
965 1532 1088 1589 signa
1116 1531 1379 1589 fugientium
1401 1546 1530 1573 manu
1555 1529 1741 1588 prehen-

239 1591 365 1634 deret
386 1601 430 1635 et
451 1593 683 1636 consistere
700 1593 895 1650 juberet,
916 1591 988 1634 alii
1007 1590 1188 1632 dimissis
1208 1589 1331 1646 equis
1347 1589 1550 1632 eumdem
1568 1605 1743 1632 cursum

238 1650 516 1701 conficerent,
537 1652 611 1694 alii
628 1669 681 1694 ex
703 1661 821 1694 metu
841 1651 972 1693 etiam
995 1649 1116 1708 signa
1137 1648 1424 1697 dimitterent,
1448 1664 1590 1706 neque
1624 1648 1742 1706 quis-

240 1726 372 1768 quam
395 1711 568 1754 omnino
589 1710 857 1754 consisteret.

299 1770 369 1811 70.
408 1770 490 1813 His
513 1771 644 1813 tantis
666 1770 788 1813 malis
810 1769 899 1813 haec
921 1767 1111 1811 subsidia
1132 1768 1464 1811 succurrebant.
1489 1783 1578 1824 quo
1600 1766 1742 1810 minus

239 1829 376 1872 omnis
405 1829 629 1873 deleretur
659 1830 892 1878 exercitus,
930 1828 1047 1886 quod
1090 1827 1323 1886 Pompeius
1365 1825 1536 1869 insidias
1568 1826 1739 1876 timens,

241 1888 407 1943 (credo,
431 1890 550 1948 quod
574 1889 663 1932 hxec
697 1898 856 1947 practer
888 1905 1009 1946 spem
1047 1887 1295 1930 acciderant.
1334 1886 1440 1944 ejus,
1475 1885 1551 1942 qui
1586 1885 1741 1943 paullo

241 1959 343 1990 ante
366 1965 417 1991 ex
441 1949 592 1991 castris
614 1950 832 2006 fugientes
855 1964 953 1990 suos
980 1948 1298 2004 conspexerat,)
1332 1943 1646 1987 munitionibus
1667 1944 1741 1987 ad-

244 2009 541 2066 propinquare
562 2006 829 2066 aliquamdiu
864 2023 947 2049 non
980 2006 1188 2054 audebat,
1226 2004 1484 2062 equitesque
1520 2003 1628 2061 ejus,
1666 2019 1741 2045 an-

242 2067 381 2124 gustis
424 2067 563 2125 portis
597 2076 732 2124 atque
772 2066 835 2109 his
872 2083 897 2109 a
935 2065 1116 2108 Caesaris
1158 2063 1368 2106 militibus
1406 2062 1644 2120 occupatis,
1682 2062 1740 2104 ad

242 2126 557 2184 insequendum
605 2126 907 2169 tardabantur.

289 2317 526 2350 Azlsrentlebat.
544 2317 564 2348 J
569 2315 698 2348 urinius
714 2315 950 2347 adscmzzlerat.

245 2362 288 2392 V.
306 2374 383 2403 cap.
402 2362 544 2403 praeced.
590 2362 656 2393 Sed
680 2362 855 2402 vulgatum
871 2371 953 2402 pro-

244 2407 328 2438 bum
343 2406 489 2438 videtur.

292 2453 347 2482 Ja'm
378 2456 491 2493 parte,
522 2462 592 2493 qua
625 2462 716 2493 pror.
756 2450 838 2490 Leg-
874 2460 953 2480 cum

241 2496 391 2527 Fae'mo:
416 2501 579 2538 capartv.
603 2506 671 2536 qua
685 2499 888 2535 perruperat
906 2504 953 2525 sc.

242 2540 483 2572 munitionem.
508 2541 573 2571 Sed
589 2546 621 2570 et
633 2543 813 2581 piverum-at
830 2539 953 2568 eodem

244 2595 341 2616 sensu
359 2584 487 2615 dictum
506 2583 629 2615 servari
646 2583 780 2624 poterit.
810 2584 860 2613 M.
896 2582 952 2613 Sic

247 2629 365 2660 Davis.
411 2629 476 2660 Sed
498 2628 652 2659 Jurinius
677 2637 748 2668 qua
771 2631 954 2669 promorat
999 2653 1001 2655 .

244 2674 402 2711 munitio,
415 2672 615 2704 cohortibus
623 2671 863 2714 equitibusque
877 2681 954 2702 eam

244 2717 573 2750 transcendentibus.

291 2764 449 2804 Receptui
475 2763 546 2794 sibi.
599 2761 682 2802 Leg.
705 2764 851 2802 receptu,
880 2770 955 2794 mo-

242 2813 342 2839 nente
362 2806 497 2839 Vossio.
524 2806 574 2838 M.
598 2805 654 2838 Sic
673 2805 705 2836 in
721 2805 862 2845 antiquo
877 2805 957 2836 cod.

244 2851 369 2893 reperit
396 2851 596 2891 Manutius,·
628 2849 718 2883 alius
743 2854 778 2882 et
790 2849 870 2882 edd.
886 2853 957 2881 vet.

243 2906 387 2929 recessu.

1003 2125 1069 2166 lta

243 2194 477 2245 utramque
499 2193 670 2245 partem
692 2194 955 2229 momentum
978 2184 1241 2227 habuerunt.

1121 2139 1267 2182 parvae
1318 2139 1386 2165 res
1437 2137 1642 2179 magnum
1697 2121 1741 2164 in

1308 2181 1579 2225 Munitiones
1604 2181 1736 2230 enim,

1067 2316 1223 2346 Dimissis
1247 2315 1355 2356 equis.
1398 2313 1479 2353 Leg.
1509 2314 1676 2349 admissis,
1700 2315 1738 2341 ut

1018 2358 1406 2398 Faernusciaceonius,
1425 2359 1665 2390 liotomannus
1681 2355 1735 2387 vi⁴

1018 2406 1149 2436 derunt.
1174 2405 1222 2436 M.

1066 2450 1219 2480 Omnino.

1020 2496 1127 2526 nium.

1067 2539 1161 2579 Ejus,
1176 2540 1246 2579 qui.
1283 2536 1348 2568 llic
1365 2536 1454 2567 male
1470 2534 1615 2567 antehac.
1633 2533 1734 2566 inter-

1019 2583 1248 2625 pungebatur.

1065 2629 1234 2667 Anqmetiix
1248 2628 1422 2669 portisque
1436 2635 1458 2656 a
1477 2625 1513 2655 C.
1530 2634 1576 2654 m.
1593 2633 1735 2664 occupa-

1017 2676 1070 2704 tIs.
1109 2673 1144 2703 ln
1163 2669 1337 2713 plerisque
1362 2669 1463 2700 codd.
1480 2673 1553 2698 est:
1583 2669 1736 2708 anqustis

1017 2719 1121 2759 porti-s·
1138 2721 1239 2757 atque
1256 2716 1307 2745 his
1317 2725 1340 2745 a
1355 2715 1392 2745 C.
1403 2723 1449 2743 m.
1465 2722 1530 2744 occ·
1541 2721 1642 2753 quam
1657 2721 1733 2742 esse

1020 2767 1106 2803 puto
1122 2760 1308 2791 lectionem
1325 2767 1452 2789 veram.
1484 2757 1537 2789 M.
1584 2755 1736 2789 Restitui

1020 2805 1225 2839 merebatur.
1240 2801 1340 2835 Dedi.

1277 2446 1455 2480 Manutius
1487 2444 1625 2488 conjicit
1661 2456 1735 2476 om-
