1946 3261
473 248 488 252 ”’
510 252 512 254 ’
536 243 670 288 LIB.
712 243 870 288 CAP.
901 242 1091 289 32—34.
1116 247 1120 251 '
1156 286 1160 289 ,
1185 246 1187 249 ’
1223 245 1235 287 Γ.
1483 239 1572 284 563.

105 376 259 418 essent,
282 369 544 413 conveniunt
577 370 621 413 in
650 370 842 420 domum,
879 386 967 428 quo
991 376 1090 413 erat
1126 367 1314 418 delatus,
1342 367 1435 425 (qui
1459 366 1572 411 arbi!-

104 429 209 471 trati
231 438 330 471 sunt
351 429 595 472 clanculum
624 430 819 486 venisse,)
848 437 896 471 ut
917 429 972 470 ab
994 445 1061 478 eo,
1093 443 1188 485 quae
1209 426 1357 475 vellet,
1383 427 1435 469 de
1456 425 1572 469 bello

104 487 392 543 requirerent.
460 488 604 537 Quum
626 488 871 546 frequentia
892 486 1174 535 convenisset,
1195 486 1248 528 de
1276 484 1425 528 lectica
1447 484 1572 527 Pom·—

106 546 229 603 peius
250 562 399 589 eorum
422 546 465 588 in
486 545 611 587 fidem
633 547 841 603 confugit.
1562 571 1565 575 ι

161 605 233 646 33.
269 605 429 654 Caesar,
449 620 500 646 ex
522 604 677 660 proelio
700 604 870 647 Munda
897 601 1134 646 munitione
1162 600 1439 649 circumdata,
1465 601 1571 644 Cor-

103 661 265 704 dubam
298 662 431 704 venit.
506 662 593 710 Qui
625 678 676 703 ex
708 662 821 704 caede
853 678 902 704 eo
938 661 1207 718 refugerant,
1245 667 1421 717 pontem
1451 675 1572 700 occu<-

105 727 334 776 paverunt.
410 721 556 769 Quum
594 735 643 762 eo
680 729 787 762 esset
822 728 1014 768 ventum,
1061 717 1293 761 conviciari
1332 724 1572 773 coeperunt,

106 783 136 803 ‘⁶
161 793 235 820 nos
254 794 307 820 ex
327 778 481 836 proelio
503 793 662 835 paucos
682 794 902 836 superesse
923 794 931 819 :
966 794 1053 835 quo
1074 777 1400 834 confugeremus
1418 776 1460 817 ?'’
1506 773 1575 816 Ita

41 836 43 839 ’
103 851 298 894 pugnare
335 845 561 903 coeperunt
596 837 648 879 de
686 846 831 896 ponte.
895 837 1038 880 Caesar
1077 835 1234 878 flumen
1270 831 1488 891 transjecit
1529 839 1574 874 et

102 903 241 937 castra
275 904 435 953 posuit.
500 896 704 953 Scapula,
743 897 875 938 totius
910 894 1125 938 seditionis
1161 893 1332 935 familiae
1365 900 1408 934 et
1446 891 1574 933 liber.-

101 953 292 996 tinorum
313 961 460 1012 caput,
484 970 535 995 ex
557 955 712 1011 proelio
731 954 982 997 Cordubam
999 968 1135 1010 quum
1151 952 1348 1000 venisset,
1371 950 1577 992 familiam

106 1020 151 1053 et
173 1012 350 1054 libertos
371 1013 639 1063 convocavit,
676 1029 829 1071 pyram
864 1013 943 1055 sibi
967 1011 1198 1061 exstruxit,
1232 1025 1395 1053 coenam
1417 1008 1582 1050 adferri

107 1085 236 1126 quam
257 1070 442 1128 opimam
470 1070 715 1128 imperavit,
755 1072 856 1113 item
890 1071 1062 1129 optimis
1096 1067 1418 1112 insternendum
1450 1067 1578 1109 vesti-

105 1128 285 1170 mentis:
320 1129 543 1187 pecuniam
565 1138 609 1171 et
630 1139 859 1186 argentum
882 1130 923 1171 in
946 1128 1171 1187 praesentia
1195 1127 1366 1169 familiae
1386 1124 1579 1168 donavit.

109 1185 207 1244 Ipse
236 1186 290 1228 de
315 1197 509 1245 tempore
531 1188 732 1238 coenavit,
763 1189 945 1230 resinam
966 1196 1009 1229 et
1031 1187 1210 1230 nardum
1234 1184 1479 1228 idemtidem
1500 1184 1582 1226 sibi

104 1243 306 1288 infundit.
370 1245 439 1288 Ita
469 1246 693 1289 novissimo
724 1255 921 1305 tempore
951 1261 1120 1289 servum
1147 1244 1272 1302 jussit
1293 1252 1336 1285 et
1357 1241 1578 1293 libertum,

107 1303 184 1360 qui
214 1304 361 1346 fuisset
392 1304 482 1361 ejus
513 1306 791 1357 concubinus,
832 1305 1019 1348 alterum
1058 1320 1101 1347 se
1137 1302 1355 1362 jugulare,
1393 1300 1582 1343 alterum

113 1376 268 1420 pyram
288 1362 530 1405 incendere.

168 1420 240 1462 34.
287 1421 506 1478 Oppidani
538 1430 697 1473 autem,
727 1422 854 1464 simul
878 1422 1021 1464 Caesar
1043 1427 1183 1462 castra
1205 1426 1356 1461 contra
1376 1416 1585 1475 oppidum

113 1478 275 1536 posuit,
307 1479 557 1522 discordare
590 1478 817 1539 coeperiint
854 1496 989 1537 usque
1024 1494 1089 1530 eo,
1125 1486 1175 1520 ut
1197 1477 1359 1519 clamor
1380 1476 1423 1517 in
1445 1484 1586 1518 castra

111 1545 261 1581 nostra
282 1539 531 1596 perveniret
551 1540 657 1589 fere,
677 1540 789 1582 inter
809 1539 1070 1583 Caesarianos
1090 1544 1134 1579 et
1156 1536 1269 1578 inter
1287 1534 1584 1592 Pompeianos.

163 1695 378 1728 Clanculum.
435 1694 575 1737 Lipsius
611 1694 823 1738 conjectabat

114 1740 317 1779 'Gali-ilium,
329 1741 369 1770 de
384 1750 453 1780 quo
470 1750 559 1770 mox.

170 1784 278 1814 Vellet.
317 1783 371 1814 Sic
389 1784 489 1816 codd.
523 1783 634 1824 Vulgo
651 1784 740 1815 male
754 1783 822 1814 vel-

123 1827 200 1858 lenc.

165 1871 203 1902 M
206 1870 300 1902 unda
306 1872 654 1903 munit.ci7·cumdata.
666 1871 824 1902 Editores

120 1923 243 1945 nomen
272 1914 406 1946 Munda
433 1920 551 1946 contra
576 1915 673 1946 codd.
689 1914 825 1946 addide-

121 1962 209 1988 runt.
233 1957 337 1995 Bene,
353 1957 381 1988 si
392 1958 566 1989 historiam
585 1964 720 1999 spectes
735 1969 741 1987 ε
758 1956 823 1987 etsi

123 2001 262 2032 fortasse
294 2011 360 2032 non
387 2012 474 2042 opus
499 2002 583 2033 fuit:
616 2012 691 2033 nam
712 2011 730 2031 e
746 2008 824 2041 cap.

125 2047 178 2075 32.
207 2044 287 2075 satis
320 2045 530 2086 intelligitur,
559 2051 634 2086 post
665 2044 824 2086 proelium

122 2087 287 2119 Mundam
304 2098 376 2119 esse
389 2088 548 2120 cinctam.
573 2090 623 2119 M.

169 2133 319 2173 Scapula
334 2132 405 2173 jam
421 2138 509 2171 ante,
526 2142 625 2173 quam
643 2132 705 2163 Cn.
724 2133 825 2162 Pom-

123 2174 219 2216 peius
247 2174 280 2206 in
307 2175 508 2216 Hispaniam
540 2181 688 2214 venerat,
711 2175 826 2206 audita

122 2218 296 2260 Scipionis
309 2219 351 2250 ad
362 2220 538 2260 Thapsum
550 2220 656 2257 clade,
673 2230 692 2250 a
708 2217 828 2249 militi-

122 2262 186 2294 bus
203 2262 235 2293 in
251 2261 417 2304 Hispania
433 2263 538 2293 lectus
561 2269 610 2294 est
637 2273 713 2293 cum
732 2264 826 2303 Apo-

120 2306 183 2337 nio
199 2307 287 2345 Dux,
312 2317 512 2348 omnemque
536 2306 734 2348 Hispaniam
752 2307 825 2337 Bae-

121 2350 225 2381 ticam
241 2360 261 2380 a
283 2349 415 2381 Caesare
437 2350 591 2389 abduxit,
615 2350 764 2392 posthaec
789 2360 825 2380 se

124 2404 201 2424 cum
230 2393 396 2434 Pompeio
419 2393 607 2435 conjunxit.
648 2393 715 2425 Dio
731 2393 824 2424 Cass.

123 2441 178 2475 43,
192 2439 245 2475 29,
262 2439 315 2467 30.
326 2447 357 2467 v.
374 2437 450 2468 Cic.
462 2438 505 2468 ad
516 2437 557 2469 D.
568 2439 662 2476 9,13.
680 2438 828 2469 Familia

124 2487 199 2511 sunt
214 2479 312 2511 servi.
338 2481 387 2510 M.

169 2525 337 2566 Opimam.
377 2523 484 2554 Codd.
504 2524 575 2556 fere
588 2527 747 2565 optimam
764 2524 824 2554 ha-

121 2568 204 2598 bent
220 2566 400 2598 manifesto
415 2578 538 2599 errore.
580 2568 681 2599 Conf.
702 2569 774 2599 Ind.
790 2568 823 2598 in

124 2622 240 2653 quam.
276 2611 327 2640 M.

171 2653 444 2698 Ixnsternendam.
474 2656 554 2695 Leg.
571 2665 589 2684 e
602 2654 701 2686 bonis
715 2653 822 2691 libris,

123 2698 387 2734 insta-nendum,
410 2702 451 2728 ut⁷
463 2698 506 2728 sit
524 2698 742 2738 inpersonale,
762 2701 823 2727 im-

123 2744 262 2782 peravit,
276 2745 312 2771 ut
328 2743 579 2772 itt-sterneretur.
617 2741 693 2772 Alia
709 2740 823 2779 lectio,

123 2785 353 2826 superadditis,
395 2790 444 2814 est
481 2783 822 2825 interpretamentum.

127 2827 336 2859 Vestimenta
356 2834 432 2858 sunt
459 2828 493 2858 h.
517 2828 540 2858 l.
564 2833 694 2868 tapetes
719 2827 824 2859 tricli-

130 2871 274 2908 niorum,
288 2877 400 2902 vestes
415 2871 580 2912 stragulae.
603 2870 655 2902 M.

174 2917 227 2948 De
242 2920 394 2957 tempore,
416 2920 494 2947 ante
519 2925 711 2956 vesperum,
734 2913 824 2956 quod

886 1693 974 1725 alibi
1001 1698 1051 1725 est
1076 1693 1116 1724 cle
1141 1693 1195 1724 (lie
1216 1700 1369 1724 coenare:
1397 1689 1485 1720 unde
1500 1693 1588 1722 tem-

886 1738 1017 1780 pestiva
1033 1736 1202 1768 convivia.
1234 1736 1282 1766 M.

936 1782 1092 1813 Resinam
1119 1785 1149 1811 et
1172 1779 1334 1811 nardum.
1367 1779 1402 1809 In
1425 1775 1502 1809 aliis
1525 1779 1588 1813 est,

890 1828 1007 1856 vinum
1031 1831 1060 1856 et
1088 1824 1264 1861 ‘nartlum;
1294 1823 1327 1853 in
1350 1821 1438 1860 aliis,
1461 1823 1587 1857 vinum,

887 1872 1036 1900 resinam
1059 1873 1088 1900 el
1108 1868 1284 1904 uardum3
1317 1866 1350 1897 in
1375 1865 1464 1904 aliis,
1485 1866 1590 1895 sicam

889 1913 944 1943 vel
962 1915 1071 1944 sitam.
1121 1912 1203 1942 Haec
1221 1911 1261 1942 de
1279 1909 1422 1941 lectione
1439 1909 1566 1939 incerta
1581 1919 1590 1937 ε

892 1966 1001 1996 pauca
1012 1956 1054 1986 de
1069 1966 1117 1993 re,
1135 1954 1162 1985 si
1179 1955 1280 1985 modo
1293 1954 1334 1984 de
1348 1953 1473 1984 tantula
1488 1961 1523 1982 re
1534 1949 1589 1980 di-

891 2010 968 2030 cere
985 2009 1092 2040 operae
1114 1998 1258 2038 pretium
1279 2002 1340 2027 est.
1372 1995 1405 2025 Si
1420 1995 1538 2026 vinum
1554 1997 1590 2023 et

890 2043 1003 2074 resina
1022 2042 1254 2082 conjungatur,
1278 2040 1392 2070 vinum
1407 2039 1588 2070 resinatum

892 2085 1108 2126 intelligetur,
1122 2086 1211 2124 quod
1235 2083 1367 2114 Plinius
1394 2082 1454 2120 (H.
1474 2082 1516 2113 N.
1539 2083 1589 2118 14,

893 2131 947 2167 24,
965 2131 1013 2167 16,
1030 2132 1082 2159 22.
1099 2135 1131 2158 et
1149 2130 1201 2166 23,
1219 2127 1276 2166 24)
1290 2137 1364 2157 esse
1380 2126 1463 2156 dicit
1477 2123 1590 2156 resina

891 2178 924 2204 et
942 2173 1020 2214 pice
1033 2171 1205 2203 conditum
1221 2170 1492 2211 mitigatumque.
1523 2168 1588 2199 Sed

892 2226 959 2247 non
978 2222 1059 2257 puto
1081 2214 1150 2246 dici
1165 2215 1198 2245 h.
1216 2216 1238 2246 l.
1257 2214 1327 2246 vini
1341 2223 1458 2255 genus,
1472 2220 1590 2243 verum

891 2260 1070 2301 Scapulam
1081 2258 1185 2299 capiti
1198 2258 1359 2289 infudisse
1373 2261 1588 2298 unguentum,

894 2308 931 2333 ut
947 2314 988 2334 eo
1005 2304 1168 2334 delicatus
1183 2307 1350 2341 coenaret;
1374 2307 1407 2332 et
1434 2299 1589 2341 neglecto

891 2347 995 2378 verbo
1008 2349 1136 2386 vinum,
1150 2345 1295 2378 describi
1309 2345 1452 2376 resinam
1469 2350 1501 2375 et
1512 2352 1590 2373 nar-

891 2391 983 2429 dum,
999 2391 1031 2421 h.
1043 2401 1072 2422 e.
1086 2390 1230 2422 resinam
1245 2389 1352 2428 nardi,
1365 2389 1518 2428 adeoque
1529 2396 1590 2417 un-

889 2439 1048 2474 guentum
1084 2434 1260 2465 nardinum
1297 2432 1489 2464 resinosius.
1553 2428 1588 2460 Si

891 2477 968 2517 quis
985 2478 1018 2509 in
1031 2478 1088 2509 illo
1103 2480 1210 2510 sicam
1224 2476 1339 2508 tricari
1354 2475 1448 2513 velit,
1464 2473 1589 2515 poterit

889 2523 1016 2562 spicam
1040 2522 1159 2562 legere,
1182 2526 1218 2552 ut
1240 2521 1337 2563 spica
1361 2524 1394 2550 et
1409 2520 1529 2550 nardus
1546 2518 1589 2548 sit

889 2566 979 2605 spica
1000 2566 1113 2603 nardi,
1144 2565 1413 2605 intelligaturque
1438 2571 1587 2602 unguen-

891 2612 975 2646 tum,
991 2619 1008 2639 e
1025 2609 1122 2649 spica
1144 2608 1237 2640 nardi
1260 2617 1464 2648 expressum.
1476 2622 1520 2628 —·
1534 2606 1586 2636 De

893 2650 1024 2683 interitu
1039 2652 1191 2693 Scapulae
1201 2649 1301 2682 verbo
1314 2649 1586 2690 dixitAppianus

892 2695 917 2725 l.
942 2705 972 2725 c.
1007 2697 1056 2726 M.
1087 2695 1237 2733 Oudend.
1268 2693 1364 2724 malit
1392 2703 1451 2734 pro
1481 2695 1585 2724 sicam

891 2739 1001 2779 legere
1028 2744 1166 2771 stactam
1193 2738 1248 2768 vel
1271 2741 1412 2769 stactam
1437 2738 1587 2768 resinam

891 2781 914 2812 i.
927 2792 958 2813 e.
976 2782 1193 2814 stillaticiam.

938 2827 1126 2857 Pervemree
1133 2826 1214 2865 fere.
1240 2824 1295 2855 Sic
1311 2823 1398 2855 bene
1409 2823 1450 2856 ad
1463 2822 1497 2855 id
1512 2826 1584 2866 vef-

892 2868 973 2901 bum
987 2869 1100 2902 retulit
1115 2869 1201 2900 Oud.
1519 2868 1521 2870 ’

1312 2914 1331 2942 2
1349 2910 1379 2942 O
1395 2915 1412 2942 2
