1946 3261
211 176 300 220 644

261 308 311 335 est
325 311 450 338 servus,
466 301 496 337 3,
517 301 566 330 10.
590 302 626 329 ut
642 298 879 338 eomlae'tiojuris
894 302 924 328 el

261 347 428 382 libertatis,
454 343 532 374 vitae
558 341 643 374 ratio
672 347 822 380 externa,
850 352 924 382 quae

262 393 391 420 constat
402 387 476 427 jure
491 392 525 417 et
539 385 706 423 libertate,
723 388 750 423 l,
764 388 819 416 28.
840 385 926 416 bona

260 432 440 463 conditione
455 433 569 467 (amer
579 429 830 470 cortheilhaften
849 430 928 460 Um-

261 473 425 510 std'mlen)
449 473 642 514 confliqere,
661 472 701 504 C.
723 475 750 510 l,
775 474 828 503 85.
848 474 928 512 pari

264 518 461 555 conditione,
473 517 595 548 eodem
609 515 767 553 consilio,
778 515 825 546 H.
842 519 860 546 5

221 560 480 601 Condocefacere
501 562 633 598 tirones,
657 560 710 591 Af.
728 562 782 591 71.
799 560 930 595 bestiam,

265 604 320 635 Af.
336 605 391 635 27.
404 603 592 635 abrichten.

224 648 426 686 Comlocere,
440 647 687 685 consuefacere,
701 646 754 678 Af.
774 648 810 676 19

223 690 437 729 Condonare,
457 691 596 729 donare,
620 693 650 729 8,
671 693 701 721 4.
724 689 820 721 cond.
839 690 931 727 inju-

266 736 358 766 ‘m'am
375 735 542 775 precibus,
560 733 639 774 quia
665 733 750 764 alter
777 736 932 772 precatus

267 783 330 815 est,
343 777 478 808 veniam
493 778 580 815 dare,
607 779 633 815 1,
647 779 701 808 20.
717 776 812 807 cond.
827 777 932 815 injur.

259 820 382 862 fratri,
396 818 528 852 veniam
543 820 622 851 dare
635 824 770 860 propter
785 818 930 850 fratrem.

268 863 354 895 ibid.

226 908 418 940 eonducere
431 908 592 945 hominm,
611 915 826 947 congregare,
843 901 931 935 συνά-

270 952 633 990 rym,212.el'.l,4

229 994 385 1034 Conferre
399 995 554 1025 timorem
567 995 604 1024 in
619 992 880 1028 simulationem,
907 993 934 1028 1,

267 1039 324 1070 40.
339 1037 409 1068 vid.
424 1042 493 1068 not.
508 1034 933 1081 cowzf.alaequvd1ntempw3

267 1082 412 1121 Ζὸη97α3,
432 1078 567 1111 differre
586 1077 670 1109 ibid.
717 1075 913 1107 Nimirum'
905 1087 934 1107 is

266 1123 391 1163 confert
405 1123 537 1163 aliquid
551 1124 587 1152 ι’7ι
601 1127 730 1162 tempus
745 1120 854 1157 aliud,
874 1119 934 1160 qui

268 1164 417 1197 decernit
445 1175 513 1195 rem
544 1164 614 1196 alio
635 1169 788 1213 tempore
810 1163 935 1194 facere.

272 1208 434 1249 C'ssonfeme
447 1213 559 1240 castra
574 1208 705 1249 oppido,
722 1207 818 1248 juxta
833 1206 935 1247 oppi-

269 1253 351 1283 dum
368 1261 504 1292 ponere,
519 1252 559 1282 A.
578 1253 639 1283 37:
662 1251 754 1291 quod
771 1249 821 1281 ib.
837 1261 868 1281 c.
882 1251 935 1280 37.

267 1302 330 1333 est,
357 1298 535 1334 conjuncta
564 1295 726 1326 moenibus
746 1298 858 1325 castra
880 1304 940 1333 po-

266 1349 359 1370 nere.
417 1337 472 1369 Sic
504 1344 615 1370 castra
640 1338 756 1369 castvv's
782 1337 941 1377 conferre,

270 1381 460 1423 propinqua
483 1391 501 1411 e
525 1382 664 1421 regione
687 1389 822 1420 ponere,
853 1381 883 1417 8,
906 1381 938 1409 9.

271 1424 311 1456 C.
338 1427 368 1462 3,
383 1426 436 1454 79.
453 1429 487 1455 et
501 1424 655 1462 omnino,
679 1424 719 1454 A.
737 1424 774 1454 61
802 1422 868 1454 bis.
884 1425 938 1454 68.

270 1468 318 1499 Η.
334 1470 388 1499 20.
412 1470 455 1499 23

233 1511 394 1552 Confer-la
407 1510 546 1550 (densa)
561 1514 660 1548 acies,
679 1513 706 1548 l,
721 1513 763 1541 24

234 1557 399 1596 Conficere
408 1564 590 1586 numerum
601 1555 757 1592 militum,
772 1557 804 1591 2,
820 1556 850 1584 4.
866 1563 942 1584 con-

269 1600 372 1639 ficere
402 1597 540 1636 obsides,
568 1607 742 1629 numerum
772 1596 943 1633 obsidum,

278 1645 310 1680 8,
326 1643 380 1672 23.
402 1639 796 1681 conficere(con51gnare)
810 1641 943 1672 tabulas·

275 1686 364 1717 licei
353 1695 380 1716 cs
393 1686 569 1726 mavi-sd,
583 1687 638 1716 29.
660 1684 808 1724 confecta
818 1684 950 1723 uqtlm

276 1728 381 1766 finita,
410 1730 439 1766 7,
465 1730 496 1758 3.
528 1728 696 1768 confectus*
717 1728 797 1763 dies,
821 1725 945 1764 finitus,

278 1772 335 1802 Α1.
353 1773 406 1802 83.
429 1772 523 1802 sidus
539 1772 734 1812 confectum,
748 1770 817 1800 vid.
833 1770 874 1800 ad
890 1769 945 1800 Α1“.

279 1817 333 1846 47.
358 1813 523 1854 confecl1.s
546 1819 654 1852 aetate,
684 1812 892 1849 debilitatus,
915 1813 945 1850 7,

237 1901 410 1942 C'onfidere
427 1901 487 1931 sibi
507 1902 542 1932 in
566 1902 688 1942 aliqua
701 1910 750 1937 re,
765 1898 817 1930 Af.
843 1901 893 1930 19.
919 1897 947 1930 si

280 1944 380 1976 lectio
397 1950 486 1975 certa
501 1948 553 1975 est

237 1987 489 2028 Confievwifflexi,
511 1989 541 2025 7,
555 1990 598 2017 58

241 2033 412 2073 Confiqere
427 2031 542 2073 claris,
558 2030 656 2068 5,13.
691 2028 853 2070 ‹onfiyere
875 2035 948 2060 tur-

282 2077 359 2112 vim,
385 2079 588 2112 construere,
609 2082 815 2113 componere
846 2072 949 2104 fabii-

280 2118 403 2153 cando,
418 2118 457 2149 A.
474 2121 493 2148 2

243 2163 462 2202 Confirmaie,
488 2161 700 2201 pclwsuadele,
724 2162 752 2196 1,
775 2162 807 2189 3.
830 2160 949 2198 confir-

287 2215 382 2237 maie
395 2215 439 2242 se,
457 2203 594 2234 firmiter
611 2202 676 2234 sibi
695 2212 894 2243 proponere,
917 2206 949 2239 2,

292 2250 340 2279 19.
363 2249 577 2286 confirmor-e
585 2249 715 2277 animo<
732 2246 847 2283 verbis,
867 2256 949 2276 con-

289 2290 402 2330 solari,
416 2296 452 2321 ut
464 2289 691 2331 adquiescant,
710 2291 736 2326 l,
755 2291 808 2320 33.
829 2291 949 2329 confi)-

286 2346 364 2368 τηαν
365 2346 382 2366 c
390 2336 536 2375 aliquem
546 2334 626 2365 liber
628 2335 701 2370 tali,
709 2331 741 2362 ei
755 2333 951 2370 concedere,

289 2384 325 2410 ut
340 2379 468 2410 fruatur
486 2377 661 2408 libertate:
695 2374 722 2405 si
747 2375 849 2406 lectio
872 2385 948 2406 vera

289 2428 352 2460 est,
365 2423 404 2453 C.
426 2424 453 2454 1,
472 2423 481 2451 l
490 2423 522 2451 1.
548 2419 745 2460 confi-··mnaie
759 2430 792 2449 se
808 2420 954 2454 σιω-Πᾶς,

291 2465 360 2498 sibi
376 2465 480 2496 robur
497 2464 632 2499 addere,
652 2463 693 2494 C.
715 2464 742 2500 1,
756 2463 809 2492 29.
834 2463 952 2501 cmfir·

289 2511 389 2543 motis·
414 2509 522 2545 rebus,
547 2505 752 2542 constitutis,
774 2504 952 2538 consectis.

246 2595 442 2637 C'onflalum
458 2595 593 2631 bellum,
617 2592 761 2625 subinde
776 2597 898 2629 ortum,
924 2594 953 2630 8,

251 2683 433 2724 Carisius—ns
446 2682 548 2713 Mosoe
560 2687 588 2713 el
604 2681 723 2717 Rheni,
735 2683 766 2718 4,
784 2681 832 2712 15.
846 2679 899 2711 loc
906 2690 954 2718 us,

291 2726 351 2757 ubi
368 2725 552 2756 confluunt.
808 2760 813 2765 Ι

251 2770 437 2809 Consuyere
450 2770 488 2798 in
497 2768 601 2808 fidem
617 2768 770 2808 alt‘ctry‘us,
784 2768 828 2800 11.
851 2771 861 2799 l

255 2812 419 2852 Conqrede·
436 2813 559 2853 aliquo,
573 2811 611 2842 C.
633 2814 659 2849 l,
676 2815 718 2844 40

863 166 1065 215 INDEX

994 299 1161 338 Conje'cere
1170 297 1317 328 homines
1327 297 1364 327 ‘ln
1376 296 1497 335 locum,
1507 307 1548 329 eo
1560 297 1693 336 ducere,

1036 347 1073 372 ut
1090 340 1139 371 ibi
1155 339 1218 370 tuti
1235 339 1299 370 sint
1314 344 1348 371 et
1373 339 1496 378 abditi,
1519 342 1619 378 2,16.
1646 341 1694 371 cl'.

1035 385 1078 416 ad
1094 386 1124 422 8,
1139 387 1171 415 5.
1215 382 1271 414 Sic
1289 384 1320 419 6,
1335 384 1389 413 40.
1411 385 1544 424 conjicit·
1559 385 1598 414 in
1619 393 1696 414 ma-

1035 428 1180 469 myndos,
1193 426 1344 467 recipere
1360 436 1394 457 se
1409 436 1463 465 eo,
1489 432 1525 457 ut
1541 425 1608 457 sint
1623 425 1696 457 tuti.

1038 471 1102 501 Sed
1122 474 1151 508 3,
1163 473 1218 501 24.
1234 469 1439 510 simpliciter
1454 475 1516 508 est,
1529 469 1699 501 collocare

1035 513 1152 554 aliquo
1182 512 1274 551 loco,
1302 514 1415 544 locum
1446 513 1488 545 iis
1512 513 1702 554 adsignare.

1040 559 1168 598 conjici
1190 559 1227 588 in
1252 562 1377 588 noctem
1398 555 1523 588 dicitur
1537 555 1576 594 is,
1596 565 1700 597 quern

1040 606 1116 642 post
1129 600 1323 631 diuturnum
1337 599 1469 631 itineris
1478 609 1623 631 errorem
1634 608 1701 630 nox

1038 644 1173 675 taudem
1188 643 1366 685 opprimit,
1389 644 1431 675 C.
1448 645 1480 681 3,
1498 645 1552 674 28.
1575 646 1704 683 conjec-

1039 693 1111 719 tum
1133 690 1170 719 in
1191 692 1322 719 noctem
1338 688 1503 729 proelium,
1527 695 1570 717 eo
1596 695 1702 728 usque

1038 736 1194 768 tractum,
1209 730 1262 761 Af.
1277 733 1317 761 52

997 775 1208 816 ΟοηῘαη9ρ7-ι»
1219 778 1349 805 nocte-m
1356 774 1493 822 diei‚de
1509 784 1564 812 eo,
1572 783 1631 815 qui
1645 772 1704 804 diu

1041 823 1209 857 noctuque
1244 815 1317 848 sine
1356 815 1602 848 intermissione
1642 816 1706 847 iter

1040 860 1136 898 facit,
1159 860 1197 890 C.
1228 861 1334 895 3,13.
1364 861 1466 901 veqt'o,
1485 869 1606 891 oceano
1627 869 1706 892 con-

1033 907 1169 945 juncta,
1183 902 1338 940 finitima,
1351 902 1571 941 contermina,
1586 904 1617 941 8,
1632 903 1676 934 46

1003 948 1189 988 Conjurare
1205 947 1246 978 de
1264 945 1444 985 militibus,
1465 948 1527 985 7,1

1002 992 1185 1031 Conliqala
1199 996 1303 1028 scula,
1326 1000 1401 1031 quae
1417 990 1600 1028 cohaerent,
1622 986 1704 1029 quia

1045 1034 1141 1075 plura
1156 1044 1223 1064 uno
1241 1033 1315 1074 pilo
1331 1034 1488 1065 transfixa
1503 1039 1591 1071 sunt,
1602 1034 1636 1071 1,
1649 1036 1691 1063 25

1004 1079 1215 1119 Οοηᾳαὶεἱιοτ
1228 1076 1390 1115 militum,
1405 1077 1445 1107 A.
1462 1081 1480 1107 2

1002 1122 1392 1162 Οοηεαηφιὶηεὶροριιίιῖ,
1404 1130 1549 1168 quorum
1564 1119 1648 1150 alter
1658 1118 1704 1150 ab

1043 1164 1151 1195 altero
1180 1163 1212 1194 in
1236 1163 1407 1194 coloniam
1430 1163 1552 1194 missus
1566 1168 1626 1199 est,
1650 1167 1707 1192 aut

1044 1207 1105 1247 qui
1118 1212 1274 1238 mutuum
1290 1206 1414 1238 liabent
1425 1204 1662 1247 connubiijus,
1680 1206 1708 1243 l,

1050 1253 1100 1287 11,
1122 1254 1152 1287 2,
1169 1252 1187 1280 3

1004 1293 1232 1325 Conscendere
1243 1295 1280 1324 in
1293 1302 1408 1330 viores,
1422 1297 1453 1331 5,
1469 1295 1487 1323 7

1003 1339 1158 1369 Conscius
1185 1338 1262 1373 mci,
1288 1335 1346 1377 qui
1383 1345 1516 1367 mecum
1552 1335 1710 1367 eamdem

1047 1390 1117 1410 rem
1144 1379 1250 1417 novit,
1277 1378 1496 1410 consiliorum
1528 1378 1712 1420 particeps,

1044 1424 1083 1454 C.
1102 1425 1209 1461 3,108

1004 1468 1182 1508 Con-sequi,
1196 1472 1382 1506 praeeuntes
1398 1466 1506 1507 sequi,
1520 1472 1556 1498 ut
1569 1466 1712 1498 accedas

1048 1511 1090 1541 ad
1115 1520 1185 1547 eos,
1219 1512 1244 1547 1,
1274 1512 1323 1540 13.
1351 1520 1439 1541 cons.
1462 1519 1578 1548 nares,
1599 1509 1641 1540 ad
1656 1518 1713 1540 eas

1051 1553 1175 1591 venire,
1189 1563 1246 1584 eas
1258 1553 1406 1593 assequi,
1420 1554 1459 1584 A.
1475 1555 1517 1584 20

1009 1597 1186 1629 Com-idere
1198 1596 1324 1627 dicitur
1338 1595 1519 1634 exercitus,
1535 1594 1594 1627 ubi
1604 1601 1711 1628 castra

1055 1640 1162 1681 ponit,
1181 1642 1208 1677 l,
1222 1643 1273 1670 48.
1300 1642 1392 1677 3‚l7.
1418 1641 1482 1677 5‚9

1007 1684 1200 1718 Consiliari.
1215 1683 1417 1721 consultare,
1428 1683 1468 1713 C.
1485 1685 1513 1721 1,
1529 1684 1644 1721 19,73.
1657 1681 1710 1714 Sic

1051 1727 1084 1757 in
1109 1727 1206 1757 codd.
1232 1726 1391 1758 omnibus
1415 1726 1576 1758 scribitur
1593 1726 1705 1767 priore

1055 1769 1087 1800 in
1104 1770 1192 1807 loco,
1219 1769 1252 1800 in
1272 1769 1458 1810 posteriore
1484 1769 1623 1810 quidam
1647 1769 1709 1799 ha-

1054 1812 1134 1843 bent
1147 1813 1346 1844 consultare.

1014 1855 1195 1890 Consilium.
1232 1858 1348 1887 ineunt
1384 1856 1543 1887 rebellare
1583 1855 1711 1894 (rebel-

1057 1899 1177 1937 landi.)
1203 1902 1232 1933 8,
1259 1902 1311 1929 41.
1338 1900 1512 1930 consilium
1527 1899 1613 1940 capit
1633 1909 1710 1940 pro-

1047 1942 1178 1983 fuyere,
1194 1944 1224 1980 7,
1242 1944 1292 1972 26.
1308 1943 1482 1974 consilium
1495 1944 1583 1984 capit
1595 1942 1710 1974 dimit-

1056 1991 1134 2023 tere,
1159 1987 1190 2022 7,
1219 1987 1275 2015 71.
1294 1986 1482 2023 consilium,
1507 1990 1616 2016 coetus
1630 1985 1714 2017 deli-

1057 2028 1264 2065 berantium,
1292 2030 1323 2066 3,
1340 2031 1371 2066 3,
1387 2032 1440 2060 93.
1479 2032 1510 2066 5,
1527 2031 1580 2067 28,
1598 2031 1650 2060 31.
1676 2029 1715 2060 it.

1064 2075 1092 2111 1,
1119 2075 1183 2107 40..
1209 2072 1267 2103 ubi
1292 2073 1436 2103 militare
1461 2071 1654 2111 consilium,
1686 2083 1714 2104 s.

1059 2116 1257 2147 Piaetoriuin
1275 2115 1483 2156 intelligitur.
1507 2116 1545 2147 In
1561 2115 1613 2147 his
1627 2115 1717 2147 locis

1059 2160 1259 2200 plerumque
1270 2165 1320 2190 est
1335 2169 1404 2190 var.
1420 2160 1498 2190 lect.
1511 2160 1686 2190 com-ilium
1700 2171 1715 2197 ‚-

1059 2204 1116 2233 sed
1146 2204 1210 2234 hoc
1238 2202 1407 2243 significat
1429 2202 1619 2243 quemlibet
1644 2212 1715 2234 coe-

1059 2253 1149 2285 tum3
1173 2249 1343 2278 consilium
1364 2256 1443 2277 vero
1459 2252 1509 2277 est
1533 2245 1715 2277 multitudo

1059 2289 1331 2321 deliber-antium.
1387 2291 1532 2321 Consilio
1569 2290 1716 2330 publico,

1060 2333 1163 2364 totius
1176 2332 1325 2364 civitatis
1339 2342 1515 2370 consensu,
1531 2336 1562 2366 5.
1582 2334 1591 2363 l

1023 2376 1218 2414 Consimilis,
1231 2375 1366 2413 similis,
1383 2380 1415 2413 2,
1436 2378 1484 2408 ll.
1509 2380 1539 2414 5,
1559 2378 1594 2406 12

1022 2420 1200 2451 cons-istm
1220 2421 1335 2461 aliquo
1359 2421 1435 2457 lom,
1457 2419 1505 2450 ibi
1522 2417 1657 2457 morari,
1680 2424 1716 2450 ut

1062 2463 1288 2504 peregrinum,
1315 2464 1345 2501 7,
1363 2464 1393 2494 3.
1416 2465 1592 2495 consistere
1612 2465 1649 2493 in
1668 2473 1716 2500 re,

1064 2517 1293 2547 perseverare,
1314 2513 1459 2547 perstare
1492 2505 1525 2536 in
1551 2504 1716 2537 sententia

1064 2551 1105 2580 de
1121 2550 1182 2580 huc
1197 2561 1243 2583 re.
1260 2555 1290 2588 5,
1305 2552 1358 2582 36.
1374 2553 1409 2581 in
1421 2559 1530 2590 opere,
1543 2549 1596 2580 Af.
1611 2550 1665 2580 31.
1682 2550 1717 2579 in

1064 2594 1299 2631 vnismffcordia,
1310 2593 1349 2624 C.
1370 2595 1397 2631 l,
1415 2595 1469 2624 85.

1023 2638 1220 2678 Conspe-ati,
1231 2636 1387 2674 coar-tali,
1400 2638 1439 2667 C.
1456 2639 1487 2674 3,
1502 2637 1544 2667 46

1023 2682 1217 2712 Conseamer-
1265 2683 1443 2717 nunciam,
1492 2678 1551 2720 qui
1602 2687 1718 2709 omnes

1066 2733 1188 2763 mag-no
1214 2733 1293 2755 cum
1317 2733 1482 2754 consensu
1497 2721 1667 2758 nunciant,
1684 2724 1717 2758 2,

1066 2769 1097 2797 2.
1123 2766 1207 2797 lliuc
1223 2772 1347 2798 consta!
1362 2769 1579 2803 ι’)ιΙενυοηηε-ς,
1602 2773 1720 2796 omnes

1069 2810 1156 2842 idem
1171 2810 1298 2849 dicunt.
1316 2812 1347 2849 7,
1363 2813 1403 2842 4-1
