1946 3261
628 235 747 282 LIB.
780 236 919 281 CAP.
957 235 1141 280 15—18.
1547 237 1637 281 483

147 362 426 414 cohortibus:
459 372 509 408 ut
536 380 623 409 una
655 373 754 425 post
793 365 978 420 alteram
1011 371 1112 407 ante
1145 363 1267 422 signa
1288 361 1500 407 tenderet.
1563 361 1635 406 Ita

149 433 351 468 coronam
388 424 593 468 hostium·
611 425 766 469 dextro
799 425 1057 480 sinistroque
1079 438 1213 465 cornu
1237 424 1420 466 mediam
1451 421 1634 472 dividit;

145 492 190 526 et
226 500 354 527 unam
385 492 555 542 partem
593 484 650 527 ab
685 485 823 527 altera
858 484 1074 526 exclusam
1116 482 1339 539 equitibus
1379 482 1636 525 intrinsecus

147 543 325 586 adortus
352 560 451 586 oum
473 542 689 600 peditatu,
724 543 818 586 telis
838 543 1041 600 conjectis
1072 541 1115 583 in
1138 542 1285 598 fugam
1306 543 1466 591 vertit;
1498 550 1638 599 neque

148 601 320 660 longius
341 617 606 661 progressus,
630 602 795 645 veritus
824 602 1010 651 insidias,
1031 616 1075 642 se
1095 599 1151 642 ad
1170 616 1266 642 suos
1287 601 1455 658 recipit.
1516 600 1639 643 Idem

148 661 290 704 altera
325 677 426 719 pars
457 660 657 719 equitum
694 662 979 719 peditumque
1012 659 1194 702 Caesaris
1218 659 1336 701 facit.
1404 659 1484 702 His
1508 659 1638 702 rebus

148 721 277 777 gestis
308 735 356 762 ac
385 719 541 777 procul
574 718 769 763 hostibus
804 720 988 779 repulsis
1019 718 1440 775 convulneratisque,
1471 718 1527 760 ad
1564 733 1640 761 sua

148 777 350 837 praesidia
369 794 473 828 sese,
495 778 607 821 sicut
623 786 717 821 erat
738 780 989 829 instructus,
1011 778 1205 836 recipere
1227 776 1374 835 coepit.

160 849 180 864 ⁵
212 838 277 879 18.
312 836 491 880 Interim
511 837 576 881 M.
606 838 800 881 Petreius
828 847 872 881 et
893 839 974 881 Cn.
1002 837 1101 879 Piso
1122 852 1220 879 cum
1238 835 1461 893 equitibus
1486 834 1641 877 Numi-

148 896 213 938 dis
235 897 328 939 MC
351 897 513 946 electis,
532 896 820 955 peditatuque
842 897 1034 956 ejusdem
1056 896 1224 954 generis
1255 895 1356 938 satis
1385 894 1556 952 grandi,
1590 909 1645 937 ex

144 955 303 998 'itinere
326 963 447 998 recta
467 956 657 998 subsidio
678 957 764 999 suis
796 963 1045 999 occurrunt.
1111 955 1262 1013 Atque
1285 953 1444 1004 hostes,
1481 953 1566 996 suis
1587 969 1643 995 ex

153 1023 323 1058 terrore
348 1014 528 1057 firmatis
551 1031 784 1073 rursusque
807 1017 1024 1059 renovatis
1045 1014 1210 1064 animis,
1249 1013 1522 1071 legionarios,
1546 1027 1645 1055 con-

151 1074 283 1116 versis
304 1074 526 1132 equitibus
547 1090 589 1116 se
624 1075 898 1133 recipientes,
930 1075 1180 1117 novissimos
1200 1072 1364 1116 adoriri
1384 1082 1428 1115 et
1449 1070 1648 1132 inpedire

149 1141 394 1191 coeperunt,
433 1149 522 1190 quo
550 1133 687 1175 minus
722 1134 765 1176 in
800 1143 940 1176 castra
971 1151 1015 1176 se
1045 1133 1304 1192 reciperent.
1370 1132 1468 1175 Hac
1490 1147 1537 1174 re
1559 1131 1650 1173 ani-

152 1191 394 1242 madversa,
419 1192 564 1234 Caesar
589 1192 715 1250 jubet
737 1193 858 1250 signa
881 1193 1076 1235 converti
1099 1202 1142 1235 et
1163 1192 1305 1235 medio
1326 1206 1480 1249 campo
1508 1189 1649 1233 redin-

127 1254 131 1256 ’
150 1251 317 1309 tegrari
335 1251 555 1309 proelium.
591 1252 740 1301 Quum
758 1253 815 1294 ab
833 1251 1029 1294 hostibus
1046 1252 1197 1294 eodem
1210 1251 1338 1293 modo
1358 1258 1649 1308 pugnaretur,

156 1325 232 1352 nec
268 1310 506 1352 comminus
538 1309 593 1352 ad
626 1326 777 1353 manus
810 1310 1047 1360 rediretur,
1081 1309 1352 1366 Caesarisque
1386 1308 1555 1366 equites
1582 1306 1651 1366 ju·-

152 1376 313 1417 menta,
336 1385 389 1411 ex
410 1385 564 1411 nausea
584 1369 762 1418 recenti,
784 1369 871 1418 siti,
889 1369 1118 1426 languore,
1138 1367 1373 1424 paucitate,
1395 1365 1652 1410 vulneribus

157 1427 418 1486 defatigata,
457 1428 510 1470 ad
548 1428 860 1486 insequendum
892 1427 1059 1469 hostem
1080 1424 1533 1484 perseverandumque
1555 1440 1655 1467 cur-

157 1503 249 1528 sum
267 1486 460 1529 tardiora
477 1487 708 1536 haberent,
731 1486 903 1544 dieique
922 1501 1021 1544 pars
1039 1485 1194 1542 exigua
1211 1484 1299 1542 jam
1321 1483 1494 1541 reliqua
1515 1491 1624 1526 esset
1641 1499 1653 1526 ε

159 1545 411 1588 cohortibus
427 1546 768 1603 equitibus(que)
789 1543 1082 1596 circumdatis,
1106 1543 1358 1586 cohortatus
1379 1542 1582 1600 imperat,
1605 1550 1658 1586 ut

155 1619 243 1647 uno
265 1604 355 1647 ictu
375 1605 700 1653 contenderent,
736 1619 876 1661 neque
909 1603 1201 1652 remitterent,
1239 1602 1376 1644 donec
1405 1600 1524 1643 ultra
1553 1601 1656 1644 ulti-

156 1678 248 1705 mos
302 1663 434 1706 colles
478 1662 621 1705 hostes
662 1663 922 1721 repulissent
959 1670 1092 1719 atque
1130 1677 1282 1704 eorum
1323 1669 1463 1703 essent
1505 1660 1654 1718 potiti.

158 1721 313 1780 Itaque
334 1723 457 1780 signo
474 1722 592 1774 dato,
612 1737 749 1779 quum
767 1722 855 1780 jam
867 1720 1010 1764 hostes
1029 1720 1234 1778 languide
1257 1719 1343 1762 tela
1365 1719 1658 1777 negligenter-

160 1797 244 1839 que
271 1780 513 1832 mitterent,
547 1780 692 1823 subito
728 1780 911 1823 inmittit
942 1779 1140 1824 cohortes
1168 1787 1420 1836 turmasque
1448 1793 1655 1821 suorum:

940 1927 1140 1959 tardiorem.
1175 1925 1241 1957 Secl
1256 1925 1414 1958 tardiora
1428 1924 1514 1957 bene
1529 1924 1619 1957 Scal.
1634 1937 1656 1958 e

941 1972 1019 2002 cod.
1044 1969 1171 2003 Ursini.
1184 1969 1409 2001 Consentiunt
1421 1975 1455 2000 et
1466 1969 1542 2001 alii.
1568 1971 1655 2002 Per-

159 1926 329 1959 militaris.
345 1927 535 1967 Diligenter
545 1937 615 1959 rem
629 1933 809 1958 exsecutus
821 1933 871 1959 est

161 1972 390 2004 Guischardus
415 1970 541 2010 (Mem.
566 1971 640 2003 mil.
667 1971 746 2002 Vol.
774 1975 806 2002 9.
836 1983 869 2013 p.

164 2015 361 2047 lim—207.
377 2015 431 2047 vel
451 2016 494 2047 T.
512 2019 545 2046 2.
572 2027 607 2057 p.
623 2017 825 2055 279—288),
852 2026 871 2046 e

162 2060 260 2102 cujus
274 2059 508 2101 disputatione
536 2058 701 2097 intellexi,
726 2059 871 2091 nimiam

160 2103 363 2135 brevitatem
399 2102 573 2144 scriptoris
610 2104 800 2135 necessario
837 2104 869 2135 ei

161 2148 342 2180 obscuram
356 2158 443 2185 esse,
466 2147 526 2188 qui
545 2158 615 2178 rem
634 2147 777 2189 ignorat.
820 2148 872 2179 M.

162 2191 341 2224 Praemissa
358 2191 558 2233 praepositio
585 2197 615 2224 et.
636 2197 729 2224 notat
744 2196 775 2223 et
798 2194 872 2234 qui-

164 2236 252 2274 dem,
270 2242 305 2267 ut
320 2247 352 2267 c.
374 2237 426 2267 10.

208 2279 355 2312 Adortus
369 2290 446 2311 cum
458 2281 533 2322 ped.
556 2280 640 2312 Haec
654 2279 757 2312 verba
767 2279 872 2321 vulgo

165 2324 254 2356 male
270 2325 498 2366 sejunguntur.

210 2369 263 2400 Ad
287 2380 351 2401 saa
371 2368 550 2410 praesidia·
587 2379 666 2410 cap.
697 2371 748 2401 18.
774 2368 871 2407 dicit,

168 2413 216 2444 acl
230 2417 352 2445 castra.
376 2413 429 2443 M.

211 2458 304 2488 Sicut
323 2460 396 2489 erat
411 2459 603 2490 instructus.
649 2456 744 2489 Sicut
765 2456 873 2488 habe-

164 2500 222 2532 bat
236 2500 346 2532 aciem
362 2500 572 2532 instructam.

214 2547 276 2576 Cn.
296 2547 389 2577 Piso.
412 2545 465 2576 De
483 2546 548 2577 hoc
565 2545 635 2577 vid.
658 2546 769 2578 Tacit.
785 2546 872 2578 Ann.

167 2592 199 2628 2,
214 2592 268 2620 48.

211 2634 253 2664 M
256 2635 293 2666 C.
320 2632 357 2664 In
373 2634 535 2665 omnibus
549 2634 651 2666 codd.
667 2633 753 2665 CCC
769 2633 872 2675 scrip·

168 2683 240 2716 tum
255 2683 316 2709 est.
341 2679 393 2709 M.
437 2679 486 2710 Ita
513 2684 546 2709 et
571 2678 648 2709 edd.
664 2684 730 2709 vet.
777 2678 870 2709 Med.

172 2723 256 2753 1478
283 2727 316 2753 et
332 2721 419 2754 Ven.
451 2724 531 2753 1482
548 2721 706 2764 aliaeque.
749 2721 873 2753 Contra

169 2763 256 2797 Ven.
290 2766 372 2798 1517
403 2766 509 2798 habet
534 2767 617 2798 MC.
648 2766 741 2807 quod
764 2766 874 2808 magis

168 2810 330 2849 convenit
345 2821 424 2842 cum
439 2811 495 2850 iis,
519 2821 595 2852 quae
608 2820 685 2852 cap.
714 2821 783 2852 seq.
798 2821 872 2843 nar-

169 2860 294 2887 rantur.

215 2900 325 2941 Atque
341 2900 456 2931 hostes.
495 2899 564 2931 Alii
579 2901 632 2932 At.

216 2944 386 2976 Persever.
403 2954 435 2986 q.
451 2954 589 2978 cursum
603 2944 770 2978 tardiora.
803 2944 872 2977 Alii

940 2026 1095 2047 set-erare
1111 2014 1215 2045 etiam
1231 2014 1347 2045 active
1364 2013 1546 2055 accipitur.
1571 2013 1653 2046 Jus-

942 2059 1003 2090 tin.
1021 2062 1054 2097 2,
1073 2061 1103 2089 6.
1117 2064 1328 2100 persever-ata
1346 2059 1471 2090 inedia.
1498 2058 1573 2090 Cic.
1590 2068 1652 2100 pro

944 2102 1108 2140 Quinctio
1143 2104 1171 2142 1,
1203 2105 1255 2133 24.
1289 2108 1319 2134 te
1345 2104 1456 2144 ipsam
1482 2103 1518 2134 id
1540 2113 1654 2145 perse-

942 2158 1071 2179 rorare.

990 2190 1182 2223 Cohortibas
1204 2190 1435 2232 equitibusque
1458 2192 1652 2224 circumda-

941 2237 993 2268 tte.
1020 2236 1084 2273 An,
1103 2234 1416 2274 circumstantibus,
1439 2234 1655 2276 cingentibus

942 2278 1130 2310 Caesarem?
1167 2280 1218 2310 M.
1265 2278 1355 2310 Oud.
1374 2280 1492 2312 mallet
1506 2282 1650 2312 circum-

942 2326 1008 2361 itas,
1031 2323 1059 2355 si
1075 2323 1191 2355 liceret
1208 2333 1270 2364 per
1291 2323 1392 2354 codd.
1419 2329 1454 2355 ut
1480 2323 1521 2355 C.
1549 2328 1580 2361 3,
1596 2326 1652 2356 94.

942 2370 1025 2399 acies
1052 2370 1241 2400 circumita.
1282 2368 1376 2398 Istud
1406 2378 1468 2409 qne
1494 2368 1648 2401 additum

942 2413 1106 2454 equitibus
1130 2423 1204 2443 esse
1229 2422 1249 2442 a
1272 2421 1373 2442 manu
1397 2411 1541 2449 librarii,
1557 2413 1649 2444 clare

943 2462 1045 2497 patet,
1069 2456 1185 2499 judice
1210 2455 1420 2487 Guischardo
1436 2467 1472 2497 p.
1489 2458 1565 2488 207.
1586 2455 1646 2497 qui

940 2501 1054 2532 locum
1096 2500 1146 2532 sic
1186 2500 1317 2531 reddit:
1351 2501 1481 2542 chaque
1515 2501 1649 2532 cohorte

940 2542 1189 2587 &toitflanque'e
1203 2545 1245 2576 de
1258 2545 1294 2575 la
1311 2546 1488 2576 cavalerie.
1515 2544 1646 2576 Verum

941 2588 975 2620 in
992 2588 1100 2621 Mem.
1124 2588 1201 2621 crit.
1218 2600 1251 2630 p.
1269 2592 1345 2619 595.
1371 2588 1459 2620 istud
1486 2599 1551 2629 qne
1567 2598 1645 2620 sen-

942 2633 995 2665 sui
1012 2643 1078 2665 non
1094 2634 1229 2666 obstare
1244 2638 1372 2671 censet,
1385 2643 1454 2674 qua
1468 2632 1509 2663 de
1532 2642 1568 2664 re
1580 2633 1643 2664 du-

942 2677 1050 2710 bitare
1067 2678 1160 2710 licet.

988 2724 1197 2754 Cohortatus.
1243 2720 1382 2752 Addidit
1402 2720 1469 2751 hoc
1495 2731 1515 2751 e
1541 2722 1643 2753 codd.

941 2765 1030 2798 Oud.
1057 2768 1176 2798 Posset
1202 2766 1336 2797 abesse.
1388 2765 1482 2796 Idem
1524 2766 1645 2797 mallet

941 2810 1054 2843 omitti
1071 2814 1227 2852 imperat,
1241 2814 1289 2847 ut,
1308 2814 1342 2841 et
1357 2808 1424 2850 legi
1441 2809 1644 2842 cohortatur.

993 2857 1064 2887 Uno
1094 2858 1172 2893 ictu,
1204 2863 1323 2885 omnes
1353 2863 1420 2885 uno
1453 2853 1642 2896 eodemque

940 2898 1008 2931 ictu
1023 2899 1184 2938 telorum,
1197 2908 1266 2931 una
1279 2907 1411 2938 omneS,
1426 2907 1494 2930 uno
1509 2897 1642 2941 inpetu.

939 2944 992 2977 M.
1018 2943 1064 2976 V.
1086 2944 1158 2976 Ind.

1368 2991 1386 3018 2
1412 2988 1426 3019 I
1449 2990 1467 3018 2
