1946 3261
638 184 753 228 LIB.
789 185 846 229 V.
910 185 1047 229 CAP.
1079 185 1153 236 57,
1186 185 1258 228 58.
1615 184 1696 228 133

219 318 353 369 atque
376 310 612 364 interdicit,
631 312 878 370 proterritis
898 311 1093 354 hostibus
1106 319 1239 369 atque
1257 310 1300 355 in
1317 311 1467 370 fugam
1480 309 1702 368 conjectis,

221 370 361 428 (quod
381 371 491 421 fore,
514 371 626 413 sicut
644 371 815 424 accidit,
832 370 1045 427 videbat‚)
1077 385 1212 412 unum
1229 386 1373 413 omnes
1390 377 1546 429 petant
1567 368 1702 412 Indu-

222 431 455 474 tiomarum
472 446 482 478 ;
514 446 599 472 neu
620 431 716 488 quis
732 446 864 488 quem
881 429 1000 488 prius
1027 428 1247 478 vulneret,
1269 445 1403 485 quam
1429 429 1554 472 illum
1570 429 1703 471 inter-

221 489 385 532 fectum
406 488 585 538 viderit,
611 490 729 547 quod
746 505 868 532 mora
887 488 1157 545 reliquorum
1177 488 1366 545 spatium
1381 495 1558 530 nactum
1576 487 1703 531 illum

223 548 416 604 effugere
445 547 651 590 nolebat:
687 563 844 605 magna
865 546 1072 606 proponit
1100 545 1166 598 iis,
1200 545 1277 602 qui
1298 545 1552 596 occiderint,
1592 562 1703 605 prae-

223 607 333 648 mia:
387 606 607 648 submittit
647 605 843 648 cohortes
884 605 1108 664 equitibus
1148 603 1353 647 subsidio.
1432 604 1707 663 Comprobat

222 663 405 707 hominis
432 663 656 706 consilium
689 664 867 707 fortuna
895 674 956 714 et,
994 680 1132 722 quum
1153 677 1290 706 unum
1316 677 1462 706 omnes
1483 672 1704 720 peterent,

222 724 267 766 in
286 724 380 781 ipso
401 721 586 764 fluminis
617 723 731 766 vado
764 724 1057 782 deprehensus
1090 721 1417 766 Indutiomarus
1444 721 1707 767 interficitur

223 790 447 840 caputque
481 781 573 840 ejus
603 782 797 825 refertur
832 784 875 825 in
912 791 1076 827 castra:
1108 780 1344 825 redeuntes
1380 779 1566 838 equites,
1596 796 1707 837 quos

224 848 422 900 possunt,
464 848 770 884 consectantur
812 851 946 900 atque
987 840 1208 886 occidunt.
1288 840 1386 884 Hac
1422 855 1471 882 re
1513 839 1706 898 cognita,

224 915 371 942 omnes
407 899 668 942 Eburonum
704 909 749 944 et
772 901 1059 951 Nerviorum,
1093 916 1191 958 quae
1219 906 1528 949 convenerant,
1571 898 1708 965 copiae

218 958 478 1005 discedunt;
511 958 751 1019 paulloque
771 960 928 1004 habuit
961 968 1062 1022 post
1098 959 1144 1003 id
1172 960 1337 1003 factum
1374 959 1520 1002 Caesar
1551 958 1709 1016 quieti-

219 1034 341 1062 orem
365 1017 567 1060 Galliam.

225 1129 366 1163 omnino
385 1136 435 1162 est
451 1129 600 1170 edicere,
623 1130 857 1178 pronunciare,
881 1131 932 1163 in·
997 1136 1031 1163 et
1048 1130 1096 1163 ibi
1114 1131 1205 1162 Oud.
1229 1130 1311 1163 item
1334 1129 1432 1163 Lact.
1446 1131 1488 1163 de
1504 1135 1605 1163 mort.
1626 1141 1706 1175 per-

225 1180 404 1216 terponere
433 1185 529 1206 suam
559 1180 759 1205 sententiam
786 1176 931 1215 jubendi
999 1187 1065 1208 sec.
1089 1179 1192 1208 c.44.

224 1218 498 1261 prohibendique
525 1230 646 1250 causa:
679 1219 800 1249 saltem
830 1222 934 1251 inter·
1048 1222 1123 1253 Neu
1167 1222 1243 1261 quis
1287 1227 1400 1259 quem.
1435 1215 1499 1248 alii
1525 1225 1595 1248 neu,
1635 1218 1709 1259 quis

228 1264 356 1295 dietum
372 1263 404 1294 in
423 1265 496 1304 jure
506 1273 757 1303 nonnumquam
768 1269 819 1295 est
833 1262 934 1302 idem,
1000 1273 1221 1305 quemquam.
1237 1263 1291 1294 vel
1301 1264 1481 1304 quisquam
1490 1271 1711 1303 quemquam.

228 1308 321 1348 quod
337 1308 487 1338 edictum
506 1307 720 1348 simpliciter.
747 1308 797 1338 M.
1047 1309 1092 1339 In
1122 1310 1192 1348 ipso
1223 1308 1384 1350 fluminis
1424 1306 1524 1338 vado.
1591 1304 1712 1345 Mosae,

277 1353 485 1383 Proceri-iti&
531 1351 602 1383 Alii
629 1354 824 1392 percon-iti&
869 1350 932 1382 Sed
999 1362 1074 1392 quae
1095 1352 1222 1383 Remos
1250 1363 1270 1383 a
1290 1349 1438 1383 Treviris
1462 1349 1649 1382 dividebat.
1675 1361 1708 1383 v.

226 1401 414 1438 proterrere
430 1401 479 1427 est
494 1400 617 1427 terrore
627 1394 761 1426 incusso
773 1394 805 1425 in
818 1395 933 1435 fugam
1001 1396 1135 1429 Cluver.
1151 1399 1184 1435 2,
1205 1397 1256 1426 14.

220 1439 412 1481 conjicere.
460 1439 538 1470 Vid.
568 1439 661 1479 Virg.
687 1440 834 1478 AEn.12‚
857 1441 934 1470 291.
1050 1442 1223 1484 Caputque
1254 1442 1339 1482 ejus.
1398 1438 1498 1472 Conf.
1527 1438 1649 1475 Florus
1677 1445 1697 1474 3

196 1502 198 1506 -
236 1483 319 1516 Stat.
333 1484 446 1516 Theb.
464 1488 496 1524 9,
513 1485 590 1517 645.
613 1484 716 1526 Apul.
732 1483 816 1516 Met.
833 1487 865 1524 3,
880 1485 936 1517 46.
1001 1486 1053 1517 10.
