1946 3261
190 253 280 297 260
649 242 735 288 DE
767 241 973 287 BELLO
1005 240 1219 287 CIVILI.

247 382 361 412 Caesar
376 383 507 409 strenue
531 371 667 406 resistit.
715 375 771 412 56,
793 376 847 406 57.
869 371 987 413 Pugna
1013 372 1054 403 ad
1081 369 1281 402 Massiliam,
1329 371 1381 401 58.
1406 369 1571 411 Prospero
1593 366 1687 399 Bruti

251 423 385 468 proelio.
431 422 485 453 59.
509 418 681 451 Nunciato
695 417 819 450 Caesari
835 418 877 449 ad
896 417 1050 455 Ilerdam,
1079 415 1210 446 fortuna
1226 421 1382 446 mutatur.
1430 417 1483 445 60.
1510 410 1687 453 Hispaniae

254 465 387 509 populi,
403 464 582 503 Oscenses,
596 461 853 504 Calagurritani,
869 460 941 499 alii,
956 459 1148 491 desciscunt
1162 459 1206 491 ab
1222 458 1370 490 Afranio.
1410 459 1550 489 ‘tt—63.
1567 455 1690 493 Caesar,

253 510 380 542 Sicoris
395 514 489 550 parte
503 516 630 546 aversa,
655 506 829 538 Afranium
851 512 884 538 et
900 503 1069 536 Petreium
1091 510 1202 541 terret.
1248 505 1390 535 eit—70.
1413 503 1499 533 Cum
1526 501 1580 533 bis
1597 509 1692 542 pros-

254 565 338 598 pere
356 558 496 596 pugnat.
541 553 695 585 'rr—⁷&
711 549 900 582 Afranianis
927 548 1047 591 parcit,
1069 547 1303 580 misericordia
1326 552 1450 584 motus,
1471 545 1551 578 sine
1567 543 1691 587 proelio

255 599 302 632 iis
317 609 352 630 se
370 596 560 641 potiturum
576 605 729 639 sperans.
774 597 828 626 74.
852 593 970 635 Agitur
985 603 1063 625 cum
1077 591 1211 627 (kesare
1226 593 1268 624 de
1284 590 1413 624 Afranii
1428 597 1462 622 et
1473 589 1596 622 Petreii
1612 587 1696 619 vita.

257 653 326 686 pax
353 642 486 674 videtur
510 640 653 673 coitura.
699 642 755 671 75.
770 641 826 670 76.
850 636 1006 669 Petreius
1034 635 1242 669 Caesarianos
1269 646 1329 678 per
1360 635 1511 667 inducias
1541 638 1695 674 receptos

257 686 384 730 perfide
399 684 559 719 trucidari
574 690 678 718 curat.
725 685 778 715 77.
801 682 913 714 Caesar
927 686 1042 714 contra
1057 680 1288 722 Pompeianos
1313 680 1423 712 salvos
1442 678 1596 710 dimittit.
1641 677 1696 707 78.

259 730 446 770 Afraniani,
458 730 568 762 omnis
585 728 718 772 generis
731 727 849 769 inopia
865 725 986 768 pressi,
1002 731 1110 757 castra
1125 724 1327 767 relinquunt.
1361 725 1504 756 79—83.
1528 723 1563 755 In
1578 721 1698 753 itinera

200 809 209 820 ,
257 775 480 818 inpediuntur
503 785 525 807 a
551 773 697 806 Caesare.
741 774 796 804 84.
826 769 998 802 Omnibus
1025 769 1127 802 rebus
1153 768 1285 801 obsessi
1317 767 1538 809 conloquium
1569 770 1698 808 petunt.

259 822 317 897 ῗῖ
353 818 529 895 Αἰιζιῃίυιη
558 816 775 861 reprehendit
801 816 929 849 Caesar.
974 816 1030 853 86,
1053 815 1109 846 87.
1146 812 1340 846 Dimittitur
1353 811 1531 844 exercitus.
1587 809 1700 842 Duces

277 875 288 896 1
315 873 404 896 erea
431 868 523 895 eunt.

221 936 585 1007 LITTERISa
609 951 664 994 C.
687 951 860 993 Caesare
894 947 1160 991 Consulibus
1195 945 1390 996 redditis,
1424 960 1540 1005 aegre
1567 946 1624 990 ab
1657 945 1708 988 iis

218 1018 490 1077 inpetratum
522 1020 604 1061 est,
637 1025 803 1053 summa
826 1007 1126 1050 Tribunorum
1156 1005 1296 1064 plebis
1326 1007 1616 1055 contentione,
1656 1014 1706 1048 ut

221 1078 268 1120 in
290 1076 455 1118 Senatu
473 1070 787 1114 recitarentur:
822 1075 872 1109 ut
894 1082 998 1110 vero
1016 1081 1069 1108 ex
1090 1065 1247 1108 litteris
1267 1064 1324 1107 ad
1346 1066 1554 1108 Senatum
1578 1064 1709 1108 refer-

222 1143 364 1183 retur,
385 1128 611 1189 impetrari
633 1142 719 1171 non
740 1126 906 1186 potuit.
971 1124 1187 1168 Referunt
1211 1123 1421 1167 Consules
1440 1123 1493 1166 de
1528 1123 1709 1183 Repub-

222 1194 308 1239 lica
328 1192 390 1248 (in
411 1188 620 1244 civitate).
683 1185 734 1228 L.
760 1184 974 1228 Lentulus
997 1183 1163 1227 Consul
1188 1184 1352 1226 Senatu
1374 1182 1544 1240 Reique
1567 1182 1713 1242 publi-

226 1270 287 1297 cae
307 1267 351 1295 se
371 1263 458 1292 non
477 1246 736 1290 defuturum
757 1244 1009 1304 pollicetur,
1046 1243 1080 1285 si
1109 1241 1317 1285 audacter
1338 1258 1387 1284 ac
1419 1242 1593 1285 fortiter
1621 1257 1714 1285 sen-

228 1310 388 1356 tentias
431 1307 573 1349 dicere
610 1304 769 1347 velint:
813 1303 879 1346 sin
926 1302 1141 1344 Caesarem
1182 1301 1414 1358 respiciant
1451 1309 1586 1357 atque
1623 1301 1718 1360 ejus

229 1369 415 1430 gratiam
439 1371 697 1422 sequantur,
729 1371 781 1404 ut
812 1360 1113 1419 superioribus
1145 1358 1327 1402 fecerint
1357 1360 1644 1418 temporibus,
1675 1375 1718 1403 se

230 1429 314 1473 sibi
335 1424 560 1470 consilium
589 1430 826 1480 capturum
848 1435 989 1477 neque
1014 1419 1201 1460 Senatus
1220 1418 1474 1461 auctoritati
1495 1419 1719 1487 obtempe-

233 1496 461 1532 raturum;
493 1481 652 1525 habere
673 1496 717 1523 se
737 1488 916 1537 quoque
937 1477 988 1520 ad
1011 1477 1194 1520 Caesaris
1215 1477 1403 1535 gratiam
1422 1487 1557 1535 atque
1577 1479 1722 1522 amici-

233 1547 342 1590 tiam
375 1550 620 1601 receptum.
684 1538 736 1582 In
772 1537 964 1580 eamdem
1005 1537 1261 1580 sententiam
1301 1535 1502 1594 loquitur
1544 1538 1718 1597 Scipio:

237 1602 452 1662 Pompeio
486 1615 574 1643 esse
613 1599 658 1641 in
694 1597 854 1646 animo,
883 1595 1160 1654 Reipublicae
1182 1610 1269 1638 non
1289 1593 1449 1643 deesse,
1482 1596 1517 1639 si
1539 1596 1725 1641 Senatus

234 1669 447 1722 sequatur
465 1674 476 1709 3
506 1658 571 1701 sin
593 1665 842 1705 cunctetur,
872 1664 1008 1712 atque
1028 1664 1131 1712 agat
1145 1653 1297 1705 lenius,
1321 1654 1615 1712 nequidquam
1636 1656 1729 1715 ejus

237 1720 466 1768 auxilium,
489 1717 522 1760 si
544 1724 697 1775 postea
717 1714 840 1763 velit,
865 1715 1074 1756 Senatum
1097 1712 1439 1771 inploraturum.

300 1781 345 1823 2.
380 1778 487 1821 Haec
511 1773 728 1834 Scipionis
748 1773 906 1822 oratio,
940 1771 1056 1830 quod
1082 1772 1268 1814 Senatus
1290 1770 1332 1814 in
1355 1772 1465 1815 urbe
1482 1770 1728 1814 habebatur

247 1836 571 1897 Pompeiusque
598 1833 764 1883 aderat,
792 1848 846 1874 ex
873 1831 1007 1890 ipsius
1027 1846 1102 1875 ore
1128 1829 1325 1888 Pompeii
1346 1830 1461 1873 mitti
1484 1830 1728 1874 videbatur.

297 1935 428 1967 Litteris
440 1948 486 1955 -
499 1929 646 1963 redditis.
693 1928 743 1960 De
761 1926 816 1959 his
837 1926 960 1958 litteris
1075 1925 1301 1958 ‘tribunorum
1313 1926 1427 1966 plebis,
1443 1925 1553 1957 Cassii
1569 1931 1603 1956 et
1626 1927 1730 1958 Anto-

251 1980 298 2013 ad
314 1982 347 2017 8,
371 1981 413 2010 55
441 1976 544 2018 paulo
559 1980 637 2006 ante
653 1972 784 2004 dictum
800 1976 861 2003 est.
906 1970 960 2002 Cf.
1027 1970 1088 2002 nii.
1111 1970 1162 2000 Cf.
1180 1979 1212 1999 c.
1231 1973 1248 1999 2
1266 1975 1349 2000 extr.
1366 1969 1512 2011 Appiam.
1529 1973 1562 2008 2,
1578 1971 1632 2001 88.
1664 1970 1731 2002 Dio

254 2025 397 2057 Sueton.
413 2020 485 2052 Jul.
499 2021 554 2057 29,
572 2020 625 2050 80.
661 2017 729 2049 1)ἰο
742 2015 838 2047 Cass.
857 2018 912 2054 41,
932 2017 960 2046 l.
1027 2016 1121 2047 Cass.
1139 2014 1172 2044 d.
1191 2014 1214 2044 l.
1246 2014 1295 2044 ³1.

256 2069 308 2101 M.
342 2065 421 2098 Non
446 2074 535 2106 opus
556 2067 607 2095 est
632 2061 733 2103 longo
752 2059 866 2092 Vossii
883 2060 964 2092 sub·
1078 2060 1133 2090 Es
1146 2059 1273 2091 luteris.
1288 2068 1327 2088 ea
1344 2057 1385 2089 de
1403 2068 1449 2096 re,
1473 2068 1551 2100 quae
1567 2057 1601 2090 in
1615 2058 1736 2092 litteris

256 2113 445 2155 plemento,
487 2118 556 2150 quo
593 2116 700 2138 nexus
725 2110 858 2137 constet
884 2114 963 2136 cum
1030 2103 1155 2144 scripta
1170 2108 1253 2132 erat.
1294 2102 1342 2132 Μ.

255 2151 540 2199 praecedentibus.
1083 2148 1122 2179 In
1137 2147 1278 2177 cin-itate.
1316 2145 1438 2178 Multis
1455 2146 1528 2179 haec
1544 2146 1650 2180 verbo
1665 2159 1738 2180 sus-

308 2201 334 2231 A
367 2197 482 2229 Fabio.
527 2195 603 2227 Hoc
631 2199 682 2226 est
712 2193 856 2225 falsum:
889 2202 967 2224 nam
1034 2197 1134 2235 pecta
1159 2197 1247 2227 sunt,
1271 2189 1409 2231 quasia
1439 2191 1578 2223 librario
1603 2191 1740 2230 inserta,

265 2242 334 2276 Dio
349 2241 444 2273 Cass.
457 2240 491 2271 d.
508 2239 531 2271 l.
549 2244 583 2270 et
599 2238 744 2281 Appian.
774 2236 850 2269 Civ.
867 2240 899 2275 2,
917 2240 969 2268 89.
1033 2236 1115 2279 quia
1139 2234 1252 2265 Caesar
1278 2233 1391 2275 potius
1422 2235 1457 2266 in
1483 2237 1565 2267 urbe
1587 2235 1741 2275 dixi-se«,

263 2298 325 2320 eas
359 2296 381 2318 a
409 2283 556 2315 Curione
588 2283 735 2314 redditas
763 2281 970 2313 Consulibus
1037 2286 1074 2312 ut
1101 2290 1133 2310 c.
1164 2282 1196 2311 2.
1219 2278 1310 2319 quod
1338 2278 1473 2309 Senatui
1503 2286 1595 2311 extra
1621 2280 1740 2315 urbem

264 2331 397 2369 dicunt,
422 2337 484 2359 nec
509 2326 575 2358 l'uit
601 2332 673 2358 tum
686 2325 811 2367 aliquis
834 2325 971 2359 Fabius.
1039 2323 1159 2356 habito
1174 2324 1267 2363 (cap.
1284 2326 1314 2353 8.
1330 2328 1364 2353 et
1379 2324 1415 2361 6)
1430 2322 1626 2364 obponitur.
1673 2326 1745 2357 ca.

266 2376 302 2408 in
331 2375 394 2406 hac
419 2369 648 2404 controversia
678 2369 831 2411 insignis.
882 2370 972 2407 Ergo
1039 2370 1157 2401 larius.
1201 2366 1406 2398 ciacconius
1434 2366 1508 2398 sine
1538 2369 1745 2400 necessitate

267 2424 328 2452 aut
344 2429 367 2451 α
386 2418 532 2450 Curione
547 2415 739 2457 legendum.
755 2420 873 2454 aut‚ut
889 2412 973 2445 mihi
1042 2410 1201 2444 substitui
1238 2411 1376 2441 volebat
1402 2411 1568 2452 indefinite
1590 2413 1644 2445 vel
1668 2414 1745 2453 infi-

267 2463 416 2501 videtur,
430 2459 535 2492 verba
549 2469 572 2491 a
589 2459 695 2491 Fabio
712 2459 811 2499 plane
827 2458 977 2489 tollenda
1042 2460 1122 2494 nile,
1135 2454 1227 2496 quod
1244 2454 1401 2495 placebat
1417 2455 1643 2489 Hotomanno.
1683 2457 1745 2488 Pe-

270 2512 361 2545 sunt,
373 2510 431 2538 aut
446 2513 523 2536 cum
541 2501 787 2543 Oudendorpio
818 2501 944 2533 Litteris
955 2513 979 2533 a
1044 2507 1111 2532 trus
1127 2498 1232 2530 Faber
1245 2499 1287 2529 ad
1299 2498 1372 2530 Cic.
1391 2499 1495 2531 Acad.
1509 2504 1542 2537 2,
1554 2503 1587 2531 5.
1600 2502 1746 2533 incitate.

275 2553 359 2585 Caio
386 2551 520 2582 Caesare
543 2547 685 2588 legetur,
706 2544 785 2587 quia
808 2545 841 2576 in
862 2551 930 2576 unt.
946 2551 981 2576 et
1045 2542 1198 2575 Jurinius
1215 2542 1448 2584 lezijubetad
1464 2545 1638 2577 Senatu-0.

274 2595 367 2629 bono
387 2593 463 2624 cod.
478 2591 653 2633 reperitur,
669 2600 692 2622 α
710 2589 814 2622 Fabio
841 2590 980 2620 Coesare.
1096 2587 1254 2618 Lentulus
1270 2587 1435 2624 collegam
1450 2587 1567 2618 babuit
1586 2588 1629 2620 C.
1657 2585 1746 2619 Mar-

277 2641 331 2673 M.
367 2636 557 2678 Legebat-u
591 2635 719 2667 Litteris
748 2644 771 2665 a
804 2633 909 2664 Fabio
944 2634 980 2664 C.
1049 2631 1185 2669 cellum,
1201 2640 1253 2661 an.
1272 2633 1336 2663 705
1354 2632 1393 2662 Ρ.
1408 2630 1450 2662 U.
1465 2631 1505 2662 C.
1524 2632 1574 2663 M.
1673 2661 1683 2669 ,

282 2683 427 2717 Coesari·
444 2681 540 2713 cons.
561 2679 634 2711 red.
677 2677 842 2709 Mendum
865 2677 983 2708 adesse
1098 2677 1184 2716 Aque
1211 2675 1328 2706 lenius.
1374 2674 1429 2706 Sic
1458 2681 1493 2706 et
1524 2674 1600 2707 Liv.
1633 2677 1665 2713 8,
1696 2677 1750 2706 81.

281 2725 512 2763 manifestum,
572 2731 690 2754 omnes
756 2720 982 2754 consentiunt.
1052 2720 1134 2752 Sall.
1151 2720 1230 2756 Jug.
1247 2720 1302 2750 60.

283 2769 412 2809 Quidni
428 2768 583 2800 tollatur?
617 2764 856 2807 Oudendorpii
872 2775 987 2796 emen·
1097 2764 1263 2799 Senatu·
1276 2764 1411 2805 implor.
1436 2762 1475 2794 Τό
1491 2764 1651 2795 Semrun
1667 2762 1755 2794 male

286 2815 380 2846 datio
407 2812 496 2844 male
523 2812 688 2844 medetur.
751 2810 882 2842 Litterae
908 2820 930 2840 a
948 2810 984 2841 C.
1052 2817 1247 2850 expunxere
1261 2807 1421 2840 editores.
1459 2806 1646 2839 Revocavit
1662 2806 1754 2838 Oud.

288 2859 422 2890 caesam»
446 2860 525 2888 sunt
538 2855 656 2888 litterae
680 2853 833 2892 Caesaris,
855 2858 890 2884 ut
905 2852 987 2884 insm
1101 2853 1280 2895 Pompeius
1292 2852 1427 2890 ader-m,
1444 2850 1476 2882 in
1490 2849 1656 2882 suburbio
1672 2858 1754 2882 emt.

290 2903 324 2937 3,
342 2903 395 2932 36.
408 2902 529 2932 linerae
545 2910 568 2931 a
587 2900 637 2931 M.
655 2900 813 2933 Favonio.
829 2897 988 2941 ‘Respice
1061 2896 1125 2928 Dio
1140 2898 1301 2933 CassAl,
1317 2900 1350 2927 2.
1376 2896 1549 2928 calam.
1575 2893 1759 2931 Manutius,

288 2946 332 2978 ad
345 2950 415 2980 not·
430 2944 473 2978 ad
486 2944 530 2977 G.
546 2948 579 2984 5,
595 2947 658 2986 ⁵4„
1060 2941 1234 2976 victorius
1253 2938 1342 2974 V.L.
1358 2941 1390 2979 8,
1412 2941 1437 2973 1.
1459 2946 1494 2972 et
1507 2939 1567 2972 alii
1580 2939 1668 2972 male
1680 2939 1758 2972 abe·
