1946 3261
633 231 775 283 LIB.
806 234 865 284 V.
927 234 1068 284 cAP.
1098 237 1292 288 46-49.
1618 242 1701 288 127

211 362 434 423 legionum
451 364 663 426 dejectus,
693 366 750 410 ad
772 366 880 411 duas
901 365 1108 418 redierat,
1136 377 1282 413 tamen
1305 383 1439 413 unum
1458 372 1699 416 communis

209 424 361 467 salutis
380 426 592 470 auxilium
612 427 655 471 in
675 426 899 470 celeritate
920 426 1128 486 ponebat·
1193 429 1327 472 Venit
1347 429 1511 489 magnis
1530 431 1696 476 itineri-

212 483 294 526 bus
315 483 359 527 in
384 486 652 530 Nerviorum
672 486 789 529 fines.
839 486 907 530 Ibi
928 500 980 529 ex
997 485 1182 544 captivis
1202 490 1439 546 cognoscit,
1456 506 1554 548 quae
1571 506 1596 534 a
1633 492 1695 536 ud

212 542 471 588 Ciceronem
507 554 736 604 gerantur,
766 554 1019 604 quantoque
1047 546 1090 588 in
1121 546 1321 604 periculo
1354 565 1421 591 res
1448 550 1517 593 sit.
1622 568 1698 596 um

211 602 384 644 cuidam
405 616 459 646 ex
480 604 704 661 equitibus
728 605 868 648 Gallis
888 605 1053 664 maguis
1071 605 1256 663 praemiis
1276 609 1526 664 persuadet,
1550 611 1618 654 uti
1638 611 1695 654 ad

212 660 469 705 Ciceronem
510 663 742 721 epistolam
782 664 968 708 deferat.
1034 664 1160 706 Hanc
1203 665 1368 708 Graecis
1408 669 1697 728 conscriptam

206 718 366 763 litteris
386 720 541 771 mittit,
562 736 632 772 ne,
654 723 819 766 interce
856 732 900 766 ta
920 723 1119 783 epistola,
1140 732 1289 767 nostra
1307 724 1365 768 ab
1385 724 1581 770 hostibus
1599 744 1697 773 con-

206 777 302 821 silia
321 787 654 837 cognoscantur.
721 782 769 824 Si
790 741 912 826 adire
938 795 1023 826 non
1043 783 1195 842 possit,
1218 791 1382 834 monet,
1406 791 1457 827 ut
1477 788 1698 845 tragulam

207 850 308 880 cum
330 838 531 897 epistola,
559 840 615 882 ad
638 847 858 884 amentum
880 841 1089 901 deligata,
1121 842 1237 885 intra
1256 844 1517 887 munitiones
1537 855 1697 892 castro-

207 911 307 941 rum
325 898 518 957 abjiciat.
569 898 621 942 In
639 900 796 943 litteris
811 901 981 952 scribit,
1003 918 1047 944 se
1065 916 1165 944 cum
1183 901 1428 961 legionibus
1446 904 1698 963 profectum

205 956 411 1001 celeriter
442 958 616 1002 adfore:
649 959 872 1010 hortatur,
906 968 958 1002 ut
986 960 1215 1018 pristinam
1245 962 1458 1005 virtutem
1494 964 1697 1009 retineat.

210 1016 383 1067 Gallus,
424 1017 670 1076 periculum
702 1019 886 1068 veritus,
929 1026 980 1060 ut
1015 1026 1111 1061 erat
1146 1029 1435 1079 praeceptum,
1477 1025 1699 1082 tragulam

202 1075 354 1118 mittit.
418 1076 526 1120 Haec
545 1093 645 1120 casu
666 1077 722 1120 ad
744 1078 903 1120 turrim
923 1077 1120 1128 adhaesit,
1143 1094 1285 1137 neque
1305 1080 1362 1123 ab
1384 1082 1541 1126 nostris
1563 1083 1699 1128 biduo

204 1134 518 1186 animadversa,
549 1137 683 1179 tertio
709 1135 782 1179 die
810 1150 836 1179 a
856 1136 1049 1194 quodam
1070 1137 1208 1180 milite
1229 1139 1521 1198 conspicitur;
1553 1143 1701 1189 demta

205 1194 262 1237 ad
285 1195 542 1238 Ciceronem
562 1195 777 1239 defertur.
841 1195 922 1239 Ille
945 1196 1187 1255 perlectam
1210 1197 1252 1240 in
1269 1209 1487 1243 conventu
1510 1203 1699 1247 militum

205 1254 379 1306 recitat,
407 1256 680 1313 maximaque
713 1270 859 1298 omnes
892 1256 1041 1299 laetitia
1065 1257 1226 1299 adficit.
1290 1258 1404 1301 Tum
1429 1260 1536 1304 fumi
1557 1262 1699 1307 incen-

205 1311 380 1356 diorum
418 1315 575 1372 procul
610 1315 894 1365 videbantur,
931 1329 1030 1374 quae
1068 1329 1135 1360 res
1170 1331 1342 1361 omnem
1377 1319 1698 1367 dubitationem

205 1371 661 1432 adventuslegionum
688 1374 874 1432 expulit.

264 1432 334 1474 49.
371 1432 507 1482 Galli,
537 1449 583 1475 re
613 1432 789 1491 cognita
821 1446 902 1492 per
923 1433 1238 1492 exploratores,
1269 1436 1539 1481 obsidionem
1569 1441 1698 1484 relin-

205 1499 367 1550 quunt,
401 1492 456 1535 ad
487 1492 701 1535 Caesarem
735 1492 936 1536 omnibus
972 1492 1107 1552 copiis
1144 1495 1434 1545 contendunt;
1479 1513 1539 1541 eae
1574 1509 1700 1544 erant

204 1558 475 1594 armatorum
492 1551 667 1594 circiter
679 1549 796 1594 milia
816 1552 907 1594 LX.
958 1553 1130 1602 Cicero,
1149 1553 1253 1596 data
1271 1554 1497 1606 facultate,
1519 1558 1700 1603 Gallum

205 1610 263 1652 ab
295 1609 448 1652 eodem
472 1606 724 1659 Verticone,
753 1624 885 1667 quem
916 1626 1050 1670 supra
1076 1611 1482 1664 demonstravimus,
1519 1619 1698 1675 repetit,

206 1667 284 1726 qui
314 1668 483 1711 litteras
509 1665 565 1711 ad
591 1669 805 1712 Caesarem
833 1670 1017 1712 referat:
1052 1669 1167 1715 hunc
1193 1671 1417 1722 admonet,
1449 1672 1535 1717 iter
1570 1687 1699 1721 caute

203 1727 530 1786 diligenterque
563 1728 712 1770 faciat:
756 1729 990 1787 perscribit
1025 1728 1067 1772 in
1097 1730 1271 1780 litteris,
1302 1730 1444 1775 hostes
1474 1733 1532 1776 ab
1553 1749 1597 1777 se
1619 1737 1700 1780 dis-

203 1787 372 1830 cessisse
389 1799 647 1845 omnemque
665 1787 720 1830 ad
739 1803 839 1830 eum
858 1788 1186 1832 multitudinem
1203 1792 1478 1835 convertisse.
1527 1794 1701 1844 Quibus

204 1846 363 1890 litteris
382 1845 559 1889 circiter
581 1847 724 1890 media
747 1857 873 1891 nocte
890 1849 1034 1892 Caesar
1054 1848 1212 1891 adlatis
1229 1865 1328 1893 suos
1349 1851 1454 1894 facit
1476 1855 1699 1908 certiores,

203 1920 365 1965 eosque
397 1906 454 1949 ad
490 1906 786 1950 dimicandum
821 1907 965 1950 animo
994 1908 1241 1951 confirmat:
1286 1918 1464 1969 postero
1497 1911 1569 1954 die
1602 1914 1699 1959 luce

204 1965 345 2025 prima
376 1974 523 2009 movet
553 1973 710 2016 castra,
743 1973 788 2009 et
817 1967 994 2010 circiter
1015 1967 1134 2010 milia
1156 1982 1359 2027 passuum
1381 1978 1575 2027 quatuor
1597 1990 1699 2032 pro-

202 2037 388 2084 gressus,
406 2032 526 2068 trans
540 2026 700 2068 vallem
717 2041 918 2085 magnam
936 2034 980 2069 et
998 2027 1141 2070 rivum
1161 2027 1490 2072 multitudinem
1509 2030 1698 2078 hostium

202 2084 495 2142 conspicatur.
565 2083 675 2127 Erat
716 2086 862 2144 magni
904 2086 1091 2144 periculi
1131 2100 1214 2135 res,
1253 2102 1352 2129 cum
1392 2090 1524 2132 tantis
1564 2094 1700 2152 copiis

203 2144 355 2201 iniquo
391 2142 488 2185 loco
525 2142 745 2187 dimicare.
809 2144 941 2194 Tum,
973 2145 1178 2202 quoniam
1209 2145 1447 2190 liberatum
1475 2149 1700 2196 obsidione

206 2203 465 2246 Ciceronem
485 2202 667 2253 sciebat,
699 2219 838 2261 eoque
861 2205 1032 2246 omnino
1055 2204 1367 2248 remittendum
1395 2206 1451 2249 de
1473 2208 1698 2255 celeritate

202 2261 495 2313 existimabat,
525 2262 720 2306 consedit
740 2272 802 2314 et,
833 2279 966 2322 quam
988 2263 1229 2321 aequissimo
1249 2273 1393 2323 potest
1414 2264 1526 2319 loco,
1559 2281 1701 2317 castra

255 2408 380 2440 Graecis
402 2403 527 2439 Zittmvis.
554 2417 587 2438 v.
611 2407 653 2438 ad
680 2408 709 2445 1,
732 2407 786 2437 29.
833 2405 918 2437 Nar-

205 2451 292 2483 ravit
312 2452 413 2483 etiam
433 2452 611 2493 Polyaenus
635 2452 676 2482 de
692 2456 917 2493 strategemat.

205 2499 238 2534 8,
255 2497 311 2534 23,
329 2497 361 2527 6.
385 2494 436 2527 M.

252 2540 403 2581 Abiit-iat.
447 2539 569 2571 Clarke
585 2540 740 2580 adjiciat.

257 2583 341 2616 Haec
367 2592 449 2616 cam
477 2584 524 2616 ml
549 2589 572 2615 t.
596 2585 680 2616 adh.
728 2584 794 2616 Die
811 2585 866 2622 40,
883 2585 917 2614 9.

204 2630 247 2660 de
278 2627 443 2660 industria
474 2628 509 2658 id
539 2627 663 2660 factum
700 2635 826 2667 narrat,
859 2629 917 2659 sed

205 2673 314 2715 major
328 2671 456 2704 Caesari
470 2672 552 2703 fides
567 2673 719 2704 debetur.

253 2719 349 2749 Data
368 2717 544 2758 facultate,
571 2716 654 2758 quia
681 2724 750 2748 erat
773 2716 917 2748 facultas

203 2760 421 2793 nanciscendi
454 2759 645 2797 hominem,
681 2768 784 2801 quem
821 2770 916 2791 com-

205 2807 307 2838 mode
324 2805 456 2837 mittere
476 2809 603 2846 posset,
625 2811 726 2846 quem
743 2804 833 2837 Galli
848 2815 915 2836 non

201 2855 432 2893 agnoscerent.
459 2850 507 2880 M.

250 2897 577 2928 Demonstravimus.
600 2904 633 2925 ν.
652 2903 682 2924 c.
698 2895 752 2925 45.
777 2893 828 2926 M.

249 2940 398 2981 Refer-at.
420 2938 481 2970 alii
497 2938 633 2979 deferat.

256 2985 384 3017 Vallem
396 2990 575 3025 magnam.
592 2982 627 3013 erc)
641 2991 810 3024 ‘maynam
823 2982 918 3015 deest

203 3026 243 3061 in
257 3029 334 3062 edd.
350 3027 470 3072 primis
486 3033 520 3062 et
533 3028 636 3062 codd.
652 3026 783 3061 multis.

1035 2407 1122 2437 Cum
1137 2406 1236 2438 tantis
1251 2409 1365 2449 copiis.
1411 2401 1482 2441 Ali'i
1500 2410 1585 2443 bene
1602 2415 1698 2446 multi

985 2450 1136 2488 codices,
1164 2453 1318 2483 tcmculis:
1354 2453 1418 2485 hoc
1437 2454 1697 2495 intelligendum

985 2494 1049 2525 erit
1075 2495 1116 2525 de
1145 2494 1273 2536 exiguo
1298 2496 1444 2529 Caesaris·
1470 2502 1634 2539 exercitu,
1663 2509 1696 2534 et

985 2550 1063 2571 cum
1087 2540 1229 2571 tantulis
1256 2544 1355 2582 θορῆς
1382 2542 1544 2576 dimicare
1567 2545 1696 2585 signifi-

984 2582 1089 2621 cabit,
1105 2583 1285 2615 habentem
1300 2587 1444 2618 tantulas
1459 2589 1579 2629 copias
1594 2590 1697 2623 dimi-

972 2635 1062 2667 ¹care
1078 2638 1157 2659 cum
1174 2627 1282 2660 hoste.
1307 2629 1358 2661 M.

1036 2673 1135 2704 Tum.
1183 2672 1298 2705 Nesus
1322 2684 1388 2705 non
1417 2682 1465 2706 est
1481 2677 1695 2720 perspicuus,

985 2721 1018 2747 et
1035 2716 1162 2748 habent
1181 2717 1242 2748 alii
1260 2724 1384 2757 tamen,
1410 2731 1482 2760 pr0,
1498 2727 1581 2752 tum.
1629 2724 1696 2755 De-

984 2759 1091 2792 bebat
1106 2771 1197 2792 esse:
1230 2763 1323 2803 Eryo
1340 2767 1413 2794 tum
1429 2765 1583 2805 quidem:
1605 2775 1695 2801 certe

983 2804 1033 2836 sic
1050 2805 1290 2846 explicandum
1304 2811 1364 2837 est.
1389 2807 1440 2839 M.

1030 2850 1146 2891 quue
1173 2852 1320 2881 omnino.
1367 2851 1455 2883 Ante
1481 2853 1693 2897 Scaligerum

984 2893 1161 2934 legebatur
1174 2903 1267 2935 aequo
1285 2896 1410 2926 animo.

1031 2939 1141 2973 Quam
1157 2946 1220 2978 oeq.
1233 2944 1336 2979 potest
1349 2940 1431 2971 loco.
1477 2940 1533 2975 Sic
1558 2944 1648 2979 Oud.
1674 2957 1694 2978 e

981 2982 1083 3016 codd.
1132 2981 1244 3025 Vulgo
1260 2983 1331 3016 loco
1341 2989 1460 3026 potest.
