1992 3271
1264 230 1275 243 κ

236 290 369 341 atque
400 281 478 331 his,
512 279 589 338 qui
609 278 663 321 acl
686 277 982 321 conducendos
1009 276 1196 320 homines
1216 277 1443 320 facultates
1466 276 1699 328 habebant,

235 343 370 398 vulgo
393 341 543 395 Regna
563 337 909 394 occupabantur,
938 337 1014 394 qui
1034 336 1172 379 minus
1192 336 1315 378 facile
1339 352 1432 378 eam
1451 353 1542 379 rem
1561 336 1604 379 in
1624 337 1699 378 im-

236 401 356 458 perio
376 406 521 440 nostro
543 396 745 453 consequi
765 403 981 453 poterant.
1689 434 1692 435 γ

293 459 334 499 2.
363 456 417 497 Iis
438 455 601 497 nunciis
620 453 862 511 litterisque
890 460 1128 496 commotus
1151 452 1294 494 Caesar
1312 452 1419 495 duas
1449 452 1636 511 legiones
1655 452 1698 496 in

234 515 432 557 citeriore
453 513 596 555 Gallia
613 527 744 555 novas
772 512 1023 569 conscripsit
1049 519 1093 553 et
1121 511 1226 553 inita
1253 519 1414 560 aestate,
1448 511 1490 553 in
1526 511 1700 554 interio-

234 589 325 616 rem
348 571 535 614 Galliam
555 572 632 629 qui
648 571 893 620 deduceret,
915 571 968 620 Q.
992 570 1171 612 Pedium
1186 569 1400 627 Legatum
1415 570 1543 611 misit.
1587 569 1700 628 Ipse,

233 647 368 688 quum
385 630 573 687 primum
588 629 739 687 pabuli
751 629 874 686 copia
889 645 976 670 esse
995 628 1217 685 inciperet,
1230 628 1283 670 ad
1302 628 1538 670 exercitum
1555 629 1673 671 venit
1689 643 1698 669 :

232 690 307 732 dat
320 689 541 746 negotium
556 688 797 730 Senonibus
810 687 1069 745 reliquisque
1086 686 1239 735 Gallis,
1257 687 1334 744 qui
1351 686 1535 728 finitumi
1555 687 1701 743 Belgis

232 756 370 797 erant,
391 747 456 788 uti
475 762 537 795 ea,
560 763 657 804 quae
676 746 791 803 apud
808 762 878 788 eos
897 754 1120 803 gerantur,
1139 753 1399 802 cognoscant
1419 761 1549 802 seque
1568 745 1620 787 de
1637 745 1701 787 his

232 807 361 848 rebus
382 806 609 847 certiorem
629 805 800 846 faciant.
865 804 925 845 Hi
946 811 1190 846 constanter
1207 819 1350 845 omnes
1370 804 1700 852 nunciaverunt,

232 879 381 907 manus
415 864 526 921 cogi,
557 863 793 905 exercitum
825 862 867 904 in
891 878 1023 904 unum
1049 862 1193 904 locum
1214 861 1407 904 conduci.
1462 861 1576 902 Tum
1596 877 1700 904 vero

230 923 517 966 dubitandum
553 937 637 964 non
672 921 945 969 existimavit,
976 921 1081 977 quin
1109 920 1163 962 ad
1194 936 1264 962 eos
1302 919 1572 975 [duodecimo
1608 919 1698 975 die]

231 980 588 1039 proficisceretur.
652 979 717 1021 Re
749 979 1029 1021 frumentaria
1060 978 1246 1036 provisa,
1277 986 1416 1020 castra
1444 986 1589 1020 movet
1614 977 1700 1020 die-

231 1040 399 1097 busque
420 1039 591 1081 circiter
613 1037 855 1095 quindecim
876 1038 928 1079 ad
946 1036 1048 1079 fines
1069 1037 1300 1094 Belgarum
1324 1036 1534 1093 pervenit.

288 1099 330 1140 3.
367 1098 432 1139 Eo
448 1113 581 1154 quum
601 1097 653 1138 de
676 1097 893 1153 inproviso
914 1096 1179 1153 celeriusque
1208 1095 1321 1137 omni
1350 1095 1550 1152 opinione
1567 1094 1700 1137 venis-

229 1164 310 1205 set,
333 1156 472 1204 Remi,
491 1156 565 1212 qui
580 1155 763 1212 proximi
784 1155 937 1196 Galliae
957 1170 1009 1196 ex
1031 1154 1176 1211 Belgis
1195 1161 1310 1201 sunt,
1328 1153 1381 1195 ad
1402 1169 1500 1194 eum
1519 1153 1701 1210 legatos,

231 1214 393 1256 Iccium
412 1223 455 1256 et
476 1213 811 1269 Antebrogimn,
831 1213 990 1270 primos
1007 1212 1208 1261 civitatis,
1226 1213 1448 1260 miserunt,
1466 1211 1571 1269 quid
1589 1212 1702 1254 dice-

231 1282 343 1322 rent,
376 1289 418 1314 se
446 1288 607 1328 suaque
629 1272 769 1314 omnia
793 1272 835 1313 in
863 1270 988 1312 fidem
1016 1279 1147 1327 atque
1179 1271 1222 1312 in
1254 1278 1511 1327 potestatem
1542 1269 1702 1326 Populi

232 1331 415 1375 Romani
437 1331 708 1388 permittere:
734 1345 872 1386 neque
891 1345 933 1370 se
953 1344 1050 1370 cum
1071 1328 1246 1384 reliquis
1266 1327 1409 1384 Belgis
1431 1329 1700 1378 consensisse,

231 1405 369 1446 neque
390 1398 542 1431 contra
563 1387 781 1444 Populum
812 1386 1056 1428 Romanum
1084 1387 1255 1428 omnino
1277 1386 1543 1443 conjurasse:
1580 1402 1704 1444 para-

232 1456 384 1504 tosque
421 1463 506 1488 esse
539 1455 582 1487 et
615 1445 780 1488 obsides
811 1445 913 1486 dare
947 1453 990 1486 et
1026 1445 1235 1502 imperata
1272 1444 1411 1486 facere
1451 1453 1496 1486 et
1532 1445 1700 1503 oppidis

232 1507 420 1563 recipere
437 1514 480 1546 et
502 1505 719 1546 frumento
737 1503 975 1560 ceterisque
993 1503 1122 1545 rebus
1139 1502 1291 1560 juvare
1307 1517 1316 1543 :
1351 1502 1540 1559 reliquos
1558 1519 1701 1547 omnes

233 1565 389 1620 Belgas
418 1564 459 1605 in
487 1563 614 1605 armis
641 1577 750 1604 esse:
795 1563 1132 1618 Germanosque,
1167 1561 1243 1618 qui
1273 1561 1332 1602 cis
1361 1560 1561 1603 Rhenum
1588 1563 1702 1605 inco-

232 1624 344 1671 lunt,
366 1638 452 1664 sese
473 1637 571 1663 cum
591 1620 654 1661 his
671 1620 950 1676 conjunxisse,
965 1628 1221 1676 tantumque
1240 1635 1326 1661 esse
1345 1635 1494 1661 eorum
1513 1620 1702 1662 omnium

231 1682 437 1730 furorem,
460 1688 510 1722 ut
539 1695 589 1721 ne
613 1679 858 1721 Suessiones
880 1679 1067 1735 quidem,
1086 1677 1252 1720 'fratres
1281 1678 1703 1736 consanguineosque

281 1806 320 1836 In
333 1806 465 1846 imperia
475 1809 592 1836 nostro.
604 1802 788 1844 imperante
799 1802 935 1843 Populo

238 1850 341 1882 Rom.
386 1849 438 1878 Ct'.
460 1850 486 1883 l,
507 1849 557 1877 18.
583 1848 632 1878 M.
680 1847 777 1877 Delet
801 1857 936 1887 praepo-

1000 1804 1047 1834 M.
1073 1803 1161 1834 Oud.
1189 1802 1381 1844 suspicatur
1406 1802 1571 1844 scriptum
1598 1803 1704 1836 fuisse

995 1849 1100 1887 primo
1118 1848 1170 1878 vel
1184 1849 1289 1888 primo
1305 1858 1429 1888 qnoque
1441 1848 1505 1878 die.

232 1892 390 1924 sitionem
420 1891 573 1927 Vossius,
594 1897 630 1921 ut
653 1897 703 1921 est
730 1892 756 1927 l,
777 1893 826 1921 18.
873 1890 937 1921 Sed

232 1937 288 1967 hic
305 1937 404 1967 codd.
421 1935 518 1966 multi
534 1941 565 1964 vt
578 1935 652 1965 cdd.
666 1939 733 1965 vet.
747 1934 881 1965 habent.

283 1981 368 2011 Inita
404 1984 524 2010 (estate.
589 1978 672 2015 Alii,
713 1979 854 2015 ineunte,
900 1983 936 2008 ut

232 2023 393 2067 ἀρχομένου
409 2023 504 2065 θέρους
521 2022 554 2052 in
573 2022 630 2053 Gr.
644 2022 809 2062 metaphr.
850 2020 935 2052 Cum

232 2079 312 2099 vero
327 2073 463 2107 utraque
484 2066 585 2097 lectio
607 2066 640 2096 in
657 2066 757 2097 codd.
778 2065 936 2106 pluribus

231 2111 419 2152 reperiatur
437 2110 640 2151 promiscue,
655 2108 712 2140 vix
729 2115 839 2150 potest
852 2108 935 2147 dici,

232 2161 304 2186 utra
320 2154 432 2185 verior
454 2153 509 2184 sit.
535 2155 584 2183 M.
630 2153 739 2183 Etiam
758 2156 788 2189 3,
806 2154 837 2183 7.
852 2155 936 2184 inita

231 2199 345 2230 hieme.
361 2204 394 2228 et
410 2198 449 2227 B.
468 2198 537 2228 Afr.
551 2200 604 2228 ¹26.
618 2203 726 2228 cessate
739 2199 831 2228 inita.

279 2243 484 2273 Interiorem.
529 2240 581 2271 Sic
606 2251 723 2271 omncs
747 2241 813 2271 scre
835 2241 935 2271 codd.

231 2292 265 2317 et
279 2286 353 2316 edd.
369 2291 449 2316 vett.
494 2283 557 2314 Sed
572 2290 732 2315 mutatum
751 2284 815 2315 hoc
831 2290 880 2315 est
900 2284 932 2314 in

232 2330 428 2361 ulteriorem.
452 2328 635 2359 Enimvero
649 2329 781 2358 interim·
795 2335 844 2358 est
860 2327 935 2368 ipsa

233 2373 295 2404 illa
313 2375 462 2404 ulterior·
487 2383 563 2403 nam
578 2371 679 2402 altius
703 2383 729 2401 s.
747 2371 886 2401 interius
901 2371 934 2402 iu

232 2417 379 2448 Galliam
391 2421 552 2457 penetrat,
573 2415 632 2456 qui
649 2414 843 2446 ulteriorem
857 2415 935 2446 Gal-

232 2460 313 2492 liam
331 2471 371 2491 ex
391 2459 486 2491 ltalia
498 2459 583 2490 adit:
601 2458 680 2489 huic
690 2469 826 2499 ergo,cx
845 2459 938 2490 ltalia

233 2504 395 2541 venienti,
410 2504 468 2534 illa
479 2502 590 2534 Gallia
603 2508 652 2533 est
661 2504 805 2533 interior.
828 2501 937 2539 Quid-

231 2548 315 2589 quid
330 2554 454 2583 autcm‚
470 2553 506 2578 ut
519 2553 635 2578 notum
659 2551 755 2576 estet
777 2545 937 2577 Davisius

233 2592 273 2622 ad
290 2592 323 2622 h.
335 2592 357 2622 l.
377 2590 551 2632 1·cpetiit‚a
565 2590 690 2621 finibus
701 2589 862 2620 remotius
874 2596 936 2627 est,

236 2635 268 2665 id
283 2635 561 2672 diciturimerius,
576 2640 611 2665 ut
630 2633 663 2664 in
676 2633 786 2664 Tacit.
823 2633 936 2664 Germ.

233 2690 264 2708 c.
277 2681 478 2710 &interiore-s·
497 2679 665 2710 Germani.
677 2678 726 2708 M.
751 2678 937 2708 [aeriorem

233 2723 432 2763 pra-serolmt
451 2722 606 2753 Vossius.

286 2767 476 2798 Dumlem'mo
496 2767 559 2797 die.
605 2764 719 2796 Dubia
741 2764 841 2806 plane
863 2769 939 2795 sunt

236 2809 306 2839 lianc
325 2810 443 2847 verbm
468 2810 590 2841 absunt
603 2820 623 2841 a
638 2809 738 2840 codd.
756 2807 938 2850 plerisque,

236 2858 323 2884 recte
340 2853 484 2894 opinor-3
509 2854 661 2895 leguntur
688 2853 721 2884 in
742 2851 938 2891 nonnullis3

235 2897 399 2938 metaphr.
427 2898 485 2927 Gr.
508 2908 586 2929 vero
611 2897 712 2929 habet
726 2896 761 2932 ὣς
784 2897 938 2937 τάχιστα.

1044 1893 1190 1928 Provim,
1203 1891 1248 1922 al.
1259 1897 1461 1932 comparata.
1475 1902 1514 1922 ex
1531 1892 1656 1932 glossa.

1045 1936 1311 1976 Omninpinione.
1357 1934 1410 1965 Sic
1427 1941 1458 1965 et
1475 1938 1506 1974 6,
1524 1938 1577 1967 30.
1600 1938 1632 1975 7,
1648 1938 1702 1968 ⁵6.

996 1977 1057 2009 alii
1072 1981 1232 2009 omnium.
1246 1978 1278 2009 in
1295 1977 1374 2009 aliis
1387 1979 1493 2010 deest-

1045 2023 1100 2052 Em
1116 2023 1232 2064 Belgis,
1256 2022 1283 2053 si
1297 2021 1375 2063 quis
1391 2033 1409 2053 e
1423 2021 1537 2064 Belgis
1553 2022 1700 2055 Galliam

997 2066 1104 2096 adeat.
1131 2067 1180 2097 M.

1045 2111 1200 2141 Cin-itam.
1249 2109 1359 2147 vulgo
1375 2110 1501 2142 addunt
1513 2120 1596 2149 suae,
1610 2112 1704 2153 quod

999 2159 1087 2183 recte
1118 2153 1233 2194 rejecit
1264 2152 1353 2184 Oud.
1385 2155 1477 2185 deest
1506 2154 1639 2197 quippe
1668 2154 1702 2187 in

997 2197 1096 2227 codd.
1114 2197 1230 2228 multis
1242 2204 1274 2228 et
1290 2198 1364 2228 cdd.
1381 2203 1448 2228 vet.

1045 2241 1132 2276 Quia
1143 2241 1294 2273 dicerent.
1318 2242 1399 2273 llaec
1422 2242 1541 2274 desunt
1562 2241 1596 2274 in
1614 2242 1706 2284 opti-

998 2283 1064 2315 mis
1091 2284 1296 2316 membranis
1332 2290 1415 2317 teste
1450 2285 1625 2317 Gronovio
1661 2288 1704 2319 ad

1000 2327 1116 2359 Sem-c.
1138 2329 1179 2359 de
1201 2329 1311 2359 benef.
1335 2331 1366 2367 7,
1390 2331 1443 2361 30.
1467 2328 1578 2361 Caesar
1603 2329 1705 2363 inter-

996 2373 1074 2402 dum
1089 2372 1175 2403 solet
1188 2372 1355 2403 omittere.

1047 2417 1131 2448 Cum
1149 2417 1282 2458 reIIquz's
1301 2417 1419 2457 Belqis.
1457 2417 1512 2448 Sic.
1529 2418 1629 2449 codd.
1645 2419 1702 2450 sed

999 2459 1076 2490 edd.
1104 2466 1208 2492 veter.
1233 2461 1440 2502 reliquisque,
1464 2462 1557 2502 quod
1582 2462 1704 2503 probat

1002 2503 1118 2534 Davis.
1143 2514 1332 2544 perperam,
1351 2510 1386 2535 ut
1407 2515 1447 2536 cx
1474 2516 1544 2547 seq.
1568 2507 1705 2547 reliquos

999 2558 1108 2578 ommes
1123 2548 1241 2589 Belyas
1258 2553 1359 2588 patet.

1047 2592 1198 2622 Omnino·
1238 2591 1270 2622 in
1290 2591 1447 2633 pluribus
1460 2592 1559 2623 codd.
1577 2598 1611 2623 ct
1625 2593 1701 2623 edd.

1001 2634 1122 2675 priscis
1132 2636 1236 2666 deest.
1366 2643 1369 2645 ’

1049 2680 1112 2713 Qui
1125 2681 1168 2710 cix
1184 2680 1337 2711 Rhenum
1351 2681 1506 2712 incolunt.
1532 2678 1585 2711 Sic
1600 2680 1701 2711 codd.

1003 2732 1133 2760 omnes,
1158 2728 1301 2763 excepto
1329 2734 1410 2762 uno,
1428 2729 1461 2755 et
1473 2724 1644 2755 edd.antt.
1669 2730 1704 2754 ut

1002 2765 1221 2807 Oudendorp.
1238 2767 1381 2798 monuit.
1416 2766 1634 2798 Recentiores
1649 2766 1704 2798 his

1001 2809 1255 2849 substituerunt,
1264 2813 1322 2852 qui
1333 2813 1421 2853 ripas
1432 2812 1540 2844 Rheni
1548 2812 1704 2849 meolam,

1000 2864 1076 2893 quie
1096 2854 1234 2886 totidem
1259 2854 1372 2888 verbis
1396 2855 1432 2888 in
1455 2854 1513 2888 Gr.
1535 2854 1702 2897 metaphr.

999 2897 1166 2938 leguntur.
1210 2900 1263 2932 M.
