1961 3230
812 184 1234 229 DISSERTATIO
1249 215 1258 224 .
1702 180 1779 224 xiii

282 311 371 369 jam
403 310 655 353 Alexander
684 288 837 353 orbem
868 318 1088 353 terrarum
1119 309 1376 365 subegisset.
1442 306 1564 347 AEtas
1585 304 1659 346 illa
1680 313 1776 346 erat

290 400 388 427 ann.
422 385 495 435 33,
535 391 585 425 ut
622 392 780 441 praeter
811 384 917 425 alios
949 382 1078 424 docet
1114 382 1245 424 etiam
1287 381 1443 424 Cicero
1480 379 1676 436 Philipp.
1720 377 1776 418 V.

295 459 438 503 Natus
479 467 543 501 est
579 460 723 500 Caesar
761 459 841 499 IV.
886 457 952 500 Id.
995 456 1182 504 Quintil.
1225 472 1323 498 ann.
1361 455 1490 497 Varr.
1528 453 1626 496 654.
1706 452 1780 494 Sic

293 520 451 574 annum
470 533 527 574 33
547 531 785 574 absolverit
805 546 916 573 anno
930 529 1106 571 demum
1125 528 1255 570 Varr.
1281 528 1364 569 (587
1381 529 1553 570 ineunte
1576 525 1784 576 Quintili,

292 606 413 649 annis
446 614 545 664 post
574 604 768 662 praedict.
803 605 887 646 672
918 602 1178 661 quindecim.
1243 602 1295 644 In
1326 601 1408 643 hoc
1440 610 1583 643 tamen
1604 613 1785 642 numero

292 681 566 724 consentiunt
587 680 798 724 editiones
817 675 1208 737 exscriptoresque,
1231 677 1274 719 in
1294 677 1453 734 quibus
1475 684 1518 718 et
1539 685 1699 725 noster,
1733 690 1785 716 ne

291 755 557 806 dubitemus,
594 756 650 798 ab
691 755 1003 813 interpolatore
1039 754 1100 797 ita
1133 753 1347 810 scriptum
1384 768 1486 794 esse.
1552 751 1639 793 Hic
1672 751 1785 792 idem

293 831 405 874 liber
442 833 496 881 Q.
535 831 714 889 Ligario
751 831 887 873 vitam
927 831 972 872 in
1017 830 1168 872 Africa
1209 843 1450 872 concessam
1492 843 1580 869 esse
1621 834 1786 875 narrat,

292 922 328 948 c.
354 906 427 948 89.
491 906 622 955 Quod
653 914 797 949 tamen
829 905 1059 948 certissime
1090 904 1248 947 falsum
1281 920 1389 955 esse,
1427 910 1597 946 constat
1629 918 1682 944 ex
1720 902 1792 942 in-

295 981 405 1040 signi
430 981 668 1034 Ciceronis,
688 990 788 1040 post
811 982 999 1023 reditum
1026 980 1223 1030 CaesariS,
1252 980 1466 1024 Oratione
1485 994 1565 1037 pro
1586 978 1783 1034 Ligario.

297 1055 443 1099 Coaevi
472 1056 697 1114 scriptoris
725 1064 815 1098 tam
849 1071 1013 1098 crassus
1042 1071 1166 1098 error
1197 1071 1284 1097 esse
1316 1054 1390 1097 vix
1422 1053 1584 1113 potuit.
1647 1053 1707 1094 Et
1730 1052 1781 1093 L.

297 1131 458 1174 Caesari
486 1132 623 1174 vitam
653 1147 679 1173 a
709 1132 738 1173 J
744 1130 850 1182 ulio,
885 1131 1098 1189 facileque
1129 1146 1370 1173 concessam
1391 1130 1488 1172 vult
1508 1135 1661 1170 auctor
1682 1126 1788 1169 belli

300 1205 511 1249 Africani.
578 1207 746 1249 Contra
767 1206 853 1248 Dio
876 1206 927 1248 L.
951 1206 1123 1257 XLIII,
1144 1214 1295 1249 contra
1319 1208 1500 1248 Sueton.
1523 1205 1631 1247 Caes.
1656 1220 1695 1246 c.
1715 1202 1788 1253 75,

297 1289 450 1324 contra
469 1297 637 1325 coaevus
659 1282 829 1324 Cicero.
896 1281 1034 1323 Mitto
1055 1297 1160 1329 rem,
1189 1297 1322 1338 quam
1351 1286 1503 1321 auctor
1531 1278 1624 1336 ipse
1652 1277 1787 1319 incre-

296 1355 476 1398 dibilem
511 1356 692 1405 fatetur,
729 1356 785 1397 ab
823 1355 1044 1412 equitibus
1087 1355 1270 1397 Caesaris
1308 1357 1450 1397 minus
1490 1353 1616 1396 XXX
1650 1351 1790 1393 Gallis

301 1431 564 1474 Maurorum
581 1430 780 1487 equitum
799 1430 887 1472 duo
907 1429 1040 1471 millia
1061 1429 1157 1471 loco
1179 1445 1267 1471 esse
1291 1430 1430 1486 pulsa.
1477 1427 1616 1470 Mitto
1633 1442 1789 1485 provo-

295 1506 508 1549 cationem
526 1506 790 1547 centurionis
806 1505 1017 1562 praedicti,
1033 1512 1082 1545 ut
1102 1520 1200 1546 cum
1216 1504 1301 1546 suis
1317 1503 1466 1545 decem
1483 1518 1581 1544 cum
1604 1501 1784 1544 cohorte

299 1581 512 1639 Scipionis
543 1580 780 1622 firmissima
818 1587 1113 1622 concurreret.
1180 1579 1286 1621 Haec
1323 1578 1452 1635 plane
1487 1577 1786 1619 fabulatorum

295 1656 473 1716 genium
514 1656 692 1714 sapiunt
732 1655 894 1713 potius,
946 1670 1077 1712 quam
1127 1653 1576 1711 prudentissimorum,
1629 1652 1788 1709 quibus

297 1730 491 1773 seculum
527 1728 639 1771 illud
672 1728 975 1786 politissimum
1011 1726 1284 1775 abundabat,
1325 1727 1602 1783 scriptorum.
1686 1724 1788 1766 Huc

295 1805 427 1848 etiam
447 1812 491 1846 et
508 1803 621 1846 illud
644 1803 785 1846 refero
807 1820 843 1845 c.
867 1803 939 1852 70,
962 1803 1081 1860 quod
1099 1802 1220 1851 dicit,
1245 1802 1423 1844 Caesaris
1445 1802 1478 1843 si
1497 1816 1581 1843 non
1601 1800 1788 1859 amplius

297 1890 385 1924 tres
406 1889 482 1923 aut
503 1887 694 1938 quatuor
717 1879 873 1922 milites
895 1879 1088 1921 veterani
1108 1895 1151 1921 se
1168 1878 1498 1927 convertissent,
1519 1886 1562 1920 et
1582 1877 1672 1936 pila
1690 1877 1790 1919 viri-

296 1955 379 1998 bus
412 1963 612 1998 contorta
644 1955 687 1997 in
725 1954 934 1997 Numidas
959 1955 1137 1997 infestos
1175 1955 1473 2012 conjecissent,
1511 1955 1696 2011 amplius
1739 1952 1783 1995 II

298 2030 485 2074 millium
518 2046 697 2073 numero
725 2031 780 2073 ad
814 2047 946 2073 unum
980 2039 1105 2089 terga
1141 2031 1331 2073 vertisse.
1419 2031 1531 2071 Sunt
1575 2030 1705 2072 etiam
1743 2029 1787 2071 in

298 2104 487 2148 dictione
516 2105 719 2163 plurima,
755 2121 852 2163 quae
882 2120 1006 2148 nemo
1035 2105 1202 2163 peritus
1229 2104 1381 2147 harum
1401 2119 1545 2146 rerum
1565 2119 1716 2146 censor
1737 2102 1792 2145 ad

300 2183 479 2226 Caesaris
512 2190 686 2225 aetatem
717 2183 948 2225 retulerit:
996 2199 1093 2240 cap.
1129 2183 1196 2231 12,
1241 2188 1271 2207 a<
1296 2181 1505 2239 galeati-’²
1587 2181 1690 2223 Non
1725 2196 1794 2224 me

299 2258 416 2316 fugit
446 2258 576 2309 illud,
606 2258 680 2300 sed
698 2263 861 2316 poetae:
899 2266 930 2284 ‘⁶
951 2259 1170 2316 galeatum
1200 2274 1294 2301 sero
1317 2257 1454 2299 duelli
1477 2256 1704 2314 poenitet.”
1746 2256 1792 2297 S.

303 2331 562 2391 Hieronymi
586 2332 802 2390 Prologus
825 2331 1022 2390 galeatus
1039 2332 1175 2374 serior
1195 2340 1272 2374 est.
1326 2332 1436 2388 Cap.
1459 2331 1532 2372 31.
1558 2338 1587 2357 “
1611 2330 1793 2388 ignota”

304 2416 482 2464 peccata
503 2407 702 2465 legimus,
727 2407 886 2465 quibus
908 2407 1228 2465 ignoscebatur.
1301 2408 1411 2464 Cap.
1443 2406 1510 2456 19,
1546 2414 1576 2433 ‘⁶
1599 2407 1792 2449 innume-

302 2482 498 2524 rabilis.”
583 2483 696 2540 Cap.
740 2481 813 2531 46,
861 2489 889 2508 ‘⁶
913 2482 1210 2525 cruciabiliter
1248 2481 1482 2524 interfecti.
1560 2481 1794 2523 Parvulam

308 2557 588 2607 caussulam,''
629 2573 726 2616 cap.
749 2557 819 2599 54.
866 2564 894 2583 ‘⁴
913 2557 1103 2599 Parvum
1123 2558 1416 2606 senatorum,''
1449 2573 1485 2598 c.
1511 2556 1580 2597 57.
1614 2564 1642 2582 ‘⁶
1670 2557 1796 2615 Mag-

306 2631 369 2691 nis
400 2631 534 2689 copiis
565 2631 821 2689 auxiliisque
862 2632 974 2690 regis
1013 2631 1233 2689 praediti,’'
1274 2649 1310 2674 c.
1346 2632 1416 2673 58.
1504 2639 1531 2657 “
1558 2631 1796 2690 Suppetias

312 2708 586 2756 occurre1·e,'’
641 2722 675 2748 c.
717 2706 785 2748 66.
826 2705 894 2747 68.
947 2706 1055 2763 Cap.
1088 2705 1160 2754 77,
1211 2708 1572 2759 “commeatus'’
1648 2706 1796 2747 Nona

309 2789 338 2809 “
362 2782 544 2826 castris”
581 2790 738 2832 tamen,
772 2780 847 2824 sed
876 2780 931 2824 ad
965 2788 994 2808 ‘⁶
1019 2784 1206 2824 cast1·a.”
1283 2782 1393 2839 Cap.
1428 2781 1500 2831 78,
1545 2788 1574 2808 ‘⁶
1598 2788 1647 2823 ut
1666 2780 1794 2824 habe-
