1946 3261
579 184 697 232 LIB.
729 185 789 232 V.
850 187 993 233 OAP.
1023 187 1186 234 7-10,
1543 196 1624 242 105

135 311 224 358 leni
245 311 400 358 Africo
421 323 674 375 provectus,
701 314 845 359 media
863 315 1037 359 circiter
1056 325 1185 362 nocte
1205 325 1339 364 vento
1360 318 1618 375 intermisso,

136 389 310 417 cursum
343 390 430 419 non
460 376 604 419 tenuit
631 384 693 426 et,
725 375 897 433 longius
927 374 1099 418 delatus
1120 385 1242 428 aestu,
1275 388 1375 423 orta
1394 380 1508 432 luce,
1537 384 1621 428 sub

133 432 306 476 sinistra
328 434 598 479 Britanniam
618 435 816 479 relictam
843 434 1081 492 conspexit.
1159 436 1274 480 Tum
1302 455 1468 491 rursus,
1497 450 1624 486 aestus

135 495 522 538 commutationem
542 502 730 543 secutus,
754 492 881 535 remis
900 492 1140 542 contendit,
1173 503 1224 537 ut
1252 512 1346 540 eam
1366 508 1536 556 partem
1558 501 1620 545 in-

134 551 239 594 sulae
269 562 460 610 caperet,
492 569 580 610 qua
610 552 822 610 optimum
853 567 941 593 esse
968 566 1189 610 egressum
1218 557 1439 612 superiore
1476 567 1622 604 aestate

134 619 416 668 cognoverat.
482 612 578 661 Qua
610 610 653 653 in
684 625 730 652 re
759 609 993 653 admodum
1023 610 1110 652 fuit
1140 610 1331 656 militum
1360 616 1501 660 virtus
1530 618 1621 665 lau-

133 668 291 718 danda,
315 670 391 727 qui
410 669 611 713 vectoriis
639 668 936 727 gravibusque
957 669 1156 728 navigiiS‚
1187 686 1275 714 non
1294 672 1535 720 intermisso
1557 694 1622 722 re-

133 727 327 785 migandi
348 728 513 778 labore,
537 729 770 784 longarum
790 729 967 771 navium
987 743 1164 771 cursum
1183 730 1487 789 adaequarunt.
1537 737 1622 781 Ac-

133 801 299 829 cessum
328 796 394 831 est
423 787 478 830 ad
513 786 783 830 Britanniam
817 787 1018 831 omnibus
1049 788 1234 832 navibus
1265 791 1502 836 meridiano
1534 795 1622 840 fere

132 853 358 904 tempore:
392 860 532 902 neque
560 845 604 887 in
638 861 690 888 eo
720 846 818 889 loco
851 845 985 890 hostis
1013 856 1078 889 est
1112 848 1244 898 visus,
1269 849 1362 900 sed,
1388 859 1440 893 ut
1473 862 1624 910 postea

136 905 282 948 Caesar
302 921 355 948 ex
374 904 556 962 captivis
577 906 810 963 comperit,
841 921 980 964 quum
1010 922 1177 965 magnae
1207 923 1359 952 manus
1387 926 1438 953 eo
1468 927 1623 957 conve-

133 964 307 1012 nissent,
338 963 623 1006 multitudine
654 964 830 1007 navium
861 966 1124 1024 perterritae,
1154 967 1271 1024 (quae
1291 984 1391 1012 cum
1411 972 1628 1017 annotinis

133 1023 420 1082 privatisque,
467 1039 576 1081 quas
620 1023 686 1066 sui
731 1024 917 1082 quisque
958 1025 1173 1069 commodi
1215 1027 1394 1078 fecerat,
1437 1031 1626 1090 amplius

135 1083 305 1126 DCCC
329 1098 417 1126 uno
439 1090 564 1125 erant
585 1082 685 1126 visae
707 1085 943 1142 tempore‚)
962 1100 988 1127 a
1013 1084 1143 1129 litore
1162 1085 1423 1131 dicesserant
1443 1104 1492 1132 ac
1513 1106 1556 1133 se
1578 1091 1623 1134 in

129 1143 354 1201 superiora
376 1142 472 1185 loca
493 1142 769 1186 abdiderant.

130 1212 142 1252 t
190 1202 232 1244 9.
267 1202 428 1251 Caesar,
461 1202 660 1260 exposito
689 1202 884 1246 exercitu
910 1210 956 1246 et
983 1204 1080 1247 loco
1117 1205 1268 1248 castris
1295 1205 1451 1252 idoneo
1475 1216 1625 1267 capto,

133 1260 210 1304 ubi
231 1277 285 1303 ex
305 1261 489 1319 captivis
518 1262 742 1320 cognovit,
773 1278 864 1321 quo
893 1263 935 1305 in
968 1263 1066 1306 loco
1098 1263 1289 1307 hostium
1314 1267 1450 1325 copiae
1483 1283 1625 1312 conse·

130 1319 306 1369 dissent,
329 1319 583 1363 cohortibus
604 1321 645 1363 X
663 1321 717 1363 ad
739 1337 859 1364 mare
882 1322 1045 1364 relictis
1066 1331 1111 1364 et
1138 1324 1361 1380 equitibus
1383 1325 1524 1376 CCC,
1547 1329 1624 1385 qui

133 1379 334 1438 praesidio
362 1379 545 1423 navibus
564 1389 718 1429 essent,
741 1379 796 1421 de
819 1380 950 1423 tertia
970 1381 1120 1438 vigilia
1140 1383 1196 1423 ad
1217 1382 1360 1426 hostes
1379 1385 1624 1437 contendit,

130 1455 183 1482 eo
202 1439 343 1481 minus
361 1438 527 1482 veritus
559 1438 758 1488 navibus,
789 1440 906 1496 quod
929 1439 972 1482 in
1000 1439 1130 1482 litore
1156 1441 1279 1483 molli
1311 1450 1446 1499 atque
1467 1454 1624 1502 aperto

131 1497 344 1556 deligatas
371 1497 427 1539 ad
458 1513 661 1541 ancoram
699 1497 997 1555 relinquebat;
1044 1506 1090 1540 et
1115 1499 1318 1557 praesidio
1347 1502 1531 1546 navibus
1567 1505 1625 1555 Q.

132 1557 311 1599 Atrium
364 1556 541 1599 raefecit.
606 1556 722 1615 Ipse,
745 1565 878 1599 noctu
902 1572 1159 1615 progressus
1179 1558 1298 1600 milia
1317 1575 1522 1616 passuum
1543 1563 1625 1606 cir-

131 1615 240 1658 citer
273 1573 380 1665 KH,
417 1614 607 1659 hostium
642 1616 789 1674 copias
826 1615 1099 1673 conspicatus
1140 1625 1220 1658 est.
1300 1617 1388 1667 Illi,
1422 1621 1624 1677 equitatu

130 1683 264 1733 atque
283 1674 437 1718 essedis
464 1674 520 1717 ad
541 1675 702 1717 flumen
732 1674 969 1733 progressi,
1003 1691 1055 1717 ex
1077 1674 1175 1718 loco
1204 1676 1427 1734 superiore
1457 1688 1627 1725 nostros

132 1734 365 1794 prohibere
395 1742 440 1776 et
478 1734 685 1792 proelium
722 1734 996 1777 committere
1029 1744 1275 1793 coeperunt.
1351 1736 1535 1796 Repulsi
1569 1741 1627 1784 ab

133 1794 353 1852 equitatm
388 1809 431 1836 se
466 1793 508 1835 in
543 1793 671 1836 silvas
708 1793 988 1843 abdiderunt,
1019 1792 1167 1837 locum
1200 1794 1332 1845 nacti,
1370 1797 1547 1855 egregie
1582 1807 1628 1842 et

134 1861 292 1896 natura
307 1861 352 1895 et
374 1867 508 1911 opere
529 1853 764 1902 munitum,
785 1868 916 1910 quem
932 1853 1155 1896 domestici
1168 1854 1290 1904 belli,
1307 1863 1355 1897 ut
1373 1855 1626 1908 videbatur,

131 1928 282 1955 caussa
297 1912 387 1971 jam
408 1920 510 1954 ante
530 1921 911 1971 praeparaverant:
954 1928 1054 1955 nam
1084 1913 1248 1956 crebris
1270 1915 1502 1971 arboribus
1535 1934 1628 1960 suc-

137 1971 232 2014 cisis
258 1987 403 2014 omnes
429 1971 635 2014 introitus
660 1980 784 2014 erant
807 1971 1021 2030 praeclusi.
1085 1972 1174 2031 Ipsi
1198 1989 1250 2015 ex
1276 1973 1394 2016 silvis
1417 1975 1503 2017 rari
1526 1992 1628 2034 pro-

135 2031 410 2089 pugnabant,
432 2038 689 2089 nostrosque
710 2032 825 2074 intra
846 2031 1106 2074 munitiones
1126 2031 1294 2089 ingredi
1314 2032 1625 2090 prohibebant.

139 2090 204 2133 At
244 2090 403 2132 milites
433 2089 614 2149 legionis
640 2089 748 2140 VII,
776 2089 991 2133 testudine
1020 2090 1137 2133 facta
1157 2099 1203 2133 et
1232 2107 1394 2150 aggere
1413 2093 1468 2136 ad
1490 2096 1628 2139 muni-

134 2149 272 2192 tiones
294 2149 479 2208 adject0‚
508 2149 651 2192 locum
680 2157 891 2209 ceperunt
919 2165 1079 2207 eosque
1111 2165 1164 2193 ex
1196 2150 1313 2193 silvis
1343 2152 1627 2210 expulerunt,

136 2208 288 2268 paucis
309 2208 564 2252 vulneribus
582 2210 782 2267 acceptis.
847 2209 935 2251 Sed
957 2224 1027 2251 eos
1049 2208 1263 2268 fugientes
1284 2210 1458 2269 longius
1483 2213 1627 2258 Caesar

137 2269 344 2328 prosequi
376 2268 534 2318 vetuit,
568 2277 613 2311 et
647 2268 768 2326 quod
788 2268 874 2311 loci
896 2276 1100 2311 naturam
1125 2268 1374 2327 ignorabat,
1412 2279 1457 2313 et
1490 2274 1625 2330 quod,

137 2343 294 2386 magna
330 2337 460 2388 parte
499 2327 584 2371 diei
623 2335 863 2378 consumta,
903 2328 1132 2371 munitioni
1171 2337 1414 2374 castrorum
1455 2338 1627 2391 tempus

134 2386 324 2446 relinqui
346 2387 540 2431 volebat.

201 2446 267 2488 10.
303 2446 517 2490 Postridie
532 2445 624 2506 ejus
642 2446 728 2489 diei
746 2462 868 2490 mane
888 2447 1118 2506 tripartito
1133 2447 1292 2491 milites
1305 2448 1561 2508 equitesque
1583 2451 1627 2494 in

131 2505 451 2565 expeditionem
466 2506 599 2556 misit,
611 2514 664 2549 ut
679 2522 769 2556 eos,
789 2507 868 2565 qui
883 2506 1105 2566 fugerant,
1125 2516 1509 2566 persequerentur.
1545 2509 1630 2553 His

185 2620 376 2652 Provectus.
422 2618 508 2651 Alii.
525 2617 704 2661 profectus.
733 2618 846 2651 minus
973 2622 1100 2654 Veritus
1112 2621 1267 2653 navibus.
1303 2620 1358 2652 Sic
1373 2620 1448 2652 Cic.
1461 2621 1568 2654 Acad.
1582 2621 1626 2662 Q.

132 2663 233 2700 bene.
921 2668 954 2704 4,
970 2668 1025 2697 45.
1080 2667 1140 2697 Vos
1153 2667 1236 2697 mihi
1248 2667 1418 2698 veremini.

183 2710 370 2741 Annotiwis.
414 2707 507 2740 Male
527 2708 667 2750 quidam
688 2717 845 2741 annona·
967 2711 1075 2749 Molli,
1096 2709 1202 2741 nullis
1225 2709 1378 2751 scopulis
1409 2709 1605 2751 periculoso
1617 2724 1628 2752 ;

134 2755 206 2786 rias
223 2753 412 2785 reddidere.
919 2759 1046 2796 aperto,
1054 2754 1161 2785 nultis
1168 2753 1313 2795 rupibus
1323 2758 1382 2784 aut
1391 2754 1628 2795 prominentiis

184 2798 515 2830 Sui—commodisc.
531 2807 662 2829 caussa.
684 2796 755 2829 vid.
769 2797 842 2830 Ind.
917 2798 1085 2841 inpedito.
1108 2799 1158 2829 M.

137 2841 173 2875 in
189 2853 322 2876 caussa.
346 2843 398 2874 M.
966 2844 1129 2885 Prosequz‘
1142 2844 1253 2874 vetuit.
1299 2841 1411 2885 Vulgo
1422 2847 1591 2887 persequi.

191 2888 364 2928 Tempore.
409 2887 501 2919 Bene
517 2885 567 2919 sic
587 2887 691 2921 codd.
714 2892 747 2922 et
768 2887 845 2921 edd.
967 2888 1102 2920 Milites.
1135 2885 1159 2917 i.
1175 2897 1206 2918 e.
1223 2885 1366 2929 pedites.
1406 2886 1521 2920 Prima
1536 2889 1626 2922 inter

139 2935 209 2965 vet·
255 2930 328 2968 Alii
343 2935 463 2968 timore
477 2943 502 2966 a
514 2933 566 2968 cit.
579 2933 660 2967 disc.
923 2930 1081 2965 homines
1095 2930 1219 2974 proelia
1232 2930 1326 2963 suere
1340 2932 1523 2975 pedestria.
1571 2934 1626 2968 Sic

924 2982 957 3012 et
969 2978 1129 3013 exercitus
1142 2986 1204 3025 pro
1219 2975 1386 3023 peditatu.
1405 2988 1440 3012 v.
1456 2978 1488 3017 7,
1505 2979 1559 3011 61.

140 3009 269 3023 .,..,4ι,ι

1930 3147 1946 3261 ᾕ.ε·ἑ>’

1930 2937 1946 3103 tax-:Erjz
1936 2906 1946 2921 ,τ
1938 2848 1946 2889 Α-π,
1944 2834 1946 2842 -
1944 2812 1946 2828 ,,
1944 2800 1946 2804 .
1939 2764 1946 2791 a.)
