1946 3261
196 219 283 265 426
451 222 509 264 A.
544 214 746 262 HIRTII
781 215 866 260 DE
897 215 1103 261 BELLO
1136 216 1457 267 ALEXAND.

196 348 344 397 filiam,
373 352 424 387 ut
455 358 586 402 supra
618 343 963 387 demonstratum
998 350 1080 394 est,
1111 359 1250 402 quum
1279 352 1467 405 uterque
1505 348 1682 408 utrique

199 406 478 450 insidiaretur
507 411 552 446 et
583 417 794 445 summam
818 400 988 459 imperii
1009 401 1101 460 ipse
1120 404 1320 445 obtinere
1339 406 1490 457 vellet,
1524 423 1685 467 praeoc-

199 471 333 523 cupat
354 461 550 504 ‘Arsinoe
577 475 658 520 per
685 459 969 520 Ganymeden
995 460 1259 512 eunuchum,
1284 463 1517 509 nutricium
1543 482 1686 519 suum,

198 531 332 581 atque
355 520 557 564 Achillan
578 518 797 563 interficit.
862 518 959 562 Hoc
982 519 1137 569 occiso,
1171 518 1264 586 ipsa
1284 520 1373 564 sine
1392 523 1484 567 ullo
1502 525 1618 571 socio
1639 534 1686 570 et

141 589 143 593 ⁴
196 579 377 625 custode
394 595 519 624 omne
531 578 762 638 imperium
775 577 1002 621 obtinebat
1017 593 1027 627 ;
1051 587 1268 622 exercitus
1286 580 1529 640 Ganymedi
1547 592 1686 629 trans-

192 641 339 684 ditur:
363 640 413 690 is,
431 647 634 698 suscepto
647 638 804 688 officio,
823 635 1101 696 largitionem
1118 638 1163 682 in
1177 637 1335 683 milites
1350 648 1499 700 auget,
1515 643 1687 704 reliqua

191 700 290 760 pari
310 699 538 757 diligentia
555 697 840 741 administrat.

249 759 293 801 5.
327 757 593 802 Alexandria
624 764 688 800 est
720 757 811 800 fere
845 763 942 799 tota
968 754 1177 806 subfossa,
1215 771 1456 815 specusque
1476 756 1609 803 habet
1625 761 1682 806 ad

192 818 347 863 Nilum
367 818 650 877 pertinentes,
673 816 832 874 quibus
851 831 965 874 aqua
993 815 1036 858 in
1057 815 1252 874 privatas
1272 816 1424 859 domos
1443 816 1681 871 inducitur,

189 894 288 936 quae
306 877 539 936 paullatim
558 875 700 935 spatio
719 875 929 935 temporis
948 874 1150 933 liquescit
1167 890 1216 918 ac
1235 874 1432 918 subsidit.
1499 876 1596 920 Hac
1615 881 1682 923 uti

187 937 350 982 domini
369 936 648 981 aedificiorum
671 943 803 993 atque
824 950 973 979 eorum
997 934 1170 978 familiae
1189 943 1507 978 consueverunt
1526 950 1536 977 z
1571 950 1683 993 nam,

188 1012 288 1055 quae
318 997 493 1040 flumine
516 995 622 1039 Nilo
655 995 812 1045 fertur,
852 994 962 1037 adeo
987 1002 1052 1037 est
1073 993 1224 1038 limosa
1243 1003 1378 1052 atque
1402 994 1598 1045 turbida,
1631 1005 1683 1040 ut

187 1056 349 1100 multos
369 1056 594 1113 variosque
614 1054 789 1098 morbos
810 1054 991 1098 efficiat:
1035 1053 1109 1096 sed
1130 1069 1182 1096 ea
1203 1053 1352 1112 plebes
1373 1068 1422 1097 ac
1444 1053 1683 1100 multitudo

187 1123 393 1159 contenta
411 1123 476 1158 est
496 1113 746 1163 necessario,
768 1114 888 1172 quod
908 1114 1002 1158 fons
1022 1114 1132 1157 urbe
1153 1121 1249 1157 tota
1270 1112 1415 1156 nullus
1436 1121 1516 1157 est.
1581 1113 1680 1158 Hoc

187 1182 331 1218 tamen
353 1174 512 1217 flumen
532 1172 574 1215 in
595 1188 645 1215 ea
666 1180 792 1231 parte
814 1173 932 1217 urbis
965 1180 1074 1225 erat,
1095 1188 1192 1230 quae
1211 1172 1268 1215 ab
1292 1172 1594 1216 Alexandrinis
1617 1181 1680 1217 te-

188 1234 386 1277 nebatur.
436 1233 535 1282 Quo
557 1231 672 1276 facto
693 1239 758 1274 est
778 1231 1024 1277 admonitus
1048 1231 1340 1291 GanymedeS,
1363 1247 1487 1290 posse
1509 1240 1678 1276 nostros

186 1309 302 1351 aqua
349 1290 606 1340 intercludi;
659 1291 752 1348 qui,
803 1291 1026 1334 distributi
1074 1290 1366 1333 munitionum
1415 1290 1677 1335 tuendarum
1724 1342 1729 1347 ‚

187 1367 347 1401 caussa,
377 1351 553 1393 vicatim
572 1366 624 1392 ex
646 1350 830 1408 privatis
861 1349 1067 1399 aedificiis,
1095 1350 1312 1408 specubus
1346 1364 1398 1392 ac
1431 1350 1576 1409 puteis
1609 1366 1682 1394 ex·

185 1418 326 1454 tracta
346 1425 460 1468 aqua
479 1410 733 1452 utebantur.

245 1469 286 1512 6.
322 1469 419 1512 Hoc
451 1469 639 1527 probato
671 1466 862 1517 consilio,
894 1468 1094 1527 magnam
1126 1483 1175 1510 ac
1196 1467 1372 1511 difficile
1393 1483 1503 1527 opus
1523 1467 1680 1527 adgre-

183 1529 319 1573 ditur.
383 1527 637 1587 Interseptis
658 1526 770 1570 enim
790 1527 1006 1585 specubus
1026 1538 1158 1585 atque
1180 1527 1379 1571 omnibus
1401 1527 1521 1570 urbis
1543 1527 1681 1586 parti-

187 1589 269 1632 bus
290 1586 490 1636 exclusis,
527 1602 625 1644 quae
644 1587 699 1629 ab
721 1587 814 1645 ipso
836 1587 1117 1636 tenebantur,
1152 1602 1274 1646 aquae
1293 1601 1495 1646 magnam
1515 1587 1602 1630 vim
1623 1603 1678 1631 ex

187 1647 296 1691 mari
327 1645 432 1689 rotis
461 1661 511 1688 ac
547 1644 934 1688 machinationibus
968 1646 1209 1705 exprimere
1243 1645 1482 1689 contendit.
1549 1645 1678 1689 Hanc

190 1705 296 1750 locis
315 1703 610 1763 superioribus
642 1704 824 1747 fundere
858 1705 901 1747 in
947 1706 1092 1748 iartim
1116 1705 1294 1748 Caesaris
1317 1720 1400 1748 non
1423 1704 1680 1747 intermitte-

190 1765 296 1813 bat:
329 1764 613 1822 quamobrem
645 1763 794 1806 falsior
826 1721 978 1822 paullo
1010 1773 1169 1823 praeter
1189 1763 1541 1806 consuetudinem
1563 1779 1678 1821 aqua

191 1823 447 1867 trahebatur
469 1839 523 1865 ex
551 1822 754 1881 proximis
790 1822 992 1872 aedificiis,
1024 1838 1312 1882 magnamque
1338 1821 1584 1865 hominibus
1605 1822 1679 1865 ad-

188 1882 458 1926 mirationem
495 1882 736 1940 proebebat,
771 1897 903 1940 quam
938 1882 997 1925 ob
1029 1897 1217 1924 caussam
1251 1880 1295 1923 id
1317 1879 1564 1924 accidisset:
1599 1895 1678 1924 nec

190 1942 290 1984 satis
311 1941 391 1984 sibi
413 1940 493 2000 ipsi
514 1941 767 1991 credebant,
801 1957 937 1998 quum
964 1956 1007 1984 se
1040 1941 1264 1983 inferiores
1285 1939 1476 1998 ejusdem
1512 1940 1681 1998 generis

244 2074 357 2112 Supra
373 2072 638 2105 demonstratum
659 2077 715 2105 ost.
748 2072 790 2103 de
807 2072 846 2104 B.
859 2072 900 2105 C.

203 2119 234 2155 3,
257 2117 327 2147 112.
354 2117 403 2148 M.

245 2160 319 2201 Ipse
346 2160 408 2192 obt.
437 2161 542 2192 vellet.
571 2171 590 2191 a
615 2159 712 2191 Leid.
742 2162 770 2192 1.
801 2160 901 2193 abest

197 2206 279 2246 ipse.
294 2203 402 2235 Bentl.
420 2204 502 2235 volit
516 2206 670 2247 quisque.

244 2248 286 2279 In
301 2249 431 2279 milites.
472 2247 578 2279 Codd.
596 2248 734 2290 quidam
751 2251 786 2281 in
812 2251 902 2281 mili-

197 2297 271 2324 tem.
287 2302 347 2323 nec
367 2291 414 2323 ita
430 2292 529 2324 male.

245 2336 464 2368 Alexandria.
524 2335 630 2368 Situm
655 2337 822 2375 locorum,
859 2338 901 2368 dc

197 2378 323 2422 quibus
338 2379 393 2411 hie
411 2385 444 2411 et
461 2379 492 2411 in
509 2390 578 2422 seq.
604 2392 726 2420 sermo,
741 2387 775 2412 et
793 2387 900 2412 totum

198 2423 263 2456 hoc
305 2424 433 2456 bellum
473 2424 739 2456 Alexandrinum
764 2425 900 2466 egregie

200 2467 352 2500 inlustrat
368 2469 517 2511 Bonamy
536 2468 569 2500 in
584 2468 690 2501 Mem.
709 2471 749 2500 de
767 2469 898 2502 l'Acad.

199 2512 259 2544 des
279 2514 379 2545 lnscr.
396 2518 420 2544 t.
437 2515 468 2544 9.
486 2524 520 2555 p.
539 2515 614 2545 416.
631 2517 663 2545 et
678 2525 710 2555 p.
729 2515 804 2545 432.

246 2559 381 2596 SpecuS,
392 2557 529 2589 canales
539 2557 787 2590 subterraneos.
803 2556 873 2589 Con
879 2557 901 2589 f.

198 2600 238 2632 B.
256 2600 294 2632 C.
314 2604 344 2639 3,
357 2603 410 2633 49.
451 2601 664 2640 Plutarchus,
679 2603 719 2634 de
736 2602 799 2632 hac
817 2612 850 2633 rc
868 2602 899 2633 iu

198 2643 269 2676 vita
281 2644 366 2677 Caes.
380 2655 457 2687 cap.
469 2646 509 2676 49
524 2646 674 2687 loquens,
687 2647 742 2680 τὰς
757 2643 900 2688 διώρυχας

197 2688 292 2720 dixit.
318 2690 368 2720 M.

245 2733 372 2766 Plebes.
397 2733 452 2765 Sic
469 2734 567 2766 codd.
584 2740 621 2766 ut
638 2734 677 2767 G.
697 2736 729 2773 6,
748 2735 798 2766 13.

246 2778 369 2815 Paleis,
395 2778 562 2818 cisternis,
593 2779 626 2812 in
648 2790 731 2821 quas
745 2790 764 2811 ε
782 2788 900 2820 specu-

199 2819 262 2868 bus
276 2821 415 2854 defluxit
429 2833 517 2864 aqua
539 2823 623 2857 limo
645 2828 795 2866 purgata,
815 2821 898 2854 utin

199 2874 242 2896 us
258 2872 453 2898 servaretur.
478 2868 528 2899 M.

1018 2072 1186 2104 Exclusis.
1234 2071 1301 2103 Eas
1327 2076 1438 2112 partes
1467 2069 1573 2109 urbis,
1594 2081 1679 2113 quas

972 2115 1047 2159 ipse
1064 2121 1165 2154 tenet,
1184 2115 1347 2147 obductis
1365 2114 1532 2157 operibus
1550 2115 1683 2148 subter-

969 2160 1078 2193 raneis
1115 2160 1266 2192 excludit
1303 2164 1337 2190 et
1379 2164 1512 2201 separat
1541 2158 1586 2191 ab
1618 2158 1677 2192 ina

971 2212 1078 2247 parte,
1104 2204 1136 2236 in
1162 2214 1229 2246 qua
1255 2202 1368 2236 Caesar
1392 2208 1454 2241 est,
1478 2213 1519 2234 ne
1548 2213 1569 2234 a
1587 2208 1680 2245 parte

969 2248 1175 2290 Ganymedis
1201 2259 1288 2290 aqua
1305 2258 1365 2289 per
1392 2257 1513 2288 specus
1538 2245 1619 2279 fluat
1644 2247 1680 2280 in

972 2300 1102 2335 partem
1119 2293 1270 2325 Caesaris.
1317 2291 1370 2323 Sic
1389 2291 1490 2333 paulo
1506 2296 1584 2322 ante
1598 2301 1630 2323 c.
1648 2293 1678 2331 l,

965 2344 1102 2379 purtem
1127 2348 1235 2370 unam
1261 2336 1413 2378 operibus
1436 2335 1615 2368 excludere
1636 2337 1681 2368 ab

970 2383 1056 2414 alia.
1083 2381 1132 2412 M.

1016 2428 1148 2468 Aquam
1169 2426 1338 2467 exprimit,
1369 2421 1445 2455 scil.
1471 2422 1549 2455 inde
1573 2422 1618 2456 ab
1636 2433 1678 2455 eo

970 2470 1060 2508 loco,
1089 2469 1149 2501 ubi
1175 2479 1278 2510 opera
1295 2468 1484 2500 obduxerat
1500 2467 1534 2499 in
1551 2477 1678 2509 specu-

968 2513 1043 2546 bus.
1090 2513 1143 2544 Sic
1176 2513 1267 2554 prior
1297 2523 1372 2555 pars
1400 2522 1521 2553 specus
1551 2521 1675 2554 aquam

969 2559 1168 2601 deputatam
1186 2557 1303 2595 habet,
1327 2555 1494 2598 posterior
1518 2565 1606 2589 nunc
1626 2565 1679 2588 re-

969 2603 1081 2645 pletur
1111 2601 1239 2633 marina
1257 2601 1402 2643 impura.
1427 2600 1476 2632 M.

1020 2647 1110 2679 Locis
1133 2645 1354 2687 superior-ihm
1374 2643 1481 2683 urbis,
1497 2654 1572 2686 quae
1598 2653 1678 2686 pro-

970 2690 1066 2733 piora
1085 2689 1167 2721 mari
1185 2696 1292 2721 erant.
1320 2689 1382 2720 Mn*

1015 2734 1204 2776 Inferiore-5,
1230 2733 1351 2766 incolae
1380 2731 1550 2766 inferioris
1566 2728 1674 2774 partis

967 2779 1074 2813 urbis.
1098 2779 1148 2811 Μ.
