1946 3261
584 193 700 238 LIB.
735 192 770 239 Ῑ.
835 194 974 239 CAP.
1012 193 1197 238 17—20.
1541 196 1628 241 273

136 317 328 362 adventu
360 318 500 364 altera
520 329 660 365 castra
691 321 748 365 ad
768 322 952 365 alteram
972 321 1126 380 oppidi
1148 328 1319 380 partem
1340 321 1479 380 ponit.
1544 320 1628 364 His

135 377 286 420 castris
319 378 557 423 Curionem
587 380 804 440 praefecit:
850 380 1029 437 reliquis
1064 379 1219 422 diebus
1255 380 1469 437 oppidum
1505 379 1625 424 vallo

134 436 406 495 castellisque
443 438 758 482 circumvenire
800 439 1003 481 instituit.
1083 436 1220 492 Cujus
1262 439 1406 494 operis
1443 439 1629 482 maxima

135 503 261 552 parte
282 496 451 547 effecta,
473 497 627 540 eodem
646 499 737 538 fere
758 506 956 554 tempore
984 492 1100 536 missi
1120 493 1177 535 ad
1201 493 1458 554 Pompeium
1480 514 1628 542 rever-

134 562 307 596 tuntur.

199 611 265 654 19.
301 611 483 654 Litteris
500 611 720 671 perlectis,
743 610 965 656 Domitius
981 609 1253 653 dissimulans
1271 611 1315 655 in
1331 613 1512 657 concilio
1530 631 1631 674 pro-

135 670 331 720 nunciat,
366 670 626 729 Pompeium
659 671 862 714 celeriter
894 667 1087 712 subsidio
1118 679 1377 720 venturum;
1408 671 1631 718 hortatur-

136 745 222 786 que
243 744 331 778 eos,
363 744 418 771 ne
447 729 590 772 animo
622 728 844 779 deficiant,
876 743 1060 786 quaeque
1095 728 1193 770 usui
1225 727 1282 770 ad
1309 729 1634 777 defendendum

136 786 355 846 oppidum
386 786 489 838 sint,
519 797 699 847 parent:
733 789 824 847 ipse
846 801 1005 830 arcano
1034 802 1134 829 cum
1166 786 1314 846 paucis
1345 788 1633 834 familiaribus

136 846 223 888 suis
244 846 525 904 conloquitur
547 847 861 905 consiliumque
878 846 993 904 fugae
1013 861 1170 904 capere
1191 847 1432 890 constituit.
1487 848 1638 899 Quum

137 904 288 948 vultus
321 905 509 949 Domitii
541 923 642 949 cum
674 907 872 950 oratione
907 920 993 948 non
1026 905 1290 948 consentiret
1326 915 1462 965 atque
1491 906 1638 950 omnia

137 963 428 1023 trepidantius
462 964 744 1024 timidiusque
779 972 947 1024 ageret,
980 979 1112 1022 quam
1144 964 1447 1024 superioribus
1482 965 1640 1009 diebus

139 1033 398 1074 consuesset,
435 1025 714 1083 multumque
751 1040 851 1067 cum
884 1023 970 1066 suis
1008 1023 1261 1067 consiliandi
1292 1041 1440 1068 caussa
1469 1033 1639 1069 secreto

140 1090 301 1183 praeter
329 1083 686 1127 consuetudinem
719 1083 1076 1141 conloqueretur‚
1108 1083 1292 1126 concilia
1312 1093 1642 1142 conventusque

171 1142 363 1185 ominum
383 1143 581 1202 fugeret:
616 1159 682 1185 res
703 1143 868 1185 diutius
890 1142 981 1200 tegi
1000 1141 1353 1201 dissimularique
1372 1160 1458 1188 non
1477 1145 1639 1203 potuit.

145 1199 377 1259 Pompeius
407 1202 521 1245 enim
541 1203 844 1262 rescripserat,
877 1209 906 1227 “
927 1217 1016 1243 sese
1039 1217 1132 1243 rem
1163 1201 1206 1243 in
1228 1219 1445 1246 summum
1467 1203 1640 1262 pericu-

143 1265 172 1284 “
198 1259 292 1302 lum
310 1259 609 1304 deducturum
630 1277 715 1304 non
736 1277 841 1311 esse,
861 1276 1001 1317 neque
1022 1276 1098 1302 suo
1119 1261 1297 1304 consilio
1313 1271 1393 1305 aut
1412 1263 1644 1306 voluntate

145 1325 176 1344 “
203 1318 451 1361 Domitium
472 1336 514 1361 se
539 1320 581 1362 in
599 1320 813 1379 oppidum
834 1318 1076 1362 Corfinium
1094 1321 1348 1364 contulisse:
1383 1322 1582 1380 proinde,
1604 1322 1641 1364 si

147 1383 176 1402 ‘⁶
202 1393 288 1434 qua
321 1377 504 1420 facultas
534 1379 701 1430 fuisset,
737 1378 793 1420 ad
825 1395 870 1421 se
903 1393 1001 1420 cum
1034 1378 1233 1422 omnibus
1264 1379 1400 1439 copiis
1429 1380 1644 1423 veni1·et.’'

146 1435 199 1478 Id
231 1451 284 1478 ne
316 1435 410 1479 fieri
442 1446 600 1495 posset,
630 1436 855 1482 obsidione
886 1446 1020 1493 atque
1055 1437 1207 1496 oppidi
1234 1439 1643 1482 circummunitione

149 1493 298 1538 fiebat.

204 1553 277 1596 20.
312 1554 558 1612 Divulgato
579 1553 765 1598 Domitii
787 1554 981 1603 consilio,
1002 1554 1177 1605 milites,
1197 1554 1274 1612 qui
1297 1565 1420 1599 erant
1440 1557 1643 1608 Corfinii,

148 1612 291 1666 prima
323 1613 494 1672 vesperi
529 1613 809 1656 secessionem
839 1614 1024 1655 faciunt:
1067 1621 1200 1669 atque
1237 1613 1300 1655 ita
1334 1614 1448 1657 inter
1484 1632 1527 1658 se
1562 1632 1643 1675 per

147 1670 368 1715 Tribunos
407 1671 596 1714 militum
640 1671 1021 1729 Centurionesque
1058 1680 1193 1729 atque
1229 1671 1546 1717 honestissimos
1577 1675 1645 1717 sui

146 1730 318 1787 generis
350 1731 699 1790 conloquuntur:
736 1738 764 1757 ‘⁶
787 1730 976 1773 obsideri
1005 1747 1048 1772 se
1078 1747 1103 1773 a
1127 1731 1319 1781 Caesare;
1352 1748 1377 1774 ο
1409 1749 1485 1775 era
1504 1734 1644 1776 muni-

147 1796 176 1815 “
201 1789 426 1848 tionesque
459 1806 600 1848 prope
633 1806 720 1832 esse
751 1790 987 1848 perfectas;
1034 1789 1189 1832 ducem
1222 1807 1348 1833 suum
1429 1792 1644 1844 omnium,

145 1856 174 1875 ‘⁶
198 1849 320 1907 cujus
347 1865 425 1907 spe
459 1858 592 1907 atque
625 1848 783 1892 fiducia
819 1849 1155 1907 permanserint,
1189 1848 1397 1906 projectis
1427 1851 1645 1903 omnibus,

144 1914 176 1934 “
199 1908 316 1966 fugae
353 1908 577 1951 consilium
614 1923 792 1967 capere:
840 1907 1003 1950 debere
1040 1924 1083 1949 se
1121 1924 1206 1950 suae
1243 1907 1394 1950 salutis
1429 1909 1644 1954 rationem

150 1975 180 1993 “
202 1966 408 2010 habere.“
460 1967 534 2010 Ab
554 1966 617 2010 his
638 1967 781 2025 primo
802 1967 938 2009 Marsi
962 1967 1188 2009 dissentire
1208 1966 1438 2024 incipiunt,
1459 1984 1646 2026 eamque

148 2024 304 2084 oppidi
328 2033 514 2084 partem,
546 2041 643 2082 quae
665 2026 949 2069 munitissima
971 2026 1210 2075 videretur,
1233 2034 1466 2083 occupant:
1502 2035 1645 2071 tanta-

147 2101 233 2143 que
273 2084 388 2127 inter
424 2100 497 2127 eos
531 2083 733 2128 dissensio
771 2086 953 2134 exsistit,
986 2093 1037 2127 ut
1069 2100 1243 2127 manum
1264 2100 1488 2128 conserere
1509 2094 1646 2144 atque

148 2143 278 2187 armis
291 2141 498 2187 dimicare
510 2152 742 2188 conentur:
773 2153 871 2203 post
889 2143 1038 2203 paullo
1050 2151 1210 2194 tamen,
1223 2144 1506 2188 internunciis
1525 2146 1645 2189 ultro

199 2288 462 2320 circumvenire.
508 2286 563 2319 Sic
580 2286 681 2319 codd.
716 2285 786 2319 Alii
801 2289 868 2318 cir·-
935 2287 1005 2318 tola
1037 2285 1071 2318 in
1097 2286 1173 2319 Cic.
1203 2297 1285 2330 epp.
1314 2288 1358 2319 ad
1385 2288 1534 2321 Atticum
1562 2288 1600 2321 L.
1627 2292 1647 2321 8

151 2336 378 2364 cummunire.
441 2331 569 2363 Similis
615 2330 757 2363 variatio
797 2331 867 2364 lec·
938 2336 1015 2373 post
1035 2333 1087 2361 12.

154 2375 261 2407 tionis
288 2376 379 2408 infra
403 2387 482 2419 cap.
500 2379 554 2408 81.
577 2375 728 2418 itemque
752 2378 784 2415 2,
817 2377 866 2407 16.
986 2376 1146 2407 Ραειιῖεας
1157 2375 1287 2415 fuisset.
1332 2376 1387 2408 Sic
1405 2377 1503 2409 codd.
1520 2383 1554 2409 et
1569 2377 1648 2409 edd.

156 2421 210 2450 36.
237 2422 268 2458 3,
292 2421 347 2452 97.
937 2424 1004 2450 vet.
1051 2419 1382 2453 Aliimallentesset.

203 2464 448 2496 Dissimulam.
473 2464 542 2496 Alii
560 2465 737 2496 simulans.
762 2463 867 2496 Male.
986 2464 1106 2496 Prima
1119 2466 1244 2506 vesperi
1257 2465 1352 2497 hora.
1386 2465 1498 2508 Vulgo
1510 2477 1650 2508 vespera

203 2508 249 2540 In
263 2510 410 2540 concilio.
458 2508 525 2540 Alii
541 2510 577 2540 in
593 2511 742 2540 consilio.
937 2513 1059 2539 contra
1074 2508 1178 2539 codd.
1204 2509 1292 2540 Oud.

205 2553 348 2584 Arcano.
396 2550 467 2583 Alii
481 2563 626 2585 arcana.
987 2553 1127 2584 Honest.
1155 2554 1209 2583 sui
1237 2555 1379 2593 qemi-is,
1407 2564 1467 2585 eos
1496 2554 1647 2586 militum

207 2597 394 2628 Conerimit.
417 2595 485 2628 Alii
499 2598 652 2629 instituit.
677 2595 732 2629 Sic
746 2596 869 2629 Clarke
939 2595 1185 2637 gregariorum,
1207 2597 1268 2637 qui
1281 2602 1380 2628 aetate
1396 2598 1565 2640 rebusque
1582 2599 1649 2630 for—

159 2650 180 2672 e
196 2640 273 2671 cod.
290 2641 376 2681 Reg.
940 2640 1018 2671 titer
1030 2640 1136 2681 gestis
1146 2641 1386 2672 essentceteris
1398 2641 1610 2674 honestiores
1621 2655 1650 2674 s.

207 2683 414 2716 Consiliawlt'
422 2694 557 2717 caussa.
591 2684 645 2716 Sic
659 2685 759 2716 codd.
774 2684 822 2716 ita
837 2691 871 2716 et
940 2683 1143 2716 nobiliores.
1167 2685 1218 2716 M.

160 2739 192 2762 c.
210 2730 265 2760 73.
282 2729 352 2761 hoec
366 2729 627 2762 consiliantibus.
660 2729 715 2760 Cf.
730 2729 871 2761 Cellarii
988 2729 1148 2770 Prosectis
1180 2728 1343 2768 omnibus,
1382 2729 1540 2771 proditis,
1571 2741 1653 2773 neg-

160 2782 260 2804 curas
275 2778 401 2814 poster.
419 2783 454 2815 p.
469 2775 523 2804 56.
548 2772 677 2804 Plinius
693 2773 798 2805 etiam
813 2783 870 2815 ep.
942 2772 1033 2805 lecta
1051 2771 1204 2804 omnium
1220 2773 1338 2804 salute.
1366 2775 1416 2805 M.

163 2820 196 2856 4,
223 2819 274 2848 17.
297 2818 502 2848 consiliator.
548 2816 603 2848 Sic
629 2822 662 2848 et
687 2817 808 2849 Horat.
829 2819 871 2850 A.
988 2819 1158 2849 Dissensio
1186 2818 1318 2850 exsistit.
1363 2817 1434 2851 Alii
1458 2821 1593 2860 exstitit,
1615 2824 1659 2854 ut

163 2866 258 2903 poet.
279 2863 351 2892 196.
398 2860 468 2893 Alii
483 2861 705 2893 consultandi.
939 2866 1149 2895 conarentur.

210 2906 389 2948 Pompeius
403 2906 494 2939 enim
507 2915 608 2938 rescr-
647 2905 767 2940 Exstat
779 2905 873 2951 epis·
1453 2951 1484 2983 Τ
