1946 3261
354 366 460 410 riter
485 363 569 406 iter
599 361 858 418 faciebant:)
886 361 989 402 item
1011 366 1172 417 quarto
1199 358 1287 409 die,
1316 360 1588 417 navigatione
1615 362 1829 414 confecta,

352 420 628 479 consequitur
650 436 732 462 eos.
797 418 925 469 Quod
945 418 1132 476 inparati
1154 433 1179 459 a
1203 418 1376 460 Carteia
1397 419 1585 476 profecti
1606 420 1694 463 sine
1716 435 1829 478 aqua

352 480 542 528 fuissent,
563 479 617 522 ad
639 487 797 521 terram
816 477 1052 535 adplicant.
1116 476 1234 518 Dum
1262 486 1496 533 aquantur,
1520 478 1675 520 Didius
1694 478 1828 523 classe

350 537 557 587 occurrit,
595 553 721 580 naves
753 536 955 585 incendit,
999 534 1225 577 nonnullas
1263 536 1393 593 capit.
1460 536 1690 594 Pompeius
1729 551 1828 580 cum

350 597 497 656 Paucis
518 595 714 654 profugit
735 603 779 637 et
800 595 942 637 locum
964 593 1190 651 quemdam
1209 594 1422 636 munitum
1446 602 1603 636 natura
1623 602 1826 652 occupat.

408 655 481 698 38.
524 654 703 712 Equites
744 662 788 695 et
828 652 1042 701 cohortes,
1084 666 1180 708 quae
1220 651 1274 693 ad
1314 653 1656 709 persequendum
1694 654 1827 696 missae

349 720 501 762 essent,
519 711 862 771 speculatoribus
880 718 978 752 ante
997 709 1130 751 missis
1147 709 1352 752 certiores
1372 710 1502 752 fiunt:
1536 711 1648 753 diem
1666 718 1710 753 et
1728 726 1828 754 noc-¹

348 780 438 814 tem
467 771 551 813 iter
584 770 765 813 faciunt.
829 767 1060 826 Pompeius
1079 767 1259 810 humero
1288 776 1332 809 et
1363 768 1534 810 sinistro
1554 784 1682 811 crure
1703 768 1826 811 vehe-

347 837 512 873 menter
533 837 625 872 erat
645 828 823 870 saucius.
889 826 990 868 Huc
1011 825 1256 874 accedebat,
1290 832 1342 866 ut
1369 825 1497 867 etiam
1526 826 1662 868 talum
1690 826 1828 870 intor-

346 889 485 931 sisset:
520 903 616 944 quae
637 902 704 929 res
726 886 905 929 maxime
928 883 1191 942 inpediebat.
1255 882 1323 924 Ita
1344 883 1496 925 lectica
1524 899 1549 925 a
1571 891 1708 934 turre,
1739 901 1828 942 qua.

348 954 456 990 esset
476 946 661 994 adlatus,
683 945 727 987 in
745 961 793 986 ea
815 943 1049 985 ferebatur.
1104 941 1333 983 Lusitanus
1348 956 1468 984 more
1484 941 1675 991 militari,
1688 942 1826 999 quuni

346 1021 372 1048 a
389 1004 566 1047 Caesaris
583 1003 779 1062 praesidio
796 1002 943 1043 fuisset
961 1007 1229 1057 conspectus,
1246 1000 1443 1042 celeriter
1459 1000 1659 1055 equitatu
1675 1000 1828 1044 cohor⁴

346 1063 550 1121 tibusque
568 1060 935 1104 circumcluditur.
984 1059 1093 1101 Erat
1111 1074 1296 1100 accessus
1313 1058 1392 1100 loci
1412 1058 1658 1101 difficultas.
1709 1060 1826 1103 Nam

346 1120 521 1170 idcireo,
554 1119 671 1176 quod
696 1126 879 1176 propter
900 1133 996 1160 suos
1017 1133 1041 1159 a
1068 1124 1215 1159 nostro
1238 1116 1436 1174 praesidio
1459 1116 1603 1158 fuisset
1624 1132 1826 1175 conspec-

346 1183 434 1228 tus,
457 1178 652 1221 celeriter
668 1179 883 1219 munitum
904 1176 1045 1218 locum
1066 1183 1237 1224 natura,
1256 1190 1386 1231 quem
1409 1182 1584 1231 ceperat
1604 1175 1684 1217 sibi
1700 1175 1827 1218 Pom-

348 1238 482 1295 peius,
516 1235 710 1293 quamvis
730 1249 885 1292 magna
912 1232 1192 1275 multitudine.
1212 1232 1389 1274 deducti
1418 1232 1606 1274 homines
1626 1248 1679 1274 ex
1699 1249 1826 1292 supe-

345 1297 459 1338 riore
491 1294 586 1336 loco
618 1292 846 1335 defendere
885 1300 1070 1349 possent,
1104 1292 1305 1332 subeunt.
1378 1290 1429 1331 In
1463 1290 1653 1332 adventu
1691 1293 1826 1335 nostri

346 1352 628 1412 depelluntur
649 1351 762 1393 telis:
797 1350 955 1407 quibus
977 1349 1240 1397 cedentibus,
1263 1347 1463 1405 cupidius
1487 1348 1825 1405 insequebantur

346 1410 578 1455 adversarii
610 1417 654 1452 et
687 1408 907 1452 confestim
942 1408 1173 1450 tardabant
1206 1408 1263 1450 ab
1294 1422 1476 1448 accessu.
1543 1407 1641 1449 Hoc
1672 1409 1826 1468 saepius

345 1470 479 1519 facto,
521 1467 965 1515 animadvertebatur,
1006 1474 1154 1508 nostro
1195 1481 1351 1524 magno
1392 1465 1435 1507 id
1475 1463 1569 1506 fieri
1612 1466 1822 1522 periculo.

349 1529 498 1586 Opere
533 1526 862 1568 circummunire
894 1524 1097 1574 instituit,
1131 1524 1228 1581 pari
1260 1532 1404 1566 autem
1440 1531 1483 1564 et
1505 1523 1633 1565 celeri
1656 1524 1825 1568 festina·
1884 1530 1887 1532 ’

345 1587 461 1630 tione
481 1584 900 1627 circummunitiones
933 1583 974 1625 in
993 1583 1099 1641 jugo
1121 1583 1336 1639 dirigunt,
1368 1590 1417 1623 ut
1447 1596 1570 1637 aequo
1594 1582 1703 1639 pede
1725 1599 1822 1626 cum

341 1642 594 1688 adversariis
615 1641 819 1699 congredi
844 1651 1026 1698 possent.
1078 1642 1117 1682 A
1141 1642 1300 1697 quibus
1321 1655 1456 1697 quum
1476 1640 1821 1685 animadversum

345 1711 468 1751 esset,
491 1701 595 1758 fuga
616 1701 696 1742 sibi
719 1700 961 1757 praesidium
986 1699 1180 1756 capiunt.

403 1761 476 1803 39.
514 1758 757 1816 Pompeius,
781 1766 831 1798 ut
846 1772 977 1813 supra
991 1754 1390 1804 demonstravimus,
1412 1755 1580 1798 saucius
1598 1762 1642 1798 et
1659 1756 1824 1799 intorto

345 1820 451 1866 talo,
475 1816 636 1859 idcirco
657 1816 913 1858 tardabatur
936 1814 990 1856 ad
1013 1813 1285 1871 fugiendum:
1322 1814 1510 1869 itemque
1535 1822 1715 1871 propter
1737 1815 1821 1858 loci

344 1876 646 1921 difficultatem
663 1890 801 1930 neque
819 1889 947 1929 equo,
967 1888 1104 1930 neque
1119 1871 1316 1914 vehiculo
1331 1872 1459 1913 saluti
1476 1887 1559 1913 suae
1577 1872 1821 1928 praesidium

345 1950 498 1994 parare
536 1941 722 1990 poterat.
787 1931 934 1972 Caedes
962 1947 987 1972 a
1008 1930 1161 1973 nostris
1198 1929 1389 1986 undique
1417 1928 1819 1980 administrabatur,

343 1993 515 2036 exclusa
541 1990 789 2038 munitione,
813 1988 1055 2046 amissisque
1076 1988 1258 2030 auxiliis.
1322 1988 1393 2029 Ad
1417 1987 1656 2030 convallem
1675 1996 1821 2031 autem

342 2060 474 2109 atque
496 2065 667 2093 exesum
686 2048 844 2097 locum,
868 2056 917 2090 ut
939 2047 982 2090 in
1003 2047 1268 2106 speluncam,
1293 2046 1522 2103 Pompeius
1539 2062 1582 2089 se
1601 2046 1820 2091 occultare

1165 2177 1267 2217 Opere
1281 2177 1501 2207 m'rcummun.
1515 2175 1590 2205 inst.
1625 2173 1732 2205 Codd.
1743 2173 1820 2217 qui-

392 2179 474 2214 Quoe
488 2192 532 2202 -—-
545 2179 666 2209 missae.
699 2176 769 2208 Alii
789 2179 849 2217 qui
862 2193 906 2201 —
922 2179 1025 2208 missi.

1117 2220 1195 2251 dam
1209 2219 1413 2262 praemittunt
1428 2219 1513 2250 Loca
1525 2222 1633 2260 capta.
1666 2218 1696 2249 E
1709 2217 1820 2259 glossa

394 2223 451 2256 Ita
481 2222 607 2253 lectica.
664 2220 699 2252 In
731 2220 833 2251 Norv.
867 2226 899 2251 et
933 2221 1050 2252 Petav⁸

345 2262 474 2299 tantum
503 2264 574 2296 haec
599 2264 773 2305 leguntur:
802 2266 847 2295 ita
875 2267 909 2295 in-
935 2265 1047 2295 lectica

336 2310 521 2353 ferebatur.
566 2308 717 2338 Fortasse
733 2317 848 2338 sensus
865 2313 924 2345 est,
951 2307 1048 2338 lecti-

346 2364 421 2386 cam
444 2363 464 2385 a
484 2358 569 2383 turre
592 2350 708 2389 (villa:
734 2361 764 2381 v.
787 2352 828 2382 ad
845 2351 883 2381 B.
903 2351 971 2382 Afr.
991 2353 1047 2390 40)

343 2397 489 2430 adlatam
504 2404 588 2433 esse,
608 2400 641 2425 et
659 2394 689 2425 in
705 2405 745 2425 ea
761 2393 959 2435 Pompeium
970 2405 1047 2435 ges-

346 2447 463 2480 tatum,
494 2437 589 2481 quasi
628 2437 789 2479 seriptum
823 2438 936 2469 fuerit:
978 2439 1044 2476 lta,

344 2486 456 2518 lectica
472 2494 495 2515 a
511 2488 604 2515 turre
620 2491 696 2524 quoe
710 2486 789 2513 esset
806 2482 937 2519 adlata,
954 2483 987 2513 in
1005 2493 1045 2513 ea

338 2525 526 2569 ferebatur.
573 2525 636 2557 Sed
664 2535 729 2556 non
757 2529 807 2556 est
836 2524 930 2562 tanti,
953 2536 1045 2565 quae-

343 2581 426 2606 rere.
471 2569 570 2602 Conf-
585 2579 661 2611 cap.
675 2570 728 2602 32.
753 2568 800 2599 M.

374 2614 584 2650 “lusitanus,
606 2611 731 2644 milites
751 2610 917 2648 Lusitani,
942 2612 1043 2643 Pom-

343 2658 458 2700 peium
471 2657 641 2697 stipantes.
664 2655 862 2696 Cf.cap.40.
876 2656 1043 2689 czar-laus.

390 2700 591 2742 Difficultas.
635 2698 720 2731 Cod.
738 2698 875 2732 Norvic.
890 2698 1044 2738 difficilis.

390 2746 483 2777 Nam
510 2743 630 2776 idcirco
657 2761 712 2774 —-.
754 2743 835 2774 Haec
866 2743 972 2782 usque
998 2743 1042 2773 ad

342 2789 443 2821 finem
459 2786 584 2829 capitis
599 2786 754 2824 obscura,
768 2792 799 2818 et
816 2785 907 2818 varie
923 2785 1041 2827 depra-

341 2837 419 2872 vata
433 2838 520 2864 sunt.
543 2830 594 2862 M.

387 2869 560 2908 munuum
572 2875 691 2908 cocum.
728 2871 797 2909 Alii
813 2873 858 2907 ad
873 2869 1049 2907 :munitum

341 2919 458 2953 locum.

1117 2275 1189 2295 csse
1205 2269 1299 2304 putat
1315 2262 1404 2293 Oud.

1163 2308 1306 2339 Eaeclusa
1335 2307 1526 2337 munitione.
1573 2305 1641 2336 Res
1672 2306 1819 2347 postulat

1118 2350 1204 2381 hunc
1236 2360 1381 2387 sensum,
1414 2348 1651 2386 munitionem,
1683 2349 1715 2379 in
1747 2359 1816 2390 qua

1116 2393 1300 2435 Pompeius
1339 2392 1483 2431 latuerit,
1519 2399 1747 2434 expugnatam
1783 2398 1817 2424 et

1117 2437 1320 2479 Pompeium
1335 2447 1373 2467 ea
1390 2436 1565 2468 exclusum
1580 2446 1664 2467 esse.
1709 2436 1745 2467 In
1758 2435 1813 2475 iis,

1115 2491 1191 2523 quae
1207 2486 1398 2522 sequuntur,
1414 2479 1630 2512 consentiunt
1645 2483 1677 2510 et
1692 2478 1812 2520 reliqui

1114 2525 1305 2565 scriptores,
1330 2523 1532 2564 Pompeium
1556 2523 1738 2555 latitantem
1754 2523 1812 2553 de-

1113 2574 1238 2600 tectum
1270 2578 1460 2608 caesumque
1489 2577 1572 2598 esse.
1619 2565 1686 2597 Dio
1716 2565 1809 2597 Cass.

1114 2614 1167 2651 43,
1185 2614 1238 2643 40.
1262 2611 1411 2653 Appian.
1428 2611 1450 2641 l.
1465 2621 1495 2642 e.
1519 2611 1569 2641 M.

1163 2657 1202 2685 (Ὗ
1221 2658 1255 2686 in
1271 2657 1473 2696 speluncam.
1517 2653 1570 2685 Sic
1593 2653 1693 2684 codd.
1739 2652 1809 2685 Alii

1111 2704 1147 2730 vt
1171 2700 1364 2739 speluncam
1384 2698 1438 2729 vel
1462 2700 1496 2729 in
1518 2699 1681 2739 spelunca.
1724 2694 1809 2727 Mox

1110 2743 1156 2773 ibe?
1172 2744 1376 2783 itaet-ficitur.
1423 2741 1449 2771 Α
1466 2739 1622 2772 Caesonio
1636 2738 1809 2779 (Καικίνναν

1111 2784 1242 2816 Ain-mm
1266 2790 1365 2816 vocat
1391 2784 1459 2816 Dio
1484 2785 1536 2822 48,
1555 2784 1622 2823 40.)
1665 2781 1807 2815 Caesaris

1110 2828 1251 2871 Legum,
1288 2829 1377 2870 apud
1415 2827 1603 2859 Lauronem
1642 2825 1805 2868 oppidum

1108 2882 1231 2904 caesum
1263 2872 1413 2905 scribunt
1435 2871 1552 2915 Dorus
1582 2873 1614 2909 4,
1638 2872 1670 2908 2,
1693 2871 1746 2902 86.
1771 2875 1807 2902 et

1106 2915 1223 2950 Celsus
1238 2926 1270 2958 p.
1287 2917 1360 2947 245.
1801 2917 1805 2923 ·
