1946 3261
609 146 729 191 LIB.
763 145 868 192 VII.
930 146 1072 191 CAP.
1102 146 1296 191 81-83,
1609 145 1698 189 215

205 283 458 335 posuerant,
507 291 558 320 ac
609 275 843 335 glandibus
895 275 1048 319 Gallos
1098 284 1365 334 perterrent.
1450 273 1696 332 Prospectu
1720 310 1722 312 ,

202 335 396 380 tenebris
414 335 606 387 ademto,
635 336 776 380 multa
799 336 1022 394 utrimque
1039 335 1224 378 vulnera
1241 334 1548 394 accipiuntur;
1580 349 1697 377 com-

236 394 336 438 lura
368 396 596 440 tormentis
631 395 719 438 tela
753 394 1062 454 conjiciuntur.
1126 394 1189 436 At
1221 394 1286 437 M.
1309 394 1528 439 Antonius
1559 400 1606 436 et
1639 391 1695 436 C.

202 410 467 506 1i'rebonius,
485 454 659 514 Legati,
678 455 841 512 quibus
859 470 920 497 eae
941 461 1088 513 partes
1102 452 1158 496 ad
1171 451 1496 498 defendendum
1513 451 1700 496 obvene-

203 522 318 564 rant,
338 530 428 572 qua
445 531 499 558 ex
519 522 646 573 parte
669 523 839 557 nostros
858 513 1000 572 premi
1027 511 1350 562 intellexerant,
1383 514 1434 557 iis
1459 510 1621 556 auxilio
1641 526 1698 556 ex

205 573 491 618 ulterioribus
508 572 696 616 castellis
716 572 931 616 deductos
949 571 1285 616 submittebant.

260 631 334 674 82.
369 632 490 676 Dum
511 632 682 691 longius
701 631 758 675 ab
779 631 1021 676 munitione
1053 631 1238 675 aberant
1261 628 1399 679 Galli,
1430 629 1528 688 plus
1553 629 1704 675 multi-

202 689 356 736 tudine
392 691 583 735 telorum
613 691 929 751 proficiebant:
963 699 1246 750 posteaquam
1277 687 1461 749 propius
1493 705 1705 732 successe-

203 759 323 801 runt,
344 758 421 794 aut
440 767 484 794 se
507 751 590 810 ipsi
605 751 790 794 stimulis
806 751 1078 811 inopinantes
1089 749 1347 799 induebant,
1368 756 1445 791 aut
1463 747 1508 792 in
1527 748 1702 792 scrobes

202 809 373 871 delapsi
394 810 818 861 transfodiebantur,
847 819 925 854 aut
956 827 1011 853 ex
1030 808 1148 853 vallo
1178 826 1228 852 ac
1254 807 1452 852 turribus
1479 807 1704 867 transjecti

202 869 305 928 pilis
324 870 565 914 muralibus
600 870 859 914 interibant.
926 869 1086 914 Multis
1114 869 1309 927 undique
1341 867 1600 911 vulneribus
1632 883 1702 911 ac-

201 930 358 989 ceptis,
380 930 502 974 nulla
521 930 762 974 munitione
786 938 1016 990 perrupta,
1039 945 1175 987 quum
1193 928 1271 972 lux
1286 927 1534 988 adpeteret,
1555 925 1707 978 veriti,

202 1005 258 1032 ne
277 989 336 1034 ab
358 990 498 1034 latere
517 999 675 1050 aperto
696 1007 751 1033 ex
774 989 1072 1050 superioribus
1092 988 1244 1032 castris
1265 988 1498 1047 eruptione
1521 987 1705 1031 circum-

200 1049 474 1101 venirentur,
507 1067 552 1094 se
583 1049 640 1093 ad
677 1066 773 1093 suos
794 1057 1075 1109 receperunt.
1141 1049 1205 1091 At
1227 1047 1476 1098 interiores,
1508 1046 1616 1090 dum
1637 1063 1705 1098 ea,

235 1125 300 1153 uae
324 1126 352 1153 a
373 1110 741 1169 Vercingetorige
767 1109 823 1153 ad
845 1109 1124 1169 eruptionem
1153 1116 1401 1167 praeparata
1430 1117 1572 1157 erant,
1605 1123 1709 1165 pro-

201 1125 365 1219 iia-unt,
398 1169 567 1229 priores
600 1170 731 1213 fossas
763 1170 972 1229 explent;
1005 1168 1170 1211 diutius
1201 1168 1244 1211 in
1276 1167 1328 1210 iis
1350 1167 1484 1211 rebus
1504 1166 1710 1210 adminis-

201 1227 371 1272 trandis
389 1230 564 1278 morati,
603 1230 724 1288 prius
742 1247 840 1274 suos
860 1229 1100 1272 discessisse
1121 1236 1439 1287 cognoverunt,
1462 1243 1594 1285 quam
1612 1243 1706 1270 mu-

203 1287 441 1332 nitionibus
472 1287 902 1348 adpropinquarent.
979 1287 1065 1339 Ita,
1104 1303 1152 1331 re
1188 1288 1365 1338 infecta,
1405 1286 1450 1331 in
1488 1285 1706 1346 oppidum

206 1355 503 1391 reverterunt.
875 1398 878 1401 ‚

263 1407 335 1450 83.
372 1407 447 1451 Bis
477 1423 636 1466 magno
656 1423 758 1451 cum
778 1405 1047 1450 detrimento
1077 1406 1242 1465 repulsi
1268 1404 1405 1454 Galli,
1426 1404 1534 1463 quid
1557 1414 1708 1465 agant,

202 1467 457 1510 consulunt:
492 1467 692 1511 locorum
710 1467 876 1526 peritos
894 1466 1132 1510 adhibent:
1167 1468 1226 1512 ab
1247 1464 1312 1508 his
1328 1465 1605 1524 superiorum
1621 1482 1710 1510 cas-

204 1534 376 1569 trorum
397 1526 503 1569 situs
525 1527 876 1584 munitionesque
900 1535 1185 1585 cognoscunt.
1253 1525 1363 1568 Erat
1383 1541 1407 1566 a
1433 1525 1710 1584 septemtrio-

205 1585 332 1628 nibus
371 1585 507 1634 collis,
549 1602 681 1643 quem
719 1595 909 1645 propter
942 1584 1292 1643 magnitudinem
1330 1583 1541 1627 circuitus
1573 1600 1709 1643 opere

197 1644 504 1704 circumplecti
527 1653 872 1746 nondpotuerant
891 1644 1043 1694 nostri,
1063 1643 1388 1701 necessarioque
1406 1659 1529 1702 paene
1552 1643 1705 1702 iniquo

202 1705 300 1750 loco
338 1713 386 1747 et
420 1703 580 1747 leniter
651 1703 778 1746 eclivi
813 1713 955 1747 castra
989 1704 1198 1747 fecerant.
1265 1703 1372 1747 Haec
1412 1703 1465 1745 C.
1490 1703 1709 1747 Antistius

207 1763 402 1824 Reginus
424 1773 469 1807 et
490 1763 543 1807 C.
569 1763 776 1806 Caninius
799 1763 1000 1814 Rebilus,
1026 1763 1199 1823 Legati,
1217 1778 1315 1806 cum
1333 1762 1507 1806 duabus
1527 1762 1710 1822 legioni-

204 1824 302 1874 bus,
354 1822 631 1867 obtinebant.
718 1823 920 1882 Cognitis
974 1840 1054 1882 per
1094 1823 1398 1883 exploratores
1437 1821 1712 1882 regionibus,

202 1883 336 1927 duces
365 1883 556 1927 hostium
588 1882 668 1926 LX
699 1882 819 1925 milia
858 1899 912 1925 ex
944 1883 1060 1926 omni
1093 1899 1275 1926 numero
1302 1881 1517 1940 delegunt
1561 1898 1714 1926 earum

203 1943 449 1993 civitatum,
472 1959 570 2001 quae
588 1942 819 1985 maximam
841 1942 1019 1985 virtutis
1043 1959 1069 1985 o
1107 1943 1296 1985 inionem
1317 1941 1566 1989 habebant:
1599 1941 1711 2000 quid

203 2018 381 2061 quoque
433 2011 564 2062 pacto
604 2001 678 2062 agi
721 2001 910 2061 placeat,
958 1959 1129 2045 oeculie
1168 2001 1284 2044 inter
1325 2017 1369 2043 se
1411 2000 1713 2052 constituunt3

987 2141 1072 2216 ἶς’]ἕ.
1099 2140 1268 2172 Clarkius·
1306 2138 1374 2171 Sed
1390 2145 1423 2171 et
1446 2137 1598 2172 ἀσύνδετον
1625 2139 1712 2174 bene

1001 2195 1032 2216 ia
1059 2190 1107 2216 et.

205 2143 307 2182 libus,
331 2141 448 2175 invitis
463 2142 567 2174 codd.
583 2148 617 2173 et
631 2142 709 2173 edd.
726 2147 798 2173 vet.
846 2141 920 2172 Ha·

206 2188 268 2221 bet
294 2193 409 2220 tamen
435 2188 572 2220 libralia
595 2197 683 2219 saza
698 2185 868 2228 Vegetius
885 2189 922 2225 2,

208 2236 260 2264 23.
285 2231 458 2264 cellarius
471 2231 571 2263 refert
586 2231 630 2262 ad
643 2230 776 2272 fundis,
789 2229 919 2273 quibus

207 2276 336 2320 lapides
349 2277 475 2309 libriles
486 2276 719 2318 jaciebantur.

255 2322 457 2354 Per-terrent.
498 2320 561 2352 alii
596 2324 794 2362 proterrent.
824 2319 919 2360 quod

210 2366 277 2398 huc
293 2376 360 2398 non
373 2365 469 2405 facit,
480 2376 548 2398 non
560 2365 654 2397 enim
668 2363 780 2407 fugati
791 2363 922 2401 hostes,

210 2416 249 2442 ut
268 2413 300 2448 5,
318 2412 373 2443 58.

254 2456 404 2497 Delapsi.
418 2454 490 2487 Alii
502 2455 603 2488 codd.
614 2455 728 2493 delati,
738 2463 804 2486 non
818 2452 919 2484 male.

209 2499 260 2531 M.
286 2498 353 2531 Sed
366 2505 400 2531 et
418 2499 527 2532 Graec.
547 2499 780 2533 κατατεσὸν-τες.

254 2544 445 2586 Αάρεεενριι
490 2544 643 2583 Quidem
657 2544 760 2576 codd.
774 2543 923 2586 adpare-

208 2592 270 2627 ret,
286 2599 329 2620 ex
345 2588 638 2631 interpretatione.
665 2589 717 2619 M.

254 2632 446 2671 Interiores,
463 2633 595 2675 oppido
614 2631 756 2664 inclusi.
782 2631 834 2663 M.

253 2678 459 2719 Praeparnta
482 2683 592 2710 erant.
629 2675 739 2708 Codd.
764 2674 865 2707 multi
889 2680 924 2707 et

208 2722 287 2755 edd.
306 2728 378 2754 vet.
399 2727 692 2764 praeparaz-erant.
707 2727 782 2752 tum
796 2731 820 2752 a
844 2721 926 2752 Ver-

207 2769 412 2809 cinqetoriqe
438 2766 644 2808 significaret
667 2777 690 2798 a
713 2770 811 2808 parte
843 2765 923 2796 Ver·

206 2813 430 2853 cinqetoriqis,
447 2818 483 2842 ut
498 2815 531 2850 5,
545 2814 601 2843 54.
619 2821 642 2842 a
654 2811 696 2842 Ρ.
712 2811 754 2841 R.
769 2810 922 2852 imperia,

208 2862 244 2887 et
259 2856 351 2898 apud
367 2856 497 2889 Lucan.
531 2857 560 2895 1,
584 2858 640 2887 58.
669 2855 790 2888 obstent
811 2865 835 2886 a
853 2855 925 2886 Cae-

209 2911 287 2932 sare
300 2900 415 2933 nubes.

259 2946 391 2979 Priores
409 2944 521 2988 fossas
547 2946 638 2990 πμ.
679 2944 764 2987 Leg-
785 2947 816 2977 et
829 2943 922 2986 pruf-

1036 2230 1086 2261 Ab
1104 2230 1167 2261 Izi-s.
1206 2228 1261 2261 Sic
1279 2235 1313 2261 et
1331 2233 1363 2268 5,
1379 2231 1435 2261 45.
1482 2228 1551 2261 Alii
1576 2241 1618 2262 et
1640 2232 1707 2264 his.

1037 2275 1257 2316 Superiorum
1272 2279 1477 2312 castrorum,
1506 2285 1584 2316 quae
1602 2275 1637 2308 in
1654 2287 1712 2308 su-

991 2318 1128 2360 periore
1155 2331 1183 2351 s.
1207 2319 1303 2351 edito
1329 2319 1408 2351 loco
1435 2324 1542 2358 erant,
1571 2325 1607 2351 ut
1631 2331 1712 2352 mox

991 2363 1067 2404 ipse
1082 2361 1200 2395 Caesar
1216 2363 1393 2396 describit.
1417 2363 1582 2395 Extremo
1594 2364 1711 2406 capite

989 2407 1041 2439 eis
1067 2415 1289 2450 opponuntur
1317 2407 1528 2440 munitiones
1556 2418 1710 2451 campes-

991 2459 1070 2491 tres,
1084 2453 1125 2484 de
1140 2452 1267 2495 quibus
1283 2463 1315 2485 c.
1334 2453 1376 2483 74
1388 2452 1486 2484 dixit.
1512 2453 1564 2485 M.

1039 2498 1145 2532 Quem
1168 2498 1536 2540 propter—fecerant.
1591 2498 1709 2530 Incon-

992 2540 1094 2574 sultis
1108 2543 1212 2574 codd.
1223 2542 1374 2574 editores
1385 2541 1491 2583 vulgo
1504 2549 1689 2583 posuerunt
1700 2557 1710 2576 ι

991 2597 1091 2629 quem
1105 2589 1185 2628 quia
1204 2594 1342 2629 propter
1356 2604 1401 2610 —
1414 2589 1598 2619 necessario
1611 2598 1710 2629 paene

990 2629 1205 2672 -feceru-nt.
1246 2632 1375 2664 Veram
1406 2640 1487 2672 ergo
1519 2628 1706 2666 lectionem

993 2674 1261 2718 Oudendorpius
1277 2674 1438 2708 restituit.
1463 2674 1516 2706 M.

1040 2721 1078 2752 C.
1098 2721 1260 2753 Caninius
1275 2721 1425 2753 Rebilus.
1472 2718 1524 2751 De
1550 2719 1620 2754 hoc
1646 2731 1711 2756 no-

992 2763 1085 2797 mine
1103 2776 1137 2796 v.
1156 2765 1320 2798 Ursinum
1338 2763 1374 2796 in
1394 2764 1478 2795 sam.
1503 2764 1609 2798 Rom.

1041 2810 1179 2852 Quoque
1193 2816 1304 2851 pacto,
1331 2807 1490 2850 quisquis
1511 2810 1636 2843 modus
1650 2812 1712 2844 ad-

992 2852 1226 2886 ministrandae
1257 2853 1308 2886 rei
1348 2853 1565 2886 necessarius
1594 2855 1710 2896 fuerit,

991 2898 1202 2941 quicumque
1240 2909 1343 2931 casus
1380 2909 1418 2931 se
1442 2897 1621 2941 obtulerit,
1648 2900 1718 2944 aas

987 2943 1092 2987 jalen
1111 2944 1201 2976 Fall-
1228 2943 1279 2976 M.
