<?xml version="1.0" encoding="UTF-8"?>
<!DOCTYPE html PUBLIC "-//W3C//DTD XHTML 1.0 Transitional//EN"
    "http://www.w3.org/TR/xhtml1/DTD/xhtml1-transitional.dtd">
<html xmlns="http://www.w3.org/1999/xhtml" xml:lang="en" lang="en">
 <head>
  <title>
</title>
<meta http-equiv="Content-Type" content="text/html;charset=utf-8" />
  <meta name='ocr-system' content='tesseract 3.04.00' />
  <meta name='ocr-capabilities' content='ocr_page ocr_carea ocr_par ocr_line ocrx_word'/>
</head>
<body>
  <div class='ocr_page' id='page_1' title='image "./commentariidebel00caesuoft_0695.png"; bbox 0 0 1946 3261; ppageno 0'>
   <div class='ocr_carea' id='block_1_1' title="bbox 777 223 1203 270">
    <p class='ocr_par' dir='ltr' id='par_1_1' title="bbox 777 223 1203 270">
     <span class='ocr_line' id='line_1_1' title="bbox 777 223 1203 270; baseline 0 0"><span class='ocrx_word' id='word_1_1' title='bbox 777 223 1203 270; x_wconf 86' lang='lat' dir='ltr'>LATINITATIS.</span> 
     </span>
    </p>
   </div>
   <div class='ocr_carea' id='block_1_2' title="bbox 242 355 974 2924">
    <p class='ocr_par' dir='ltr' id='par_1_2' title="bbox 245 355 951 481">
     <span class='ocr_line' id='line_1_2' title="bbox 245 355 951 397; baseline -0.003 -10"><span class='ocrx_word' id='word_1_2' title='bbox 245 355 387 397; x_wconf 79' lang='lat' dir='ltr'>Inqredi</span> <span class='ocrx_word' id='word_1_3' title='bbox 401 358 496 388; x_wconf 77' lang='lat' dir='ltr'>imra</span> <span class='ocrx_word' id='word_1_4' title='bbox 511 356 608 395; x_wconf 81' lang='lat' dir='ltr'>fines,</span> <span class='ocrx_word' id='word_1_5' title='bbox 622 358 655 393; x_wconf 90' lang='grc'>2,</span> <span class='ocrx_word' id='word_1_6' title='bbox 670 358 702 386; x_wconf 90' lang='grc'>4.</span> <span class='ocrx_word' id='word_1_7' title='bbox 725 357 899 394; x_wconf 71' lang='lat' dir='ltr'>inqressus</span> <span class='ocrx_word' id='word_1_8' title='bbox 914 357 951 385; x_wconf 71' lang='lat' dir='ltr'>in</span> 
     </span>
     <span class='ocr_line' id='line_1_3' title="bbox 285 397 951 440; baseline -0.003 -10"><span class='ocrx_word' id='word_1_9' title='bbox 285 410 362 430; x_wconf 79' lang='lat' dir='ltr'>eam</span> <span class='ocrx_word' id='word_1_10' title='bbox 385 402 585 438; x_wconf 74' lang='lat' dir='ltr'>orationem,</span> <span class='ocrx_word' id='word_1_11' title='bbox 611 397 668 440; x_wconf 86' lang='lat' dir='ltr'>qui</span> <span class='ocrx_word' id='word_1_12' title='bbox 700 398 734 430; x_wconf 92' lang='lat' dir='ltr'>in</span> <span class='ocrx_word' id='word_1_13' title='bbox 765 399 851 430; x_wconf 88' lang='lat' dir='ltr'>hanc</span> <span class='ocrx_word' id='word_1_14' title='bbox 877 408 951 429; x_wconf 84' lang='lat' dir='ltr'>sen-</span> 
     </span>
     <span class='ocr_line' id='line_1_4' title="bbox 286 442 720 481; baseline -0.002 -8"><span class='ocrx_word' id='word_1_15' title='bbox 286 443 426 475; x_wconf 85' lang='lat' dir='ltr'>tentiam</span> <span class='ocrx_word' id='word_1_16' title='bbox 441 443 586 481; x_wconf 81' lang='lat' dir='ltr'>dixerat,</span> <span class='ocrx_word' id='word_1_17' title='bbox 599 442 637 473; x_wconf 91' lang='lat' dir='ltr'>C.</span> <span class='ocrx_word' id='word_1_18' title='bbox 657 444 686 481; x_wconf 91' lang='grc'>1,</span> <span class='ocrx_word' id='word_1_19' title='bbox 701 445 720 472; x_wconf 87' lang='grc'>2</span> 
     </span>
    </p>

    <p class='ocr_par' dir='ltr' id='par_1_3' title="bbox 243 487 483 524">
     <span class='ocr_line' id='line_1_5' title="bbox 243 487 483 524; baseline 0.004 -7"><span class='ocrx_word' id='word_1_20' title='bbox 243 487 348 524; x_wconf 74' lang='lat' dir='ltr'>Inibi,</span> <span class='ocrx_word' id='word_1_21' title='bbox 371 487 425 518; x_wconf 85' lang='lat' dir='ltr'>Af.</span> <span class='ocrx_word' id='word_1_22' title='bbox 442 490 483 519; x_wconf 85' lang='grc'>23</span> 
     </span>
    </p>

    <p class='ocr_par' dir='ltr' id='par_1_4' title="bbox 245 528 951 612">
     <span class='ocr_line' id='line_1_6' title="bbox 245 528 951 570; baseline -0.006 -9"><span class='ocrx_word' id='word_1_23' title='bbox 245 531 388 570; x_wconf 68' lang='lat' dir='ltr'>Inficere</span> <span class='ocrx_word' id='word_1_24' title='bbox 415 531 574 568; x_wconf 67' lang='lat' dir='ltr'>studium,</span> <span class='ocrx_word' id='word_1_25' title='bbox 605 528 766 566; x_wconf 82' lang='lat' dir='ltr'>excitare,</span> <span class='ocrx_word' id='word_1_26' title='bbox 797 537 951 558; x_wconf 89' lang='lat' dir='ltr'>commo-</span> 
     </span>
     <span class='ocr_line' id='line_1_7' title="bbox 287 574 663 612; baseline -0.005 -8"><span class='ocrx_word' id='word_1_27' title='bbox 287 584 363 605; x_wconf 87' lang='lat' dir='ltr'>vere</span> <span class='ocrx_word' id='word_1_28' title='bbox 379 574 413 605; x_wconf 90' lang='lat' dir='ltr'>in</span> <span class='ocrx_word' id='word_1_29' title='bbox 428 574 557 612; x_wconf 89' lang='lat' dir='ltr'>animo,</span> <span class='ocrx_word' id='word_1_30' title='bbox 577 576 605 611; x_wconf 89' lang='lat'>1,</span> <span class='ocrx_word' id='word_1_31' title='bbox 620 574 663 603; x_wconf 87' lang='lat'>46</span> 
     </span>
    </p>

    <p class='ocr_par' dir='ltr' id='par_1_5' title="bbox 245 613 952 697">
     <span class='ocr_line' id='line_1_8' title="bbox 245 613 952 658; baseline -0.003 -11"><span class='ocrx_word' id='word_1_32' title='bbox 245 617 414 658; x_wconf 74' lang='lat' dir='ltr'>Iniquitas</span> <span class='ocrx_word' id='word_1_33' title='bbox 436 627 565 654; x_wconf 72' lang='lat' dir='ltr'>rerum,</span> <span class='ocrx_word' id='word_1_34' title='bbox 593 615 772 647; x_wconf 83' lang='lat' dir='ltr'>difficultas</span> <span class='ocrx_word' id='word_1_35' title='bbox 792 624 813 645; x_wconf 89' lang='lat' dir='ltr'>a</span> <span class='ocrx_word' id='word_1_36' title='bbox 838 613 952 646; x_wconf 88' lang='lat' dir='ltr'>multi-</span> 
     </span>
     <span class='ocr_line' id='line_1_9' title="bbox 286 659 834 697; baseline -0.002 -6"><span class='ocrx_word' id='word_1_37' title='bbox 286 660 402 691; x_wconf 85' lang='lat' dir='ltr'>tudine</span> <span class='ocrx_word' id='word_1_38' title='bbox 418 659 724 697; x_wconf 90' lang='lat' dir='ltr'>incommodorum,</span> <span class='ocrx_word' id='word_1_39' title='bbox 747 661 779 697; x_wconf 87' lang='grc'>2,</span> <span class='ocrx_word' id='word_1_40' title='bbox 793 661 834 690; x_wconf 89' lang='grc'>22</span> 
     </span>
    </p>

    <p class='ocr_par' dir='ltr' id='par_1_6' title="bbox 242 703 623 744">
     <span class='ocr_line' id='line_1_10' title="bbox 242 703 623 744; baseline -0.003 -10"><span class='ocrx_word' id='word_1_41' title='bbox 242 703 392 744; x_wconf 69' lang='lat' dir='ltr'>Iniquus</span> <span class='ocrx_word' id='word_1_42' title='bbox 409 704 510 741; x_wconf 76' lang='lat' dir='ltr'>locus,</span> <span class='ocrx_word' id='word_1_43' title='bbox 533 706 566 739; x_wconf 87' lang='grc'>2,</span> <span class='ocrx_word' id='word_1_44' title='bbox 586 705 623 733; x_wconf 98' lang='grc'>10</span> 
     </span>
    </p>

    <p class='ocr_par' dir='ltr' id='par_1_7' title="bbox 245 745 760 786">
     <span class='ocr_line' id='line_1_11' title="bbox 245 745 760 786; baseline -0.002 -10"><span class='ocrx_word' id='word_1_45' title='bbox 245 747 343 777; x_wconf 81' lang='lat' dir='ltr'>Im&#39;re</span> <span class='ocrx_word' id='word_1_46' title='bbox 359 747 493 784; x_wconf 81' lang='lat' dir='ltr'>bellum,</span> <span class='ocrx_word' id='word_1_47' title='bbox 515 745 676 786; x_wconf 85' lang='lat' dir='ltr'>incipere,</span> <span class='ocrx_word' id='word_1_48' title='bbox 698 747 729 783; x_wconf 91' lang='lat'>8,</span> <span class='ocrx_word' id='word_1_49' title='bbox 750 747 760 775; x_wconf 91' lang='grc'>1</span> 
     </span>
    </p>

    <p class='ocr_par' dir='ltr' id='par_1_8' title="bbox 246 785 953 871">
     <span class='ocr_line' id='line_1_12' title="bbox 246 785 953 830; baseline -0.003 -10"><span class='ocrx_word' id='word_1_50' title='bbox 246 789 341 821; x_wconf 80' lang='lat' dir='ltr'>Inita</span> <span class='ocrx_word' id='word_1_51' title='bbox 356 794 481 828; x_wconf 65' lang='lat' dir='ltr'>aestate,</span> <span class='ocrx_word' id='word_1_52' title='bbox 492 800 571 820; x_wconf 90' lang='lat' dir='ltr'>cum</span> <span class='ocrx_word' id='word_1_53' title='bbox 584 789 640 821; x_wconf 80' lang='lat' dir='ltr'>vix</span> <span class='ocrx_word' id='word_1_54' title='bbox 654 788 830 830; x_wconf 88' lang='lat' dir='ltr'>coepisset,</span> <span class='ocrx_word' id='word_1_55' title='bbox 844 785 953 828; x_wconf 83' lang='lat' dir='ltr'>prima</span> 
     </span>
     <span class='ocr_line' id='line_1_13' title="bbox 285 837 436 871; baseline 0 -7"><span class='ocrx_word' id='word_1_56' title='bbox 285 838 357 864; x_wconf 88' lang='lat' dir='ltr'>aest.</span> <span class='ocrx_word' id='word_1_57' title='bbox 372 837 404 871; x_wconf 90' lang='grc'>2,</span> <span class='ocrx_word' id='word_1_58' title='bbox 417 837 436 864; x_wconf 88' lang='grc'>2</span> 
     </span>
    </p>

    <p class='ocr_par' dir='ltr' id='par_1_9' title="bbox 248 874 932 917">
     <span class='ocr_line' id='line_1_14' title="bbox 248 874 932 917; baseline 0 -11"><span class='ocrx_word' id='word_1_59' title='bbox 248 875 436 916; x_wconf 69' lang='lat' dir='ltr'>Injunqere</span> <span class='ocrx_word' id='word_1_60' title='bbox 450 881 540 917; x_wconf 87' lang='lat' dir='ltr'>tanq.</span> <span class='ocrx_word' id='word_1_61' title='bbox 557 886 655 915; x_wconf 86' lang='lat' dir='ltr'>onus,</span> <span class='ocrx_word' id='word_1_62' title='bbox 681 879 712 909; x_wconf 83' lang='lat'>8.</span> <span class='ocrx_word' id='word_1_63' title='bbox 727 876 782 906; x_wconf 80' lang='lat'>49.</span> <span class='ocrx_word' id='word_1_64' title='bbox 805 874 846 906; x_wconf 90' lang='lat' dir='ltr'>C.</span> <span class='ocrx_word' id='word_1_65' title='bbox 867 878 896 913; x_wconf 89' lang='grc'>1,</span> <span class='ocrx_word' id='word_1_66' title='bbox 912 878 932 906; x_wconf 88' lang='grc'>4</span> 
     </span>
    </p>

    <p class='ocr_par' dir='ltr' id='par_1_10' title="bbox 247 919 856 961">
     <span class='ocr_line' id='line_1_15' title="bbox 247 919 856 961; baseline -0.003 -10"><span class='ocrx_word' id='word_1_67' title='bbox 247 919 400 960; x_wconf 65' lang='lat' dir='ltr'>Iniuria,</span> <span class='ocrx_word' id='word_1_68' title='bbox 416 920 564 961; x_wconf 85' lang='lat' dir='ltr'>passive,</span> <span class='ocrx_word' id='word_1_69' title='bbox 584 922 610 957; x_wconf 93' lang='grc'>1,</span> <span class='ocrx_word' id='word_1_70' title='bbox 625 922 681 957; x_wconf 93' lang='grc'>20,</span> <span class='ocrx_word' id='word_1_71' title='bbox 697 921 750 950; x_wconf 86' lang='grc'>30.</span> <span class='ocrx_word' id='word_1_72' title='bbox 765 920 798 958; x_wconf 80' lang='grc'>7,</span> <span class='ocrx_word' id='word_1_73' title='bbox 814 921 856 949; x_wconf 86' lang='grc'>38</span> 
     </span>
    </p>

    <p class='ocr_par' dir='ltr' id='par_1_11' title="bbox 246 963 909 1004">
     <span class='ocr_line' id='line_1_16' title="bbox 246 963 909 1004; baseline -0.002 -11"><span class='ocrx_word' id='word_1_74' title='bbox 246 963 387 1004; x_wconf 73' lang='lat' dir='ltr'>Injassu</span> <span class='ocrx_word' id='word_1_75' title='bbox 400 975 483 1002; x_wconf 84' lang='lat' dir='ltr'>meo,</span> <span class='ocrx_word' id='word_1_76' title='bbox 496 966 631 1003; x_wconf 69' lang='lat' dir='ltr'>injussu</span> <span class='ocrx_word' id='word_1_77' title='bbox 646 963 804 1004; x_wconf 75' lang='lat' dir='ltr'>alicujzcs,</span> <span class='ocrx_word' id='word_1_78' title='bbox 828 964 854 1001; x_wconf 91' lang='lat' dir='ltr'>l,</span> <span class='ocrx_word' id='word_1_79' title='bbox 872 963 909 992; x_wconf 88' lang='lat'>19</span> 
     </span>
    </p>

    <p class='ocr_par' dir='ltr' id='par_1_12' title="bbox 247 1006 720 1046">
     <span class='ocr_line' id='line_1_17' title="bbox 247 1006 720 1046; baseline 0 -9"><span class='ocrx_word' id='word_1_80' title='bbox 247 1006 392 1046; x_wconf 76' lang='lat' dir='ltr'>Inlucet,</span> <span class='ocrx_word' id='word_1_81' title='bbox 407 1006 561 1045; x_wconf 84' lang='lat' dir='ltr'>lucescit,</span> <span class='ocrx_word' id='word_1_82' title='bbox 575 1007 614 1038; x_wconf 88' lang='lat' dir='ltr'>C.</span> <span class='ocrx_word' id='word_1_83' title='bbox 637 1009 664 1045; x_wconf 91' lang='grc'>1,</span> <span class='ocrx_word' id='word_1_84' title='bbox 678 1008 720 1037; x_wconf 90' lang='grc'>23</span> 
     </span>
    </p>

    <p class='ocr_par' dir='ltr' id='par_1_13' title="bbox 247 1049 962 1430">
     <span class='ocr_line' id='line_1_18' title="bbox 247 1049 954 1091; baseline -0.004 -10"><span class='ocrx_word' id='word_1_85' title='bbox 247 1050 379 1083; x_wconf 69' lang='lat' dir='ltr'>lunata</span> <span class='ocrx_word' id='word_1_86' title='bbox 393 1054 499 1083; x_wconf 70' lang='lat' dir='ltr'>menti</span> <span class='ocrx_word' id='word_1_87' title='bbox 521 1051 699 1091; x_wconf 66' lang='lat' dir='ltr'>cupiditas,</span> <span class='ocrx_word' id='word_1_88' title='bbox 723 1049 954 1091; x_wconf 89' lang='lat' dir='ltr'>persuadendo</span> 
     </span>
     <span class='ocr_line' id='line_1_19' title="bbox 288 1092 958 1133; baseline -0.003 -9"><span class='ocrx_word' id='word_1_89' title='bbox 288 1099 367 1125; x_wconf 87' lang='lat' dir='ltr'>nata</span> <span class='ocrx_word' id='word_1_90' title='bbox 388 1105 416 1126; x_wconf 88' lang='lat' dir='ltr'>s.</span> <span class='ocrx_word' id='word_1_91' title='bbox 441 1100 513 1125; x_wconf 86' lang='lat' dir='ltr'>orta</span> <span class='ocrx_word' id='word_1_92' title='bbox 531 1094 565 1124; x_wconf 92' lang='lat' dir='ltr'>in</span> <span class='ocrx_word' id='word_1_93' title='bbox 582 1093 711 1131; x_wconf 88' lang='lat' dir='ltr'>animo,</span> <span class='ocrx_word' id='word_1_94' title='bbox 743 1095 770 1130; x_wconf 90' lang='lat' dir='ltr'>l,</span> <span class='ocrx_word' id='word_1_95' title='bbox 785 1095 838 1123; x_wconf 95' lang='lat' dir='ltr'>4l.</span> <span class='ocrx_word' id='word_1_96' title='bbox 864 1092 958 1133; x_wconf 92' lang='lat' dir='ltr'>quod</span> 
     </span>
     <span class='ocr_line' id='line_1_20' title="bbox 289 1135 957 1174; baseline -0.003 -6"><span class='ocrx_word' id='word_1_97' title='bbox 289 1137 375 1168; x_wconf 87' lang='lat' dir='ltr'>ibid.</span> <span class='ocrx_word' id='word_1_98' title='bbox 393 1149 424 1169; x_wconf 93' lang='lat' dir='ltr'>c.</span> <span class='ocrx_word' id='word_1_99' title='bbox 441 1140 495 1170; x_wconf 87' lang='grc'>46.</span> <span class='ocrx_word' id='word_1_100' title='bbox 521 1142 583 1174; x_wconf 85' lang='lat' dir='ltr'>est,</span> <span class='ocrx_word' id='word_1_101' title='bbox 606 1138 754 1169; x_wconf 48' lang='lat' dir='ltr'>studium.</span> <span class='ocrx_word' id='word_1_102' title='bbox 779 1135 957 1167; x_wconf 79' lang='lat' dir='ltr'>narrando</span> 
     </span>
     <span class='ocr_line' id='line_1_21' title="bbox 287 1178 957 1222; baseline -0.006 -9"><span class='ocrx_word' id='word_1_103' title='bbox 287 1183 459 1222; x_wconf 70' lang='lat' dir='ltr'>injectum.</span> <span class='ocrx_word' id='word_1_104' title='bbox 499 1181 666 1212; x_wconf 76' lang='lat' dir='ltr'>Innatum</span> <span class='ocrx_word' id='word_1_105' title='bbox 682 1181 900 1216; x_wconf 57' lang='lat' dir='ltr'>unammiter,</span> <span class='ocrx_word' id='word_1_106' title='bbox 913 1178 957 1209; x_wconf 85' lang='lat' dir='ltr'>ab</span> 
     </span>
     <span class='ocr_line' id='line_1_22' title="bbox 291 1222 958 1265; baseline -0.006 -9"><span class='ocrx_word' id='word_1_107' title='bbox 291 1224 364 1265; x_wconf 90' lang='lat' dir='ltr'>ipsa</span> <span class='ocrx_word' id='word_1_108' title='bbox 377 1230 499 1256; x_wconf 88' lang='lat' dir='ltr'>natura</span> <span class='ocrx_word' id='word_1_109' title='bbox 513 1223 617 1255; x_wconf 87' lang='lat' dir='ltr'>menti</span> <span class='ocrx_word' id='word_1_110' title='bbox 634 1222 791 1260; x_wconf 85' lang='lat' dir='ltr'>inditum,</span> <span class='ocrx_word' id='word_1_111' title='bbox 802 1223 843 1254; x_wconf 94' lang='lat' dir='ltr'>C.</span> <span class='ocrx_word' id='word_1_112' title='bbox 858 1224 889 1260; x_wconf 85' lang='grc'>3,</span> <span class='ocrx_word' id='word_1_113' title='bbox 903 1224 958 1253; x_wconf 86' lang='grc'>92.</span> 
     </span>
     <span class='ocr_line' id='line_1_23' title="bbox 293 1267 962 1309; baseline -0.004 -10"><span class='ocrx_word' id='word_1_114' title='bbox 293 1267 384 1309; x_wconf 84' lang='lat' dir='ltr'>Ergo</span> <span class='ocrx_word' id='word_1_115' title='bbox 405 1271 563 1300; x_wconf 77' lang='lat' dir='ltr'>innatum</span> <span class='ocrx_word' id='word_1_116' title='bbox 586 1267 677 1308; x_wconf 88' lang='lat' dir='ltr'>apud</span> <span class='ocrx_word' id='word_1_117' title='bbox 700 1267 869 1297; x_wconf 74' lang='lat' dir='ltr'>Caesarem</span> <span class='ocrx_word' id='word_1_118' title='bbox 899 1271 962 1304; x_wconf 87' lang='lat' dir='ltr'>est,</span> 
     </span>
     <span class='ocr_line' id='line_1_24' title="bbox 289 1309 960 1353; baseline -0.004 -11"><span class='ocrx_word' id='word_1_119' title='bbox 289 1321 507 1353; x_wconf 88' lang='lat' dir='ltr'>quocumque</span> <span class='ocrx_word' id='word_1_120' title='bbox 534 1311 637 1341; x_wconf 88' lang='lat' dir='ltr'>modo</span> <span class='ocrx_word' id='word_1_121' title='bbox 661 1309 813 1350; x_wconf 70' lang='lat' dir='ltr'>inlatum!</span> <span class='ocrx_word' id='word_1_122' title='bbox 831 1309 864 1340; x_wconf 92' lang='lat' dir='ltr'>in</span> <span class='ocrx_word' id='word_1_123' title='bbox 887 1309 960 1340; x_wconf 87' lang='lat' dir='ltr'>ani-</span> 
     </span>
     <span class='ocr_line' id='line_1_25' title="bbox 289 1353 960 1396; baseline -0.004 -10"><span class='ocrx_word' id='word_1_124' title='bbox 289 1365 396 1391; x_wconf 84' lang='lat' dir='ltr'>mum.</span> <span class='ocrx_word' id='word_1_125' title='bbox 416 1356 509 1396; x_wconf 84' lang='lat' dir='ltr'>quod</span> <span class='ocrx_word' id='word_1_126' title='bbox 538 1354 653 1386; x_wconf 83' lang='lat' dir='ltr'>animo</span> <span class='ocrx_word' id='word_1_127' title='bbox 674 1363 891 1395; x_wconf 87' lang='lat' dir='ltr'>quacumque</span> <span class='ocrx_word' id='word_1_128' title='bbox 918 1353 960 1384; x_wconf 91' lang='lat' dir='ltr'>de</span> 
     </span>
     <span class='ocr_line' id='line_1_26' title="bbox 292 1398 561 1430; baseline -0.007 0"><span class='ocrx_word' id='word_1_129' title='bbox 292 1409 391 1430; x_wconf 84' lang='lat' dir='ltr'>causa</span> <span class='ocrx_word' id='word_1_130' title='bbox 409 1398 561 1430; x_wconf 87' lang='lat' dir='ltr'>inhaeret.</span> 
     </span>
    </p>

    <p class='ocr_par' dir='ltr' id='par_1_14' title="bbox 252 1439 962 1571">
     <span class='ocr_line' id='line_1_27' title="bbox 252 1439 959 1482; baseline -0.006 -8"><span class='ocrx_word' id='word_1_131' title='bbox 252 1443 448 1474; x_wconf 76' lang='lat' dir='ltr'>Innocenlia</span> <span class='ocrx_word' id='word_1_132' title='bbox 475 1447 525 1473; x_wconf 86' lang='lat' dir='ltr'>est</span> <span class='ocrx_word' id='word_1_133' title='bbox 549 1441 634 1482; x_wconf 79' lang='lat' dir='ltr'>ejus.</span> <span class='ocrx_word' id='word_1_134' title='bbox 655 1439 714 1482; x_wconf 87' lang='lat' dir='ltr'>qui</span> <span class='ocrx_word' id='word_1_135' title='bbox 742 1441 787 1473; x_wconf 86' lang='lat' dir='ltr'>ab</span> <span class='ocrx_word' id='word_1_136' title='bbox 816 1439 959 1471; x_wconf 86' lang='lat' dir='ltr'>avaritia</span> 
     </span>
     <span class='ocr_line' id='line_1_28' title="bbox 294 1485 962 1527; baseline -0.006 -10"><span class='ocrx_word' id='word_1_137' title='bbox 294 1486 362 1517; x_wconf 86' lang='lat' dir='ltr'>sibi</span> <span class='ocrx_word' id='word_1_138' title='bbox 380 1490 558 1527; x_wconf 85' lang='lat' dir='ltr'>temperat,</span> <span class='ocrx_word' id='word_1_139' title='bbox 572 1495 613 1516; x_wconf 88' lang='lat' dir='ltr'>ne</span> <span class='ocrx_word' id='word_1_140' title='bbox 628 1485 749 1527; x_wconf 84' lang='lat' dir='ltr'>injuste</span> <span class='ocrx_word' id='word_1_141' title='bbox 762 1490 851 1525; x_wconf 83' lang='lat' dir='ltr'>agat,</span> <span class='ocrx_word' id='word_1_142' title='bbox 868 1486 962 1521; x_wconf 75' lang='grc'>1,·10.</span> 
     </span>
     <span class='ocr_line' id='line_1_29' title="bbox 291 1528 632 1571; baseline -0.003 -11"><span class='ocrx_word' id='word_1_143' title='bbox 291 1529 367 1560; x_wconf 87' lang='lat' dir='ltr'>Cic.</span> <span class='ocrx_word' id='word_1_144' title='bbox 382 1528 463 1571; x_wconf 88' lang='lat' dir='ltr'>Leg.</span> <span class='ocrx_word' id='word_1_145' title='bbox 478 1528 573 1560; x_wconf 90' lang='lat' dir='ltr'>Man.</span> <span class='ocrx_word' id='word_1_146' title='bbox 596 1531 632 1559; x_wconf 87' lang='grc'>13</span> 
     </span>
    </p>

    <p class='ocr_par' dir='ltr' id='par_1_15' title="bbox 253 1573 967 1701">
     <span class='ocr_line' id='line_1_30' title="bbox 253 1573 961 1611; baseline -0.006 -7"><span class='ocrx_word' id='word_1_147' title='bbox 253 1573 445 1611; x_wconf 61' lang='lat' dir='ltr'>Ira-scientia,</span> <span class='ocrx_word' id='word_1_148' title='bbox 471 1576 503 1609; x_wconf 84' lang='lat'>3,</span> <span class='ocrx_word' id='word_1_149' title='bbox 522 1576 572 1604; x_wconf 83' lang='grc'>19.</span> <span class='ocrx_word' id='word_1_150' title='bbox 601 1575 775 1605; x_wconf 69' lang='lat' dir='ltr'>insciemia</span> <span class='ocrx_word' id='word_1_151' title='bbox 799 1573 961 1609; x_wconf 78' lang='lat' dir='ltr'>Iocorum,</span> 
     </span>
     <span class='ocr_line' id='line_1_31' title="bbox 297 1613 967 1659; baseline -0.006 -11"><span class='ocrx_word' id='word_1_152' title='bbox 297 1619 328 1656; x_wconf 87' lang='lat'>3,</span> <span class='ocrx_word' id='word_1_153' title='bbox 339 1619 371 1648; x_wconf 85' lang='lat'>9.</span> <span class='ocrx_word' id='word_1_154' title='bbox 386 1619 560 1649; x_wconf 73' lang='lat' dir='ltr'>inscientia</span> <span class='ocrx_word' id='word_1_155' title='bbox 569 1626 662 1655; x_wconf 65' lang='lat' dir='ltr'>usus,</span> <span class='ocrx_word' id='word_1_156' title='bbox 675 1615 846 1659; x_wconf 80' lang='lat' dir='ltr'>ignoratio</span> <span class='ocrx_word' id='word_1_157' title='bbox 859 1613 967 1652; x_wconf 84' lang='lat' dir='ltr'>modi,</span> 
     </span>
     <span class='ocr_line' id='line_1_32' title="bbox 293 1660 882 1701; baseline -0.002 -10"><span class='ocrx_word' id='word_1_158' title='bbox 293 1671 363 1701; x_wconf 93' lang='lat' dir='ltr'>quo</span> <span class='ocrx_word' id='word_1_159' title='bbox 380 1661 482 1692; x_wconf 90' lang='lat' dir='ltr'>modo</span> <span class='ocrx_word' id='word_1_160' title='bbox 499 1672 532 1692; x_wconf 86' lang='lat' dir='ltr'>re</span> <span class='ocrx_word' id='word_1_161' title='bbox 550 1661 708 1692; x_wconf 85' lang='lat' dir='ltr'>utendum</span> <span class='ocrx_word' id='word_1_162' title='bbox 725 1660 781 1699; x_wconf 88' lang='lat' dir='ltr'>sit,</span> <span class='ocrx_word' id='word_1_163' title='bbox 795 1663 826 1698; x_wconf 82' lang='lat'>3,</span> <span class='ocrx_word' id='word_1_164' title='bbox 844 1662 882 1690; x_wconf 86' lang='lat'>13</span> 
     </span>
    </p>

    <p class='ocr_par' dir='ltr' id='par_1_16' title="bbox 256 1704 739 1745">
     <span class='ocr_line' id='line_1_33' title="bbox 256 1704 739 1745; baseline 0 -9"><span class='ocrx_word' id='word_1_165' title='bbox 256 1705 453 1743; x_wconf 76' lang='lat' dir='ltr'>Insectaeus,</span> <span class='ocrx_word' id='word_1_166' title='bbox 468 1704 617 1745; x_wconf 84' lang='lat' dir='ltr'>passive,</span> <span class='ocrx_word' id='word_1_167' title='bbox 632 1705 656 1734; x_wconf 82' lang='lat' dir='ltr'>A</span> <span class='ocrx_word' id='word_1_168' title='bbox 663 1705 686 1736; x_wconf 85' lang='lat' dir='ltr'>f.</span> <span class='ocrx_word' id='word_1_169' title='bbox 700 1707 739 1736; x_wconf 78' lang='lat'>71</span> 
     </span>
    </p>

    <p class='ocr_par' dir='ltr' id='par_1_17' title="bbox 255 1746 965 1790">
     <span class='ocr_line' id='line_1_34' title="bbox 255 1746 965 1790; baseline -0.004 -11"><span class='ocrx_word' id='word_1_170' title='bbox 255 1749 426 1780; x_wconf 68' lang='lat' dir='ltr'>Inservire</span> <span class='ocrx_word' id='word_1_171' title='bbox 450 1750 555 1779; x_wconf 68' lang='lat' dir='ltr'>alicui</span> <span class='ocrx_word' id='word_1_172' title='bbox 577 1750 637 1786; x_wconf 82' lang='lat' dir='ltr'>rei,</span> <span class='ocrx_word' id='word_1_173' title='bbox 662 1748 695 1779; x_wconf 91' lang='lat' dir='ltr'>ei</span> <span class='ocrx_word' id='word_1_174' title='bbox 721 1756 859 1790; x_wconf 84' lang='lat' dir='ltr'>operam</span> <span class='ocrx_word' id='word_1_175' title='bbox 876 1746 965 1782; x_wconf 85' lang='lat' dir='ltr'>dare,</span> 
     </span>
    </p>

    <p class='ocr_par' dir='ltr' id='par_1_18' title="bbox 255 1835 680 1874">
     <span class='ocr_line' id='line_1_35' title="bbox 255 1835 680 1874; baseline -0.002 -8"><span class='ocrx_word' id='word_1_176' title='bbox 255 1835 409 1874; x_wconf 64' lang='lat' dir='ltr'>Insidiae,</span> <span class='ocrx_word' id='word_1_177' title='bbox 423 1835 566 1873; x_wconf 83' lang='lat' dir='ltr'>fraudes,</span> <span class='ocrx_word' id='word_1_178' title='bbox 592 1837 623 1873; x_wconf 91' lang='grc'>1,</span> <span class='ocrx_word' id='word_1_179' title='bbox 641 1837 680 1866; x_wconf 83' lang='grc'>13</span> 
     </span>
    </p>

    <p class='ocr_par' dir='ltr' id='par_1_19' title="bbox 256 1878 968 2443">
     <span class='ocr_line' id='line_1_36' title="bbox 256 1878 966 1920; baseline -0.006 -10"><span class='ocrx_word' id='word_1_180' title='bbox 256 1879 408 1919; x_wconf 58' lang='lat' dir='ltr'>Ins—mne,</span> <span class='ocrx_word' id='word_1_181' title='bbox 422 1878 568 1919; x_wconf 88' lang='lat' dir='ltr'>signum,</span> <span class='ocrx_word' id='word_1_182' title='bbox 592 1879 624 1917; x_wconf 83' lang='lat'>7,</span> <span class='ocrx_word' id='word_1_183' title='bbox 641 1881 695 1910; x_wconf 89' lang='lat'>50.</span> <span class='ocrx_word' id='word_1_184' title='bbox 716 1880 851 1920; x_wconf 60' lang='lat' dir='ltr'>insigne</span> <span class='ocrx_word' id='word_1_185' title='bbox 865 1878 966 1908; x_wconf 69' lang='lat' dir='ltr'>naris</span> 
     </span>
     <span class='ocr_line' id='line_1_37' title="bbox 300 1922 965 1963; baseline -0.008 -8"><span class='ocrx_word' id='word_1_186' title='bbox 300 1923 490 1961; x_wconf 74' lang='lat' dir='ltr'>Praecore&#39;oe,</span> <span class='ocrx_word' id='word_1_187' title='bbox 511 1922 549 1953; x_wconf 83' lang='lat' dir='ltr'>C.</span> <span class='ocrx_word' id='word_1_188' title='bbox 567 1925 599 1959; x_wconf 79' lang='lat'>2,</span> <span class='ocrx_word' id='word_1_189' title='bbox 623 1924 653 1953; x_wconf 87' lang='lat'>6.</span> <span class='ocrx_word' id='word_1_190' title='bbox 677 1925 826 1963; x_wconf 70' lang='lat' dir='ltr'>itzsiym&#39;a</span> <span class='ocrx_word' id='word_1_191' title='bbox 849 1922 965 1963; x_wconf 64' lang='lat' dir='ltr'>galea-</span> 
     </span>
     <span class='ocr_line' id='line_1_38' title="bbox 297 1965 966 2005; baseline -0.006 -7"><span class='ocrx_word' id='word_1_192' title='bbox 297 1977 390 2005; x_wconf 75' lang='lat' dir='ltr'>rum,</span> <span class='ocrx_word' id='word_1_193' title='bbox 398 1972 594 1997; x_wconf 82' lang='lat' dir='ltr'>ornamenta</span> <span class='ocrx_word' id='word_1_194' title='bbox 603 1965 807 2002; x_wconf 81' lang='lat' dir='ltr'>adventicia,</span> <span class='ocrx_word' id='word_1_195' title='bbox 815 1970 852 1996; x_wconf 88' lang='lat' dir='ltr'>ut</span> <span class='ocrx_word' id='word_1_196' title='bbox 861 1965 966 2003; x_wconf 73' lang='lat' dir='ltr'>galeae</span> 
     </span>
     <span class='ocr_line' id='line_1_39' title="bbox 299 2008 964 2050; baseline -0.003 -10"><span class='ocrx_word' id='word_1_197' title='bbox 299 2010 467 2050; x_wconf 72' lang='lat' dir='ltr'>fulgerent</span> <span class='ocrx_word' id='word_1_198' title='bbox 492 2020 534 2040; x_wconf 90' lang='lat' dir='ltr'>eo</span> <span class='ocrx_word' id='word_1_199' title='bbox 564 2008 684 2048; x_wconf 81' lang='lat' dir='ltr'>magis,</span> <span class='ocrx_word' id='word_1_200' title='bbox 710 2011 742 2046; x_wconf 90' lang='grc'>2,</span> <span class='ocrx_word' id='word_1_201' title='bbox 768 2010 823 2039; x_wconf 90' lang='grc'>21.</span> <span class='ocrx_word' id='word_1_202' title='bbox 853 2010 886 2046; x_wconf 82' lang='grc'>7,</span> <span class='ocrx_word' id='word_1_203' title='bbox 911 2011 964 2039; x_wconf 77' lang='grc'>45.</span> 
     </span>
     <span class='ocr_line' id='line_1_40' title="bbox 299 2051 967 2093; baseline -0.001 -10"><span class='ocrx_word' id='word_1_204' title='bbox 299 2053 415 2083; x_wconf 87' lang='lat' dir='ltr'>Etiam</span> <span class='ocrx_word' id='word_1_205' title='bbox 447 2055 546 2090; x_wconf 90' lang='grc'>1,22.</span> <span class='ocrx_word' id='word_1_206' title='bbox 570 2051 791 2093; x_wconf 83' lang='lat' dir='ltr'>intelligenda</span> <span class='ocrx_word' id='word_1_207' title='bbox 813 2057 888 2083; x_wconf 87' lang='lat' dir='ltr'>sunt</span> <span class='ocrx_word' id='word_1_208' title='bbox 914 2061 967 2082; x_wconf 91' lang='lat' dir='ltr'>ar-</span> 
     </span>
     <span class='ocr_line' id='line_1_41' title="bbox 300 2095 966 2127; baseline -0.002 0"><span class='ocrx_word' id='word_1_209' title='bbox 300 2106 432 2127; x_wconf 85' lang='lat' dir='ltr'>morum</span> <span class='ocrx_word' id='word_1_210' title='bbox 475 2101 682 2127; x_wconf 83' lang='lat' dir='ltr'>ornamenta.</span> <span class='ocrx_word' id='word_1_211' title='bbox 741 2095 844 2126; x_wconf 89' lang='lat' dir='ltr'>Tales</span> <span class='ocrx_word' id='word_1_212' title='bbox 890 2102 966 2126; x_wconf 86' lang='lat' dir='ltr'>sunt</span> 
     </span>
     <span class='ocr_line' id='line_1_42' title="bbox 300 2138 966 2180; baseline -0.002 -10"><span class='ocrx_word' id='word_1_213' title='bbox 300 2141 394 2180; x_wconf 86' lang='lat' dir='ltr'>apud</span> <span class='ocrx_word' id='word_1_214' title='bbox 408 2139 491 2170; x_wconf 90' lang='lat' dir='ltr'>Tac.</span> <span class='ocrx_word' id='word_1_215' title='bbox 508 2140 595 2170; x_wconf 89' lang='lat' dir='ltr'>Ann.</span> <span class='ocrx_word' id='word_1_216' title='bbox 614 2141 643 2176; x_wconf 87' lang='lat' dir='ltr'>l,</span> <span class='ocrx_word' id='word_1_217' title='bbox 657 2142 710 2169; x_wconf 74' lang='grc'>24.</span> <span class='ocrx_word' id='word_1_218' title='bbox 728 2138 856 2170; x_wconf 82' lang='lat' dir='ltr'>milites</span> <span class='ocrx_word' id='word_1_219' title='bbox 877 2139 966 2170; x_wconf 84' lang='lat' dir='ltr'>sedi-</span> 
     </span>
     <span class='ocr_line' id='line_1_43' title="bbox 300 2181 965 2223; baseline 0 -9"><span class='ocrx_word' id='word_1_220' title='bbox 300 2183 396 2221; x_wconf 84' lang='lat' dir='ltr'>tiosi,</span> <span class='ocrx_word' id='word_1_221' title='bbox 409 2193 476 2214; x_wconf 88' lang='lat' dir='ltr'>non</span> <span class='ocrx_word' id='word_1_222' title='bbox 491 2182 657 2223; x_wconf 82' lang='lat' dir='ltr'>fulgentes</span> <span class='ocrx_word' id='word_1_223' title='bbox 671 2181 871 2222; x_wconf 79' lang='lat' dir='ltr'>insignibus,</span> <span class='ocrx_word' id='word_1_224' title='bbox 888 2184 922 2214; x_wconf 90' lang='lat' dir='ltr'>h.</span> <span class='ocrx_word' id='word_1_225' title='bbox 933 2193 965 2214; x_wconf 91' lang='lat' dir='ltr'>e.</span> 
     </span>
     <span class='ocr_line' id='line_1_44' title="bbox 301 2226 968 2268; baseline 0.001 -11"><span class='ocrx_word' id='word_1_226' title='bbox 301 2237 367 2257; x_wconf 86' lang='lat' dir='ltr'>non</span> <span class='ocrx_word' id='word_1_227' title='bbox 388 2226 588 2258; x_wconf 85' lang='lat' dir='ltr'>addiderunt</span> <span class='ocrx_word' id='word_1_228' title='bbox 603 2226 711 2268; x_wconf 83' lang='lat' dir='ltr'>galeis</span> <span class='ocrx_word' id='word_1_229' title='bbox 732 2231 765 2256; x_wconf 89' lang='lat' dir='ltr'>et</span> <span class='ocrx_word' id='word_1_230' title='bbox 779 2227 884 2257; x_wconf 86' lang='lat' dir='ltr'>armis</span> <span class='ocrx_word' id='word_1_231' title='bbox 899 2226 968 2258; x_wconf 87' lang='lat' dir='ltr'>suis</span> 
     </span>
     <span class='ocr_line' id='line_1_45' title="bbox 302 2269 968 2310; baseline -0.002 -8"><span class='ocrx_word' id='word_1_232' title='bbox 302 2275 512 2307; x_wconf 84' lang='lat' dir='ltr'>ornamenta,</span> <span class='ocrx_word' id='word_1_233' title='bbox 528 2269 611 2310; x_wconf 88' lang='lat' dir='ltr'>quia</span> <span class='ocrx_word' id='word_1_234' title='bbox 626 2270 788 2301; x_wconf 85' lang='lat' dir='ltr'>volebant</span> <span class='ocrx_word' id='word_1_235' title='bbox 802 2270 918 2301; x_wconf 88' lang='lat' dir='ltr'>miseri</span> <span class='ocrx_word' id='word_1_236' title='bbox 935 2276 968 2301; x_wconf 91' lang='lat' dir='ltr'>et</span> 
     </span>
     <span class='ocr_line' id='line_1_46' title="bbox 302 2313 966 2354; baseline -0.002 -9"><span class='ocrx_word' id='word_1_237' title='bbox 302 2314 415 2345; x_wconf 79' lang='lat' dir='ltr'>moesti</span> <span class='ocrx_word' id='word_1_238' title='bbox 444 2314 565 2345; x_wconf 84' lang='lat' dir='ltr'>videri.</span> <span class='ocrx_word' id='word_1_239' title='bbox 622 2313 762 2354; x_wconf 86' lang='lat' dir='ltr'>Lipsius</span> <span class='ocrx_word' id='word_1_240' title='bbox 791 2320 903 2345; x_wconf 83' lang='lat' dir='ltr'>tamen</span> <span class='ocrx_word' id='word_1_241' title='bbox 934 2313 966 2344; x_wconf 90' lang='lat' dir='ltr'>in</span> 
     </span>
     <span class='ocr_line' id='line_1_47' title="bbox 303 2357 967 2391; baseline -0.002 -2"><span class='ocrx_word' id='word_1_242' title='bbox 303 2359 457 2389; x_wconf 79' lang='lat' dir='ltr'>Excursu</span> <span class='ocrx_word' id='word_1_243' title='bbox 483 2358 525 2388; x_wconf 89' lang='lat' dir='ltr'>ad</span> <span class='ocrx_word' id='word_1_244' title='bbox 543 2357 640 2388; x_wconf 86' lang='lat' dir='ltr'>illum</span> <span class='ocrx_word' id='word_1_245' title='bbox 665 2358 779 2389; x_wconf 82' lang='lat' dir='ltr'>locum</span> <span class='ocrx_word' id='word_1_246' title='bbox 795 2357 898 2391; x_wconf 82' lang='lat' dir='ltr'>aliam</span> <span class='ocrx_word' id='word_1_247' title='bbox 917 2357 967 2388; x_wconf 91' lang='lat' dir='ltr'>in-</span> 
     </span>
     <span class='ocr_line' id='line_1_48' title="bbox 301 2400 804 2443; baseline 0 -11"><span class='ocrx_word' id='word_1_248' title='bbox 301 2400 577 2443; x_wconf 83' lang='lat' dir='ltr'>terpretationem</span> <span class='ocrx_word' id='word_1_249' title='bbox 593 2406 727 2432; x_wconf 88' lang='lat' dir='ltr'>secutus</span> <span class='ocrx_word' id='word_1_250' title='bbox 741 2406 804 2432; x_wconf 88' lang='lat' dir='ltr'>est.</span> 
     </span>
    </p>

    <p class='ocr_par' dir='ltr' id='par_1_20' title="bbox 263 2446 970 2618">
     <span class='ocr_line' id='line_1_49' title="bbox 263 2446 967 2486; baseline -0.004 -8"><span class='ocrx_word' id='word_1_251' title='bbox 263 2446 419 2478; x_wconf 75' lang='lat' dir='ltr'>Insislere</span> <span class='ocrx_word' id='word_1_252' title='bbox 444 2447 613 2475; x_wconf 73' lang='lat' dir='ltr'>ratiaemem</span> <span class='ocrx_word' id='word_1_253' title='bbox 641 2455 779 2486; x_wconf 69' lang='lat' dir='ltr'>puq‘noe,</span> <span class='ocrx_word' id='word_1_254' title='bbox 808 2446 838 2483; x_wconf 79' lang='grc'>3,</span> <span class='ocrx_word' id='word_1_255' title='bbox 857 2447 907 2476; x_wconf 89' lang='grc'>14.</span> <span class='ocrx_word' id='word_1_256' title='bbox 932 2450 967 2475; x_wconf 87' lang='lat' dir='ltr'>ut</span> 
     </span>
     <span class='ocr_line' id='line_1_50' title="bbox 303 2488 968 2526; baseline -0.003 -6"><span class='ocrx_word' id='word_1_257' title='bbox 303 2491 454 2520; x_wconf 72' lang='lat' dir='ltr'>insistere</span> <span class='ocrx_word' id='word_1_258' title='bbox 474 2491 578 2520; x_wconf 76' lang='lat' dir='ltr'>viam.</span> <span class='ocrx_word' id='word_1_259' title='bbox 623 2489 759 2519; x_wconf 84' lang='lat' dir='ltr'>Terent.</span> <span class='ocrx_word' id='word_1_260' title='bbox 776 2488 914 2520; x_wconf 86' lang='lat' dir='ltr'>Phorm.</span> <span class='ocrx_word' id='word_1_261' title='bbox 939 2491 968 2526; x_wconf 90' lang='lat' dir='ltr'>l,</span> 
     </span>
     <span class='ocr_line' id='line_1_51' title="bbox 305 2532 970 2572; baseline -0.002 -8"><span class='ocrx_word' id='word_1_262' title='bbox 305 2537 337 2572; x_wconf 88' lang='lat'>4,</span> <span class='ocrx_word' id='word_1_263' title='bbox 356 2536 406 2564; x_wconf 84' lang='lat'>15.</span> <span class='ocrx_word' id='word_1_264' title='bbox 432 2533 553 2563; x_wconf 72' lang='lat' dir='ltr'>Animo</span> <span class='ocrx_word' id='word_1_265' title='bbox 568 2534 720 2564; x_wconf 76' lang='lat' dir='ltr'>insistere</span> <span class='ocrx_word' id='word_1_266' title='bbox 737 2532 970 2570; x_wconf 82' lang='lat' dir='ltr'>(incumbere)</span> 
     </span>
     <span class='ocr_line' id='line_1_52' title="bbox 305 2576 584 2618; baseline -0.007 -11"><span class='ocrx_word' id='word_1_267' title='bbox 305 2579 343 2608; x_wconf 66' lang='lat' dir='ltr'>‘in</span> <span class='ocrx_word' id='word_1_268' title='bbox 357 2576 502 2618; x_wconf 77' lang='lat' dir='ltr'>aliquid,</span> <span class='ocrx_word' id='word_1_269' title='bbox 519 2577 550 2614; x_wconf 85' lang='grc'>6,</span> <span class='ocrx_word' id='word_1_270' title='bbox 566 2579 584 2606; x_wconf 91' lang='grc'>5</span> 
     </span>
    </p>

    <p class='ocr_par' dir='ltr' id='par_1_21' title="bbox 264 2618 974 2924">
     <span class='ocr_line' id='line_1_53' title="bbox 264 2618 969 2660; baseline -0.001 -9"><span class='ocrx_word' id='word_1_271' title='bbox 264 2621 426 2658; x_wconf 66' lang='grc' dir='ltr'>Ιηςοίρηε,</span> <span class='ocrx_word' id='word_1_272' title='bbox 454 2618 513 2660; x_wconf 87' lang='lat' dir='ltr'>qui</span> <span class='ocrx_word' id='word_1_273' title='bbox 545 2619 681 2650; x_wconf 87' lang='lat' dir='ltr'>inflatus</span> <span class='ocrx_word' id='word_1_274' title='bbox 709 2618 838 2657; x_wconf 87' lang='lat' dir='ltr'>animo,</span> <span class='ocrx_word' id='word_1_275' title='bbox 873 2625 969 2660; x_wconf 87' lang='lat' dir='ltr'>petu-</span> 
     </span>
     <span class='ocr_line' id='line_1_54' title="bbox 306 2663 968 2704; baseline 0 -10"><span class='ocrx_word' id='word_1_276' title='bbox 306 2664 432 2695; x_wconf 88' lang='lat' dir='ltr'>lantius</span> <span class='ocrx_word' id='word_1_277' title='bbox 447 2669 481 2693; x_wconf 91' lang='lat' dir='ltr'>et</span> <span class='ocrx_word' id='word_1_278' title='bbox 497 2663 680 2703; x_wconf 89' lang='lat' dir='ltr'>superbius</span> <span class='ocrx_word' id='word_1_279' title='bbox 703 2674 737 2694; x_wconf 86' lang='lat' dir='ltr'>se</span> <span class='ocrx_word' id='word_1_280' title='bbox 752 2664 851 2704; x_wconf 83' lang='lat' dir='ltr'>gerit,</span> <span class='ocrx_word' id='word_1_281' title='bbox 866 2666 898 2701; x_wconf 89' lang='lat'>8,</span> <span class='ocrx_word' id='word_1_282' title='bbox 917 2665 968 2694; x_wconf 81' lang='lat'>13.</span> 
     </span>
     <span class='ocr_line' id='line_1_55' title="bbox 308 2706 972 2748; baseline 0 -10"><span class='ocrx_word' id='word_1_283' title='bbox 308 2717 435 2748; x_wconf 89' lang='lat' dir='ltr'>oppon.</span> <span class='ocrx_word' id='word_1_284' title='bbox 448 2707 597 2738; x_wconf 76' lang='lat' dir='ltr'>timidus.</span> <span class='ocrx_word' id='word_1_285' title='bbox 641 2706 705 2737; x_wconf 85' lang='lat' dir='ltr'>Sed</span> <span class='ocrx_word' id='word_1_286' title='bbox 720 2707 798 2738; x_wconf 74' lang='lat' dir='ltr'>belli</span> <span class='ocrx_word' id='word_1_287' title='bbox 814 2709 972 2745; x_wconf 66' lang='lat' dir='ltr'>insolens,</span> 
     </span>
     <span class='ocr_line' id='line_1_56' title="bbox 309 2750 971 2789; baseline -0.002 -7"><span class='ocrx_word' id='word_1_288' title='bbox 309 2752 350 2782; x_wconf 89' lang='lat' dir='ltr'>C.</span> <span class='ocrx_word' id='word_1_289' title='bbox 367 2755 400 2789; x_wconf 91' lang='grc'>2,</span> <span class='ocrx_word' id='word_1_290' title='bbox 416 2751 470 2781; x_wconf 87' lang='grc'>36.</span> <span class='ocrx_word' id='word_1_291' title='bbox 498 2750 531 2780; x_wconf 89' lang='lat' dir='ltr'>ei</span> <span class='ocrx_word' id='word_1_292' title='bbox 554 2761 621 2781; x_wconf 87' lang='lat' dir='ltr'>non</span> <span class='ocrx_word' id='word_1_293' title='bbox 648 2751 817 2782; x_wconf 82' lang='lat' dir='ltr'>adsuetus.</span> <span class='ocrx_word' id='word_1_294' title='bbox 845 2751 889 2782; x_wconf 86' lang='lat' dir='ltr'>cf.</span> <span class='ocrx_word' id='word_1_295' title='bbox 910 2751 971 2782; x_wconf 74' lang='lat' dir='ltr'>In-</span> 
     </span>
     <span class='ocr_line' id='line_1_57' title="bbox 308 2793 973 2827; baseline -0.002 -1"><span class='ocrx_word' id='word_1_296' title='bbox 308 2797 435 2827; x_wconf 68' lang='lat' dir='ltr'>solitus.</span> <span class='ocrx_word' id='word_1_297' title='bbox 470 2793 604 2824; x_wconf 82' lang='lat' dir='ltr'>Sallust.</span> <span class='ocrx_word' id='word_1_298' title='bbox 624 2794 663 2825; x_wconf 88' lang='lat' dir='ltr'>C.</span> <span class='ocrx_word' id='word_1_299' title='bbox 682 2796 712 2825; x_wconf 84' lang='lat'>3.</span> <span class='ocrx_word' id='word_1_300' title='bbox 736 2797 875 2826; x_wconf 72' lang='lat' dir='ltr'>animm</span> <span class='ocrx_word' id='word_1_301' title='bbox 897 2805 973 2825; x_wconf 70' lang='lat' dir='ltr'>mrt-</span> 
     </span>
     <span class='ocr_line' id='line_1_58' title="bbox 308 2839 974 2871; baseline 0.002 -1"><span class='ocrx_word' id='word_1_302' title='bbox 308 2841 424 2870; x_wconf 74' lang='lat' dir='ltr'>larum</span> <span class='ocrx_word' id='word_1_303' title='bbox 456 2840 584 2869; x_wconf 78' lang='lat' dir='ltr'>artium</span> <span class='ocrx_word' id='word_1_304' title='bbox 619 2839 776 2869; x_wconf 66' lang='lat' dir='ltr'>insolens.</span> <span class='ocrx_word' id='word_1_305' title='bbox 825 2839 974 2871; x_wconf 78' lang='lat' dir='ltr'>Insolens</span> 
     </span>
     <span class='ocr_line' id='line_1_59' title="bbox 310 2881 778 2924; baseline -0.004 -10"><span class='ocrx_word' id='word_1_306' title='bbox 310 2884 477 2924; x_wconf 71' lang='lat' dir='ltr'>voluptas.</span> <span class='ocrx_word' id='word_1_307' title='bbox 492 2881 663 2920; x_wconf 77' lang='lat' dir='ltr'>inusitata,</span> <span class='ocrx_word' id='word_1_308' title='bbox 685 2883 725 2913; x_wconf 82' lang='lat' dir='ltr'>A.</span> <span class='ocrx_word' id='word_1_309' title='bbox 740 2882 778 2913; x_wconf 84' lang='lat'>51</span> 
     </span>
    </p>
   </div>
   <div class='ocr_carea' id='block_1_3' title="bbox 1637 222 1721 268">
    <p class='ocr_par' dir='ltr' id='par_1_22' title="bbox 1637 222 1721 268">
     <span class='ocr_line' id='line_1_60' title="bbox 1637 222 1721 268; baseline 0 -1"><span class='ocrx_word' id='word_1_310' title='bbox 1637 222 1721 268; x_wconf 77' lang='lat'>655</span> 
     </span>
    </p>
   </div>
   <div class='ocr_carea' id='block_1_4' title="bbox 1017 351 1744 2527">
    <p class='ocr_par' dir='ltr' id='par_1_23' title="bbox 1017 351 1722 517">
     <span class='ocr_line' id='line_1_61' title="bbox 1017 351 1721 396; baseline -0.001 -11"><span class='ocrx_word' id='word_1_311' title='bbox 1017 355 1202 387; x_wconf 58' lang='lat' dir='ltr'>Ins-olentem·</span> <span class='ocrx_word' id='word_1_312' title='bbox 1216 355 1374 396; x_wconf 70' lang='grc' dir='ltr'>ρίονίανί,</span> <span class='ocrx_word' id='word_1_313' title='bbox 1389 351 1468 385; x_wconf 71' lang='grc' dir='ltr'>οηὶη</span> <span class='ocrx_word' id='word_1_314' title='bbox 1481 351 1626 385; x_wconf 87' lang='lat' dir='ltr'>aliorum</span> <span class='ocrx_word' id='word_1_315' title='bbox 1640 361 1721 384; x_wconf 88' lang='lat' dir='ltr'>con-</span> 
     </span>
     <span class='ocr_line' id='line_1_62' title="bbox 1060 398 1722 436; baseline -0.002 -7"><span class='ocrx_word' id='word_1_316' title='bbox 1060 399 1202 430; x_wconf 83' lang='lat' dir='ltr'>tumelia</span> <span class='ocrx_word' id='word_1_317' title='bbox 1216 404 1248 429; x_wconf 88' lang='lat' dir='ltr'>et</span> <span class='ocrx_word' id='word_1_318' title='bbox 1266 398 1430 436; x_wconf 84' lang='lat' dir='ltr'>irrisione,</span> <span class='ocrx_word' id='word_1_319' title='bbox 1459 399 1487 435; x_wconf 91' lang='lat' dir='ltr'>l,</span> <span class='ocrx_word' id='word_1_320' title='bbox 1506 399 1558 428; x_wconf 89' lang='lat'>14.</span> <span class='ocrx_word' id='word_1_321' title='bbox 1578 398 1722 428; x_wconf 60' lang='lat' dir='ltr'>incolen-</span> 
     </span>
     <span class='ocr_line' id='line_1_63' title="bbox 1060 440 1722 483; baseline -0.002 -11"><span class='ocrx_word' id='word_1_322' title='bbox 1060 448 1110 473; x_wconf 79' lang='lat' dir='ltr'>rer</span> <span class='ocrx_word' id='word_1_323' title='bbox 1125 444 1266 483; x_wconf 74' lang='lat' dir='ltr'>insequi,</span> <span class='ocrx_word' id='word_1_324' title='bbox 1280 442 1321 473; x_wconf 88' lang='lat' dir='ltr'>C.</span> <span class='ocrx_word' id='word_1_325' title='bbox 1340 445 1369 480; x_wconf 85' lang='lat' dir='ltr'>l,</span> <span class='ocrx_word' id='word_1_326' title='bbox 1385 445 1439 473; x_wconf 88' lang='lat'>45.</span> <span class='ocrx_word' id='word_1_327' title='bbox 1463 443 1503 473; x_wconf 92' lang='lat' dir='ltr'>A.</span> <span class='ocrx_word' id='word_1_328' title='bbox 1518 442 1573 472; x_wconf 78' lang='lat'>27.</span> <span class='ocrx_word' id='word_1_329' title='bbox 1596 440 1642 472; x_wconf 82' lang='lat' dir='ltr'>cf.</span> <span class='ocrx_word' id='word_1_330' title='bbox 1661 441 1722 472; x_wconf 81' lang='lat' dir='ltr'>In-</span> 
     </span>
     <span class='ocr_line' id='line_1_64' title="bbox 1059 487 1252 517; baseline -0.005 0"><span class='ocrx_word' id='word_1_331' title='bbox 1059 487 1252 517; x_wconf 74' lang='lat' dir='ltr'>toleranter.</span> 
     </span>
    </p>

    <p class='ocr_par' dir='ltr' id='par_1_24' title="bbox 1020 528 1498 571">
     <span class='ocr_line' id='line_1_65' title="bbox 1020 528 1498 571; baseline 0 -13"><span class='ocrx_word' id='word_1_332' title='bbox 1020 529 1213 566; x_wconf 77' lang='lat' dir='ltr'>Jmolertia,</span> <span class='ocrx_word' id='word_1_333' title='bbox 1237 528 1326 571; x_wconf 64' lang='grc' dir='ltr'>ῧβξις,</span> <span class='ocrx_word' id='word_1_334' title='bbox 1349 528 1390 559; x_wconf 87' lang='lat' dir='ltr'>C.</span> <span class='ocrx_word' id='word_1_335' title='bbox 1411 531 1440 566; x_wconf 86' lang='lat' dir='ltr'>l,</span> <span class='ocrx_word' id='word_1_336' title='bbox 1458 529 1498 558; x_wconf 86' lang='grc'>32</span> 
     </span>
    </p>

    <p class='ocr_par' dir='ltr' id='par_1_25' title="bbox 1019 571 1726 689">
     <span class='ocr_line' id='line_1_66' title="bbox 1019 571 1724 610; baseline -0.001 -7"><span class='ocrx_word' id='word_1_337' title='bbox 1019 571 1178 603; x_wconf 73' lang='lat' dir='ltr'>Insolitus</span> <span class='ocrx_word' id='word_1_338' title='bbox 1206 572 1252 603; x_wconf 76' lang='lat' dir='ltr'>ad</span> <span class='ocrx_word' id='word_1_339' title='bbox 1279 573 1429 603; x_wconf 82' lang='lat' dir='ltr'>laborem</span> <span class='ocrx_word' id='word_1_340' title='bbox 1457 574 1631 610; x_wconf 70' lang='lat' dir='ltr'>exercitus,</span> <span class='ocrx_word' id='word_1_341' title='bbox 1656 581 1724 602; x_wconf 88' lang='lat' dir='ltr'>non</span> 
     </span>
     <span class='ocr_line' id='line_1_67' title="bbox 1061 614 1726 661; baseline 0.003 -17"><span class='ocrx_word' id='word_1_342' title='bbox 1061 615 1221 645; x_wconf 87' lang='lat' dir='ltr'>adsuetus</span> <span class='ocrx_word' id='word_1_343' title='bbox 1238 614 1371 661; x_wconf 68' lang='lat' dir='ltr'>labori,</span> <span class='ocrx_word' id='word_1_344' title='bbox 1395 615 1435 647; x_wconf 90' lang='lat' dir='ltr'>C.</span> <span class='ocrx_word' id='word_1_345' title='bbox 1454 617 1485 654; x_wconf 83' lang='lat'>3,</span> <span class='ocrx_word' id='word_1_346' title='bbox 1510 618 1563 647; x_wconf 89' lang='grc'>85.</span> <span class='ocrx_word' id='word_1_347' title='bbox 1588 615 1726 647; x_wconf 86' lang='lat' dir='ltr'>insolita</span> 
     </span>
     <span class='ocr_line' id='line_1_68' title="bbox 1063 658 1637 689; baseline -0.005 0"><span class='ocrx_word' id='word_1_348' title='bbox 1063 662 1282 689; x_wconf 78' lang='lat' dir='ltr'>constructio.</span> <span class='ocrx_word' id='word_1_349' title='bbox 1634 658 1637 662; x_wconf 91' lang='lat'>&#39;</span> 
     </span>
    </p>

    <p class='ocr_par' dir='ltr' id='par_1_26' title="bbox 1022 701 1726 828">
     <span class='ocr_line' id='line_1_69' title="bbox 1022 701 1725 744; baseline 0.001 -11"><span class='ocrx_word' id='word_1_350' title='bbox 1022 701 1198 734; x_wconf 69' lang='lat' dir='ltr'>Instabilis</span> <span class='ocrx_word' id='word_1_351' title='bbox 1227 706 1335 733; x_wconf 76' lang='lat' dir='ltr'>motus</span> <span class='ocrx_word' id='word_1_352' title='bbox 1363 701 1525 734; x_wconf 82' lang='lat' dir='ltr'>tribuitur</span> <span class='ocrx_word' id='word_1_353' title='bbox 1559 702 1621 741; x_wconf 86' lang='lat' dir='ltr'>rei,</span> <span class='ocrx_word' id='word_1_354' title='bbox 1648 713 1725 744; x_wconf 84' lang='lat' dir='ltr'>quae</span> 
     </span>
     <span class='ocr_line' id='line_1_70' title="bbox 1063 745 1726 783; baseline 0.002 -6"><span class='ocrx_word' id='word_1_355' title='bbox 1063 755 1131 777; x_wconf 90' lang='lat' dir='ltr'>non</span> <span class='ocrx_word' id='word_1_356' title='bbox 1148 745 1207 776; x_wconf 92' lang='lat' dir='ltr'>diu</span> <span class='ocrx_word' id='word_1_357' title='bbox 1223 746 1341 776; x_wconf 89' lang='lat' dir='ltr'>eadem</span> <span class='ocrx_word' id='word_1_358' title='bbox 1357 751 1480 783; x_wconf 83' lang='lat' dir='ltr'>manet,</span> <span class='ocrx_word' id='word_1_359' title='bbox 1493 747 1551 777; x_wconf 89' lang='lat' dir='ltr'>sed</span> <span class='ocrx_word' id='word_1_360' title='bbox 1566 745 1726 778; x_wconf 86' lang='lat' dir='ltr'>omnibus</span> 
     </span>
     <span class='ocr_line' id='line_1_71' title="bbox 1065 788 1642 828; baseline 0 -8"><span class='ocrx_word' id='word_1_361' title='bbox 1065 789 1158 820; x_wconf 87' lang='lat' dir='ltr'>horae</span> <span class='ocrx_word' id='word_1_362' title='bbox 1176 788 1360 820; x_wconf 88' lang='lat' dir='ltr'>momentis</span> <span class='ocrx_word' id='word_1_363' title='bbox 1374 794 1532 827; x_wconf 85' lang='lat' dir='ltr'>mutatur,</span> <span class='ocrx_word' id='word_1_364' title='bbox 1555 793 1586 828; x_wconf 98' lang='lat'>4,</span> <span class='ocrx_word' id='word_1_365' title='bbox 1599 792 1642 820; x_wconf 84' lang='grc'>23</span> 
     </span>
    </p>

    <p class='ocr_par' dir='ltr' id='par_1_27' title="bbox 1023 830 1733 1125">
     <span class='ocr_line' id='line_1_72' title="bbox 1023 830 1729 873; baseline 0 -9"><span class='ocrx_word' id='word_1_366' title='bbox 1023 833 1152 871; x_wconf 76' lang='lat' dir='ltr'>Instar,</span> <span class='ocrx_word' id='word_1_367' title='bbox 1175 832 1375 870; x_wconf 87' lang='lat' dir='ltr'>similitudo,</span> <span class='ocrx_word' id='word_1_368' title='bbox 1396 831 1585 873; x_wconf 80' lang='lat' dir='ltr'>praesertim</span> <span class='ocrx_word' id='word_1_369' title='bbox 1599 830 1729 864; x_wconf 87' lang='lat' dir='ltr'>ratione</span> 
     </span>
     <span class='ocr_line' id='line_1_73' title="bbox 1067 875 1728 916; baseline 0 -9"><span class='ocrx_word' id='word_1_370' title='bbox 1067 876 1309 916; x_wconf 85' lang='lat' dir='ltr'>magnitudinis</span> <span class='ocrx_word' id='word_1_371' title='bbox 1325 881 1359 906; x_wconf 88' lang='lat' dir='ltr'>et</span> <span class='ocrx_word' id='word_1_372' title='bbox 1373 875 1615 907; x_wconf 90' lang='lat' dir='ltr'>multitudinis.</span> <span class='ocrx_word' id='word_1_373' title='bbox 1639 875 1728 907; x_wconf 91' lang='lat' dir='ltr'>Hinc</span> 
     </span>
     <span class='ocr_line' id='line_1_74' title="bbox 1068 921 1733 957; baseline 0 -7"><span class='ocrx_word' id='word_1_374' title='bbox 1068 922 1106 950; x_wconf 90' lang='lat' dir='ltr'>A.</span> <span class='ocrx_word' id='word_1_375' title='bbox 1129 921 1176 950; x_wconf 88' lang='grc'>19.</span> <span class='ocrx_word' id='word_1_376' title='bbox 1202 922 1313 951; x_wconf 63' lang='lat' dir='ltr'>‘Instar</span> <span class='ocrx_word' id='word_1_377' title='bbox 1327 921 1432 951; x_wconf 65' lang='lat' dir='ltr'>trium</span> <span class='ocrx_word' id='word_1_378' title='bbox 1447 921 1645 957; x_wconf 78' lang='lat' dir='ltr'>cohortium,</span> <span class='ocrx_word' id='word_1_379' title='bbox 1669 929 1733 950; x_wconf 85' lang='lat' dir='ltr'>nu—</span> 
     </span>
     <span class='ocr_line' id='line_1_75' title="bbox 1067 963 1732 1004; baseline 0 -10"><span class='ocrx_word' id='word_1_380' title='bbox 1067 973 1181 994; x_wconf 88' lang='lat' dir='ltr'>merus</span> <span class='ocrx_word' id='word_1_381' title='bbox 1197 967 1262 994; x_wconf 87' lang='lat' dir='ltr'>tres</span> <span class='ocrx_word' id='word_1_382' title='bbox 1277 963 1436 994; x_wconf 86' lang='lat' dir='ltr'>cohortes</span> <span class='ocrx_word' id='word_1_383' title='bbox 1450 973 1599 1004; x_wconf 77' lang='lat' dir='ltr'>aequans,</span> <span class='ocrx_word' id='word_1_384' title='bbox 1612 973 1732 994; x_wconf 90' lang='lat' dir='ltr'>nume-</span> 
     </span>
     <span class='ocr_line' id='line_1_76' title="bbox 1068 1007 1732 1047; baseline 0 -9"><span class='ocrx_word' id='word_1_385' title='bbox 1068 1017 1122 1038; x_wconf 89' lang='lat' dir='ltr'>rus</span> <span class='ocrx_word' id='word_1_386' title='bbox 1150 1012 1272 1045; x_wconf 88' lang='lat' dir='ltr'>tantus,</span> <span class='ocrx_word' id='word_1_387' title='bbox 1296 1012 1442 1047; x_wconf 86' lang='lat' dir='ltr'>quantus</span> <span class='ocrx_word' id='word_1_388' title='bbox 1467 1012 1517 1037; x_wconf 91' lang='lat' dir='ltr'>est</span> <span class='ocrx_word' id='word_1_389' title='bbox 1539 1007 1643 1038; x_wconf 89' lang='lat' dir='ltr'>trium</span> <span class='ocrx_word' id='word_1_390' title='bbox 1663 1007 1732 1038; x_wconf 89' lang='lat' dir='ltr'>fere</span> 
     </span>
     <span class='ocr_line' id='line_1_77' title="bbox 1068 1049 1732 1088; baseline 0.002 -7"><span class='ocrx_word' id='word_1_391' title='bbox 1068 1049 1274 1088; x_wconf 86' lang='lat' dir='ltr'>cohortium,</span> <span class='ocrx_word' id='word_1_392' title='bbox 1305 1049 1339 1081; x_wconf 90' lang='lat' dir='ltr'>h.</span> <span class='ocrx_word' id='word_1_393' title='bbox 1356 1059 1387 1081; x_wconf 91' lang='lat' dir='ltr'>e.</span> <span class='ocrx_word' id='word_1_394' title='bbox 1414 1054 1482 1081; x_wconf 83' lang='lat' dir='ltr'>tres</span> <span class='ocrx_word' id='word_1_395' title='bbox 1511 1049 1644 1082; x_wconf 84' lang='lat' dir='ltr'>circiter</span> <span class='ocrx_word' id='word_1_396' title='bbox 1674 1060 1732 1082; x_wconf 92' lang='lat' dir='ltr'>co-</span> 
     </span>
     <span class='ocr_line' id='line_1_78' title="bbox 1067 1093 1193 1125; baseline 0.008 -1"><span class='ocrx_word' id='word_1_397' title='bbox 1067 1093 1193 1125; x_wconf 82' lang='lat' dir='ltr'>hortes.</span> 
     </span>
    </p>

    <p class='ocr_par' dir='ltr' id='par_1_28' title="bbox 1026 1137 1739 1567">
     <span class='ocr_line' id='line_1_79' title="bbox 1026 1137 1734 1177; baseline -0.001 -8"><span class='ocrx_word' id='word_1_398' title='bbox 1026 1137 1205 1169; x_wconf 67' lang='lat' dir='ltr'>Inscitum-e</span> <span class='ocrx_word' id='word_1_399' title='bbox 1221 1139 1366 1177; x_wconf 63' lang='lat' dir='ltr'>remiges</span> <span class='ocrx_word' id='word_1_400' title='bbox 1389 1146 1431 1167; x_wconf 58' lang='grc' dir='ltr'>με</span> <span class='ocrx_word' id='word_1_401' title='bbox 1446 1137 1561 1177; x_wconf 80' lang='lat' dir='ltr'>aliquo</span> <span class='ocrx_word' id='word_1_402' title='bbox 1577 1137 1658 1175; x_wconf 87' lang='lat' dir='ltr'>loco,</span> <span class='ocrx_word' id='word_1_403' title='bbox 1681 1146 1734 1168; x_wconf 87' lang='lat' dir='ltr'>ar-</span> 
     </span>
     <span class='ocr_line' id='line_1_80' title="bbox 1069 1182 1736 1220; baseline -0.003 -8"><span class='ocrx_word' id='word_1_404' title='bbox 1069 1191 1210 1220; x_wconf 84' lang='lat' dir='ltr'>cessere,</span> <span class='ocrx_word' id='word_1_405' title='bbox 1229 1190 1443 1220; x_wconf 86' lang='lat' dir='ltr'>comparare,</span> <span class='ocrx_word' id='word_1_406' title='bbox 1463 1183 1494 1218; x_wconf 85' lang='grc'>3,</span> <span class='ocrx_word' id='word_1_407' title='bbox 1507 1182 1540 1211; x_wconf 86' lang='grc'>9.</span> <span class='ocrx_word' id='word_1_408' title='bbox 1563 1182 1736 1212; x_wconf 65' lang='lat' dir='ltr'>instituere</span> 
     </span>
     <span class='ocr_line' id='line_1_81' title="bbox 1070 1223 1735 1262; baseline -0.002 -7"><span class='ocrx_word' id='word_1_409' title='bbox 1070 1229 1187 1258; x_wconf 78' lang='lat' dir='ltr'>aciem.</span> <span class='ocrx_word' id='word_1_410' title='bbox 1212 1223 1387 1261; x_wconf 83' lang='lat' dir='ltr'>instruere,</span> <span class='ocrx_word' id='word_1_411' title='bbox 1405 1226 1505 1262; x_wconf 79' lang='grc'>3,24.</span> <span class='ocrx_word' id='word_1_412' title='bbox 1530 1226 1561 1262; x_wconf 93' lang='lat'>4,</span> <span class='ocrx_word' id='word_1_413' title='bbox 1581 1226 1630 1254; x_wconf 87' lang='grc'>14.</span> <span class='ocrx_word' id='word_1_414' title='bbox 1678 1223 1735 1254; x_wconf 90' lang='lat' dir='ltr'>Sic</span> 
     </span>
     <span class='ocr_line' id='line_1_82' title="bbox 1072 1268 1738 1309; baseline 0.002 -11"><span class='ocrx_word' id='word_1_415' title='bbox 1072 1268 1125 1298; x_wconf 88' lang='lat' dir='ltr'>Al.</span> <span class='ocrx_word' id='word_1_416' title='bbox 1145 1270 1197 1299; x_wconf 85' lang='grc'>37.</span> <span class='ocrx_word' id='word_1_417' title='bbox 1223 1274 1358 1309; x_wconf 77' lang='lat' dir='ltr'>partem</span> <span class='ocrx_word' id='word_1_418' title='bbox 1382 1270 1558 1309; x_wconf 76' lang='lat' dir='ltr'>copiarum</span> <span class='ocrx_word' id='word_1_419' title='bbox 1582 1269 1738 1306; x_wconf 65' lang='lat' dir='ltr'>instituit,</span> 
     </span>
     <span class='ocr_line' id='line_1_83' title="bbox 1071 1309 1736 1349; baseline 0 -7"><span class='ocrx_word' id='word_1_420' title='bbox 1071 1310 1239 1349; x_wconf 84' lang='lat' dir='ltr'>instruxit,</span> <span class='ocrx_word' id='word_1_421' title='bbox 1258 1316 1295 1341; x_wconf 90' lang='lat' dir='ltr'>ut</span> <span class='ocrx_word' id='word_1_422' title='bbox 1317 1309 1410 1342; x_wconf 87' lang='lat' dir='ltr'>acies</span> <span class='ocrx_word' id='word_1_423' title='bbox 1429 1316 1530 1342; x_wconf 85' lang='lat' dir='ltr'>esset.</span> <span class='ocrx_word' id='word_1_424' title='bbox 1555 1312 1736 1342; x_wconf 68' lang='lat' dir='ltr'>machina-</span> 
     </span>
     <span class='ocr_line' id='line_1_84' title="bbox 1069 1354 1737 1395; baseline -0.001 -9"><span class='ocrx_word' id='word_1_425' title='bbox 1069 1358 1205 1391; x_wconf 72' lang='lat' dir='ltr'>tionem,</span> <span class='ocrx_word' id='word_1_426' title='bbox 1228 1358 1260 1393; x_wconf 83' lang='grc'>2,</span> <span class='ocrx_word' id='word_1_427' title='bbox 1278 1357 1330 1386; x_wconf 79' lang='grc'>30.</span> <span class='ocrx_word' id='word_1_428' title='bbox 1353 1359 1500 1395; x_wconf 74' lang='lat' dir='ltr'>pontem,</span> <span class='ocrx_word' id='word_1_429' title='bbox 1524 1357 1555 1392; x_wconf 86' lang='lat'>4,</span> <span class='ocrx_word' id='word_1_430' title='bbox 1574 1356 1624 1385; x_wconf 90' lang='grc'>18.</span> <span class='ocrx_word' id='word_1_431' title='bbox 1647 1354 1686 1386; x_wconf 88' lang='lat' dir='ltr'>C.</span> <span class='ocrx_word' id='word_1_432' title='bbox 1709 1356 1737 1393; x_wconf 90' lang='lat'>1,</span> 
     </span>
     <span class='ocr_line' id='line_1_85' title="bbox 1073 1397 1738 1437; baseline 0.002 -9"><span class='ocrx_word' id='word_1_433' title='bbox 1073 1402 1128 1429; x_wconf 76' lang='grc'>54.</span> <span class='ocrx_word' id='word_1_434' title='bbox 1151 1409 1261 1437; x_wconf 76' lang='lat' dir='ltr'>naves,</span> <span class='ocrx_word' id='word_1_435' title='bbox 1283 1402 1315 1436; x_wconf 88' lang='lat'>5,</span> <span class='ocrx_word' id='word_1_436' title='bbox 1335 1400 1384 1428; x_wconf 93' lang='lat' dir='ltr'>ll.</span> <span class='ocrx_word' id='word_1_437' title='bbox 1408 1404 1530 1436; x_wconf 71' lang='lat' dir='ltr'>tum-eS,</span> <span class='ocrx_word' id='word_1_438' title='bbox 1546 1397 1738 1436; x_wconf 61' lang='lat' dir='ltr'>tenuatim-3,</span> 
     </span>
     <span class='ocr_line' id='line_1_86' title="bbox 1071 1440 1737 1482; baseline 0 -10"><span class='ocrx_word' id='word_1_439' title='bbox 1071 1445 1287 1480; x_wconf 70' lang='lat' dir='ltr'>munitiones,</span> <span class='ocrx_word' id='word_1_440' title='bbox 1315 1446 1346 1480; x_wconf 87' lang='lat'>5,</span> <span class='ocrx_word' id='word_1_441' title='bbox 1362 1445 1414 1473; x_wconf 85' lang='grc'>52.</span> <span class='ocrx_word' id='word_1_442' title='bbox 1435 1443 1558 1482; x_wconf 68' lang='lat' dir='ltr'>fossas,</span> <span class='ocrx_word' id='word_1_443' title='bbox 1578 1440 1618 1472; x_wconf 88' lang='lat' dir='ltr'>C.</span> <span class='ocrx_word' id='word_1_444' title='bbox 1636 1443 1668 1478; x_wconf 83' lang='grc'>3,</span> <span class='ocrx_word' id='word_1_445' title='bbox 1682 1443 1737 1473; x_wconf 78' lang='grc'>46.</span> 
     </span>
     <span class='ocr_line' id='line_1_87' title="bbox 1069 1484 1739 1524; baseline -0.001 -7"><span class='ocrx_word' id='word_1_446' title='bbox 1069 1484 1218 1524; x_wconf 61' lang='lat' dir='ltr'>officinas</span> <span class='ocrx_word' id='word_1_447' title='bbox 1235 1488 1415 1523; x_wconf 65' lang='lat' dir='ltr'>serv-arias,</span> <span class='ocrx_word' id='word_1_448' title='bbox 1441 1486 1494 1516; x_wconf 80' lang='lat' dir='ltr'>Af.</span> <span class='ocrx_word' id='word_1_449' title='bbox 1511 1487 1565 1516; x_wconf 87' lang='grc'>20.</span> <span class='ocrx_word' id='word_1_450' title='bbox 1589 1489 1626 1516; x_wconf 77' lang='lat' dir='ltr'>ul</span> <span class='ocrx_word' id='word_1_451' title='bbox 1642 1487 1739 1516; x_wconf 73' lang='lat' dir='ltr'>insli-</span> 
     </span>
     <span class='ocr_line' id='line_1_88' title="bbox 1072 1529 1556 1567; baseline -0.002 -8"><span class='ocrx_word' id='word_1_452' title='bbox 1072 1533 1196 1567; x_wconf 70' lang='lat' dir='ltr'>luerat,</span> <span class='ocrx_word' id='word_1_453' title='bbox 1211 1534 1246 1560; x_wconf 88' lang='lat' dir='ltr'>ut</span> <span class='ocrx_word' id='word_1_454' title='bbox 1261 1529 1404 1567; x_wconf 79' lang='lat' dir='ltr'>solebat,</span> <span class='ocrx_word' id='word_1_455' title='bbox 1418 1529 1449 1567; x_wconf 85' lang='grc'>6,</span> <span class='ocrx_word' id='word_1_456' title='bbox 1464 1531 1495 1559; x_wconf 88' lang='grc'>3.</span> <span class='ocrx_word' id='word_1_457' title='bbox 1513 1530 1556 1561; x_wconf 83' lang='grc'>44</span> 
     </span>
    </p>

    <p class='ocr_par' dir='ltr' id='par_1_29' title="bbox 1031 1572 1741 1788">
     <span class='ocr_line' id='line_1_89' title="bbox 1031 1572 1739 1613; baseline 0 -9"><span class='ocrx_word' id='word_1_458' title='bbox 1031 1573 1205 1604; x_wconf 66' lang='lat' dir='ltr'>Instruere</span> <span class='ocrx_word' id='word_1_459' title='bbox 1231 1575 1328 1613; x_wconf 69' lang='lat' dir='ltr'>liqna</span> <span class='ocrx_word' id='word_1_460' title='bbox 1349 1575 1483 1613; x_wconf 78' lang='lat' dir='ltr'>parieti,</span> <span class='ocrx_word' id='word_1_461' title='bbox 1506 1573 1665 1604; x_wconf 88' lang='lat' dir='ltr'>struendo</span> <span class='ocrx_word' id='word_1_462' title='bbox 1687 1572 1739 1604; x_wconf 86' lang='lat' dir='ltr'>in-</span> 
     </span>
     <span class='ocr_line' id='line_1_90' title="bbox 1074 1615 1738 1657; baseline 0 -11"><span class='ocrx_word' id='word_1_463' title='bbox 1074 1626 1183 1647; x_wconf 84' lang='lat' dir='ltr'>serere</span> <span class='ocrx_word' id='word_1_464' title='bbox 1201 1616 1335 1657; x_wconf 80' lang='lat' dir='ltr'>par-ieti,</span> <span class='ocrx_word' id='word_1_465' title='bbox 1356 1617 1572 1654; x_wconf 80' lang='lat' dir='ltr'>einmauern,</span> <span class='ocrx_word' id='word_1_466' title='bbox 1599 1615 1636 1647; x_wconf 87' lang='lat' dir='ltr'>C.</span> <span class='ocrx_word' id='word_1_467' title='bbox 1651 1619 1683 1655; x_wconf 86' lang='grc'>2,</span> <span class='ocrx_word' id='word_1_468' title='bbox 1705 1619 1738 1647; x_wconf 89' lang='lat'>9.</span> 
     </span>
     <span class='ocr_line' id='line_1_91' title="bbox 1072 1660 1740 1701; baseline -0.001 -10"><span class='ocrx_word' id='word_1_469' title='bbox 1072 1663 1240 1692; x_wconf 64' lang='lat' dir='ltr'>‘in-&lt;tmere</span> <span class='ocrx_word' id='word_1_470' title='bbox 1255 1669 1408 1701; x_wconf 69' lang='lat' dir='ltr'>ayqeres,</span> <span class='ocrx_word' id='word_1_471' title='bbox 1425 1664 1563 1698; x_wconf 86' lang='lat' dir='ltr'>struere,</span> <span class='ocrx_word' id='word_1_472' title='bbox 1579 1662 1610 1695; x_wconf 81' lang='lat'>8,</span> <span class='ocrx_word' id='word_1_473' title='bbox 1626 1661 1679 1698; x_wconf 83' lang='lat'>41,</span> <span class='ocrx_word' id='word_1_474' title='bbox 1694 1660 1740 1690; x_wconf 86' lang='lat' dir='ltr'>cf.</span> 
     </span>
     <span class='ocr_line' id='line_1_92' title="bbox 1075 1703 1741 1744; baseline 0 -10"><span class='ocrx_word' id='word_1_475' title='bbox 1075 1705 1200 1744; x_wconf 71' lang='lat' dir='ltr'>Aqqer.</span> <span class='ocrx_word' id='word_1_476' title='bbox 1216 1714 1330 1742; x_wconf 76' lang='lat' dir='ltr'>nat-es,</span> <span class='ocrx_word' id='word_1_477' title='bbox 1343 1703 1556 1735; x_wconf 85' lang='lat' dir='ltr'>armamentis</span> <span class='ocrx_word' id='word_1_478' title='bbox 1573 1712 1690 1735; x_wconf 87' lang='lat' dir='ltr'>ornare</span> <span class='ocrx_word' id='word_1_479' title='bbox 1707 1710 1741 1734; x_wconf 90' lang='lat' dir='ltr'>et</span> 
     </span>
     <span class='ocr_line' id='line_1_93' title="bbox 1072 1747 1648 1788; baseline 0.003 -11"><span class='ocrx_word' id='word_1_480' title='bbox 1072 1747 1200 1788; x_wconf 76' lang='lat' dir='ltr'>quibus</span> <span class='ocrx_word' id='word_1_481' title='bbox 1214 1757 1314 1788; x_wconf 80' lang='lat' dir='ltr'>opus,</span> <span class='ocrx_word' id='word_1_482' title='bbox 1330 1751 1360 1783; x_wconf 84' lang='lat'>5,</span> <span class='ocrx_word' id='word_1_483' title='bbox 1374 1751 1406 1778; x_wconf 94' lang='grc'>2.</span> <span class='ocrx_word' id='word_1_484' title='bbox 1424 1750 1455 1778; x_wconf 90' lang='grc'>5.</span> <span class='ocrx_word' id='word_1_485' title='bbox 1485 1747 1525 1778; x_wconf 91' lang='lat' dir='ltr'>C.</span> <span class='ocrx_word' id='word_1_486' title='bbox 1544 1749 1648 1786; x_wconf 83' lang='grc'>3,100</span> 
     </span>
    </p>

    <p class='ocr_par' dir='ltr' id='par_1_30' title="bbox 1033 1790 1742 1873">
     <span class='ocr_line' id='line_1_94' title="bbox 1033 1790 1742 1832; baseline 0 -10"><span class='ocrx_word' id='word_1_487' title='bbox 1033 1791 1303 1823; x_wconf 67' lang='lat' dir='ltr'>Instrumemum</span> <span class='ocrx_word' id='word_1_488' title='bbox 1325 1791 1555 1829; x_wconf 75' lang='lat' dir='ltr'>hibernorum,</span> <span class='ocrx_word' id='word_1_489' title='bbox 1577 1790 1742 1832; x_wconf 79' lang='lat' dir='ltr'>supellex,</span> 
     </span>
     <span class='ocr_line' id='line_1_95' title="bbox 1075 1837 1267 1873; baseline 0.005 -9"><span class='ocrx_word' id='word_1_490' title='bbox 1075 1844 1166 1873; x_wconf 84' lang='lat' dir='ltr'>vasa,</span> <span class='ocrx_word' id='word_1_491' title='bbox 1183 1839 1213 1872; x_wconf 89' lang='lat'>5,</span> <span class='ocrx_word' id='word_1_492' title='bbox 1230 1837 1267 1865; x_wconf 84' lang='lat'>31</span> 
     </span>
    </p>

    <p class='ocr_par' dir='ltr' id='par_1_31' title="bbox 1034 1877 1598 1919">
     <span class='ocr_line' id='line_1_96' title="bbox 1034 1877 1598 1919; baseline 0.002 -11"><span class='ocrx_word' id='word_1_493' title='bbox 1034 1878 1255 1919; x_wconf 70' lang='lat' dir='ltr'>Insuefactus,</span> <span class='ocrx_word' id='word_1_494' title='bbox 1269 1877 1496 1915; x_wconf 84' lang='lat' dir='ltr'>adsuefactus,</span> <span class='ocrx_word' id='word_1_495' title='bbox 1509 1880 1542 1916; x_wconf 88' lang='grc'>4,</span> <span class='ocrx_word' id='word_1_496' title='bbox 1556 1881 1598 1909; x_wconf 91' lang='grc'>24</span> 
     </span>
    </p>

    <p class='ocr_par' dir='ltr' id='par_1_32' title="bbox 1034 1921 1740 2001">
     <span class='ocr_line' id='line_1_97' title="bbox 1034 1921 1740 1962; baseline 0 -10"><span class='ocrx_word' id='word_1_497' title='bbox 1034 1922 1199 1962; x_wconf 45' lang='lat' dir='ltr'>Inte-tyele,</span> <span class='ocrx_word' id='word_1_498' title='bbox 1215 1923 1245 1960; x_wconf 79' lang='lat'>7,</span> <span class='ocrx_word' id='word_1_499' title='bbox 1259 1924 1311 1954; x_wconf 83' lang='lat'>73.</span> <span class='ocrx_word' id='word_1_500' title='bbox 1341 1922 1381 1953; x_wconf 88' lang='lat' dir='ltr'>C.</span> <span class='ocrx_word' id='word_1_501' title='bbox 1406 1924 1431 1959; x_wconf 92' lang='lat' dir='ltr'>l,</span> <span class='ocrx_word' id='word_1_502' title='bbox 1447 1925 1501 1953; x_wconf 87' lang='grc'>25.</span> <span class='ocrx_word' id='word_1_503' title='bbox 1543 1921 1598 1952; x_wconf 85' lang='lat' dir='ltr'>Cf.</span> <span class='ocrx_word' id='word_1_504' title='bbox 1613 1925 1681 1952; x_wconf 87' lang='lat' dir='ltr'>not.</span> <span class='ocrx_word' id='word_1_505' title='bbox 1696 1921 1740 1952; x_wconf 84' lang='lat' dir='ltr'>ad</span> 
     </span>
     <span class='ocr_line' id='line_1_98' title="bbox 1077 1965 1389 2001; baseline 0.003 -6"><span class='ocrx_word' id='word_1_506' title='bbox 1077 1966 1230 2001; x_wconf 54' lang='lat' dir='ltr'>obtectus,</span> <span class='ocrx_word' id='word_1_507' title='bbox 1247 1965 1285 1997; x_wconf 88' lang='lat' dir='ltr'>C.</span> <span class='ocrx_word' id='word_1_508' title='bbox 1303 1969 1333 2001; x_wconf 77' lang='grc'>3,</span> <span class='ocrx_word' id='word_1_509' title='bbox 1351 1967 1389 1996; x_wconf 88' lang='grc'>19</span> 
     </span>
    </p>

    <p class='ocr_par' dir='ltr' id='par_1_33' title="bbox 1035 2008 1744 2441">
     <span class='ocr_line' id='line_1_99' title="bbox 1035 2008 1742 2049; baseline 0.001 -10"><span class='ocrx_word' id='word_1_510' title='bbox 1035 2008 1225 2048; x_wconf 67' lang='lat' dir='ltr'>Inteqmm,</span> <span class='ocrx_word' id='word_1_511' title='bbox 1245 2010 1284 2039; x_wconf 90' lang='lat' dir='ltr'>A.</span> <span class='ocrx_word' id='word_1_512' title='bbox 1306 2012 1359 2040; x_wconf 77' lang='lat'>35.</span> <span class='ocrx_word' id='word_1_513' title='bbox 1384 2008 1552 2047; x_wconf 82' lang='lat' dir='ltr'>definitur,</span> <span class='ocrx_word' id='word_1_514' title='bbox 1579 2008 1671 2049; x_wconf 75' lang='lat' dir='ltr'><em>quod</em></span> <span class='ocrx_word' id='word_1_515' title='bbox 1693 2009 1742 2040; x_wconf 71' lang='lat' dir='ltr'>ita</span> 
     </span>
     <span class='ocr_line' id='line_1_100' title="bbox 1076 2052 1742 2093; baseline 0 -11"><span class='ocrx_word' id='word_1_516' title='bbox 1076 2056 1134 2089; x_wconf 78' lang='lat' dir='ltr'>est,</span> <span class='ocrx_word' id='word_1_517' title='bbox 1147 2057 1182 2083; x_wconf 80' lang='lat' dir='ltr'>ut</span> <span class='ocrx_word' id='word_1_518' title='bbox 1191 2052 1272 2092; x_wconf 74' lang='lat' dir='ltr'>suit.</span> <span class='ocrx_word' id='word_1_519' title='bbox 1316 2053 1410 2083; x_wconf 74' lang='lat' dir='ltr'>Vires</span> <span class='ocrx_word' id='word_1_520' title='bbox 1429 2054 1580 2093; x_wconf 71' lang='lat' dir='ltr'>inleyroe,</span> <span class='ocrx_word' id='word_1_521' title='bbox 1593 2052 1742 2083; x_wconf 90' lang='lat' dir='ltr'>nondum</span> 
     </span>
     <span class='ocr_line' id='line_1_101' title="bbox 1078 2094 1742 2137; baseline 0 -12"><span class='ocrx_word' id='word_1_522' title='bbox 1078 2094 1268 2127; x_wconf 85' lang='lat' dir='ltr'>imminutae</span> <span class='ocrx_word' id='word_1_523' title='bbox 1285 2095 1477 2137; x_wconf 75' lang='lat' dir='ltr'>pugnando,</span> <span class='ocrx_word' id='word_1_524' title='bbox 1494 2099 1525 2134; x_wconf 87' lang='grc'>3,</span> <span class='ocrx_word' id='word_1_525' title='bbox 1539 2098 1571 2126; x_wconf 89' lang='grc'>4.</span> <span class='ocrx_word' id='word_1_526' title='bbox 1594 2100 1651 2126; x_wconf 87' lang='lat' dir='ltr'>aut</span> <span class='ocrx_word' id='word_1_527' title='bbox 1665 2105 1742 2126; x_wconf 90' lang='lat' dir='ltr'>cur-</span> 
     </span>
     <span class='ocr_line' id='line_1_102' title="bbox 1076 2138 1741 2177; baseline -0.002 -8"><span class='ocrx_word' id='word_1_528' title='bbox 1076 2139 1181 2170; x_wconf 86' lang='lat' dir='ltr'>rendo</span> <span class='ocrx_word' id='word_1_529' title='bbox 1208 2146 1242 2171; x_wconf 87' lang='lat' dir='ltr'>et</span> <span class='ocrx_word' id='word_1_530' title='bbox 1267 2139 1465 2177; x_wconf 87' lang='lat' dir='ltr'>laborando,</span> <span class='ocrx_word' id='word_1_531' title='bbox 1493 2140 1524 2177; x_wconf 88' lang='grc'>3,</span> <span class='ocrx_word' id='word_1_532' title='bbox 1558 2140 1609 2170; x_wconf 89' lang='grc'>19.</span> <span class='ocrx_word' id='word_1_533' title='bbox 1653 2138 1741 2169; x_wconf 88' lang='lat' dir='ltr'>Hinc</span> 
     </span>
     <span class='ocr_line' id='line_1_103' title="bbox 1078 2182 1743 2224; baseline 0 -12"><span class='ocrx_word' id='word_1_534' title='bbox 1078 2185 1201 2224; x_wconf 55' lang='lat' dir='ltr'>&amp;meyri</span> <span class='ocrx_word' id='word_1_535' title='bbox 1221 2182 1362 2214; x_wconf 79' lang='lat' dir='ltr'>defessis</span> <span class='ocrx_word' id='word_1_536' title='bbox 1387 2187 1619 2223; x_wconf 82' lang='lat' dir='ltr'>opponuntur,</span> <span class='ocrx_word' id='word_1_537' title='bbox 1642 2185 1673 2220; x_wconf 91' lang='grc'>5,</span> <span class='ocrx_word' id='word_1_538' title='bbox 1692 2184 1743 2212; x_wconf 87' lang='grc'>16.</span> 
     </span>
     <span class='ocr_line' id='line_1_104' title="bbox 1079 2226 1744 2267; baseline 0 -11"><span class='ocrx_word' id='word_1_539' title='bbox 1079 2227 1110 2264; x_wconf 83' lang='lat'>7,</span> <span class='ocrx_word' id='word_1_540' title='bbox 1125 2229 1178 2257; x_wconf 85' lang='lat'>41.</span> <span class='ocrx_word' id='word_1_541' title='bbox 1205 2226 1260 2257; x_wconf 85' lang='lat' dir='ltr'>Af.</span> <span class='ocrx_word' id='word_1_542' title='bbox 1271 2228 1325 2258; x_wconf 82' lang='lat'>78.</span> <span class='ocrx_word' id='word_1_543' title='bbox 1340 2229 1470 2267; x_wconf 72' lang='lat' dir='ltr'>inteqm·</span> <span class='ocrx_word' id='word_1_544' title='bbox 1481 2227 1581 2264; x_wconf 63' lang='lat' dir='ltr'>locus,</span> <span class='ocrx_word' id='word_1_545' title='bbox 1592 2226 1744 2256; x_wconf 90' lang='lat' dir='ltr'>nondum</span> 
     </span>
     <span class='ocr_line' id='line_1_105' title="bbox 1078 2269 1741 2310; baseline -0.002 -10"><span class='ocrx_word' id='word_1_546' title='bbox 1078 2270 1258 2301; x_wconf 74' lang='lat' dir='ltr'>exhaustus</span> <span class='ocrx_word' id='word_1_547' title='bbox 1297 2269 1504 2310; x_wconf 80' lang='lat' dir='ltr'>pabulando.</span> <span class='ocrx_word' id='word_1_548' title='bbox 1543 2270 1581 2299; x_wconf 91' lang='lat' dir='ltr'>C.</span> <span class='ocrx_word' id='word_1_549' title='bbox 1620 2270 1650 2306; x_wconf 90' lang='lat' dir='ltr'>l,</span> <span class='ocrx_word' id='word_1_550' title='bbox 1687 2270 1741 2300; x_wconf 84' lang='lat'>49.</span> 
     </span>
     <span class='ocr_line' id='line_1_106' title="bbox 1081 2311 1743 2353; baseline -0.002 -10"><span class='ocrx_word' id='word_1_551' title='bbox 1081 2314 1204 2345; x_wconf 70' lang='lat' dir='ltr'>Omnia</span> <span class='ocrx_word' id='word_1_552' title='bbox 1216 2319 1295 2346; x_wconf 65' lang='lat' dir='ltr'>svnt</span> <span class='ocrx_word' id='word_1_553' title='bbox 1306 2316 1443 2353; x_wconf 59' lang='grc' dir='ltr'>Γἱηῑρῃνιι</span> <span class='ocrx_word' id='word_1_554' title='bbox 1457 2313 1504 2343; x_wconf 79' lang='lat' dir='ltr'>ad</span> <span class='ocrx_word' id='word_1_555' title='bbox 1512 2322 1644 2353; x_wconf 76' lang='lat' dir='ltr'>pacem,</span> <span class='ocrx_word' id='word_1_556' title='bbox 1653 2311 1743 2343; x_wconf 91' lang='lat' dir='ltr'>nihil</span> 
     </span>
     <span class='ocr_line' id='line_1_107' title="bbox 1078 2355 1742 2397; baseline -0.002 -10"><span class='ocrx_word' id='word_1_557' title='bbox 1078 2362 1128 2388; x_wconf 89' lang='lat' dir='ltr'>est</span> <span class='ocrx_word' id='word_1_558' title='bbox 1145 2357 1178 2387; x_wconf 79' lang='lat' dir='ltr'>in&#39;</span> <span class='ocrx_word' id='word_1_559' title='bbox 1195 2357 1266 2388; x_wconf 87' lang='lat' dir='ltr'>ulla</span> <span class='ocrx_word' id='word_1_560' title='bbox 1282 2367 1315 2387; x_wconf 90' lang='lat' dir='ltr'>re</span> <span class='ocrx_word' id='word_1_561' title='bbox 1332 2355 1579 2397; x_wconf 85' lang='lat' dir='ltr'>impedimenti,</span> <span class='ocrx_word' id='word_1_562' title='bbox 1590 2366 1659 2396; x_wconf 87' lang='lat' dir='ltr'>quo</span> <span class='ocrx_word' id='word_1_563' title='bbox 1676 2355 1742 2387; x_wconf 89' lang='lat' dir='ltr'>mi-</span> 
     </span>
     <span class='ocr_line' id='line_1_108' title="bbox 1077 2399 1696 2441; baseline -0.002 -10"><span class='ocrx_word' id='word_1_564' title='bbox 1077 2410 1140 2431; x_wconf 82' lang='lat' dir='ltr'>nus</span> <span class='ocrx_word' id='word_1_565' title='bbox 1155 2411 1222 2441; x_wconf 82' lang='lat' dir='ltr'>pax</span> <span class='ocrx_word' id='word_1_566' title='bbox 1237 2401 1304 2437; x_wconf 84' lang='lat' dir='ltr'>liat,</span> <span class='ocrx_word' id='word_1_567' title='bbox 1319 2400 1359 2430; x_wconf 89' lang='lat' dir='ltr'>C.</span> <span class='ocrx_word' id='word_1_568' title='bbox 1380 2402 1406 2437; x_wconf 90' lang='lat' dir='ltr'>l,</span> <span class='ocrx_word' id='word_1_569' title='bbox 1419 2402 1474 2430; x_wconf 85' lang='lat'>85.</span> <span class='ocrx_word' id='word_1_570' title='bbox 1491 2400 1536 2430; x_wconf 87' lang='lat' dir='ltr'>cf.</span> <span class='ocrx_word' id='word_1_571' title='bbox 1549 2399 1590 2430; x_wconf 91' lang='lat' dir='ltr'>C.</span> <span class='ocrx_word' id='word_1_572' title='bbox 1607 2403 1639 2436; x_wconf 84' lang='grc'>2,</span> <span class='ocrx_word' id='word_1_573' title='bbox 1654 2403 1696 2430; x_wconf 86' lang='grc'>42</span> 
     </span>
    </p>

    <p class='ocr_par' dir='ltr' id='par_1_34' title="bbox 1037 2444 1673 2485">
     <span class='ocr_line' id='line_1_109' title="bbox 1037 2444 1673 2485; baseline 0 -10"><span class='ocrx_word' id='word_1_574' title='bbox 1037 2444 1246 2485; x_wconf 66' lang='lat' dir='ltr'>Intelliqt&#39;tur</span> <span class='ocrx_word' id='word_1_575' title='bbox 1259 2447 1397 2483; x_wconf 68' lang='lat' dir='ltr'>siquam</span> <span class='ocrx_word' id='word_1_576' title='bbox 1411 2444 1531 2484; x_wconf 80' lang='lat' dir='ltr'>aliqua</span> <span class='ocrx_word' id='word_1_577' title='bbox 1545 2453 1594 2480; x_wconf 80' lang='lat' dir='ltr'>re,</span> <span class='ocrx_word' id='word_1_578' title='bbox 1609 2446 1640 2482; x_wconf 87' lang='grc'>8,</span> <span class='ocrx_word' id='word_1_579' title='bbox 1654 2447 1673 2475; x_wconf 84' lang='grc'>3</span> 
     </span>
    </p>

    <p class='ocr_par' dir='ltr' id='par_1_35' title="bbox 1036 2486 1480 2527">
     <span class='ocr_line' id='line_1_110' title="bbox 1036 2486 1480 2527; baseline -0.002 -9"><span class='ocrx_word' id='word_1_580' title='bbox 1036 2487 1230 2527; x_wconf 76' lang='lat' dir='ltr'>Intendere,</span> <span class='ocrx_word' id='word_1_581' title='bbox 1243 2486 1372 2525; x_wconf 84' lang='lat' dir='ltr'>conari,</span> <span class='ocrx_word' id='word_1_582' title='bbox 1392 2488 1423 2526; x_wconf 85' lang='lat'>3,</span> <span class='ocrx_word' id='word_1_583' title='bbox 1438 2488 1480 2517; x_wconf 88' lang='grc'>26</span> 
     </span>
    </p>
   </div>
   <div class='ocr_carea' id='block_1_5' title="bbox 1023 2522 1742 2572">
    <p class='ocr_par' dir='ltr' id='par_1_36' title="bbox 1023 2522 1742 2572">
     <span class='ocr_line' id='line_1_111' title="bbox 1023 2522 1742 2572; baseline -0.006 -9"><span class='ocrx_word' id='word_1_584' title='bbox 1023 2522 1145 2569; x_wconf 54' lang='lat' dir='ltr'>&#39;lmen</span> <span class='ocrx_word' id='word_1_585' title='bbox 1158 2531 1252 2572; x_wconf 87' lang='lat' dir='ltr'>(per)</span> <span class='ocrx_word' id='word_1_586' title='bbox 1267 2532 1420 2562; x_wconf 66' lang='lat' dir='ltr'>Iredecv&#39;m</span> <span class='ocrx_word' id='word_1_587' title='bbox 1435 2540 1556 2568; x_wconf 74' lang='grc' dir='ltr'>αἠηοε,</span> <span class='ocrx_word' id='word_1_588' title='bbox 1582 2531 1609 2568; x_wconf 94' lang='lat' dir='ltr'>l,</span> <span class='ocrx_word' id='word_1_589' title='bbox 1627 2531 1679 2561; x_wconf 83' lang='lat'>36.</span> <span class='ocrx_word' id='word_1_590' title='bbox 1705 2535 1742 2560; x_wconf 88' lang='lat' dir='ltr'>ut</span> 
     </span>
    </p>
   </div>
   <div class='ocr_carea' id='block_1_6' title="bbox 1040 2573 1751 2919">
    <p class='ocr_par' dir='ltr' id='par_1_37' title="bbox 1040 2573 1747 2831">
     <span class='ocr_line' id='line_1_112' title="bbox 1080 2573 1744 2613; baseline -0.005 -7"><span class='ocrx_word' id='word_1_591' title='bbox 1080 2574 1156 2606; x_wconf 86' lang='lat' dir='ltr'>Liv.</span> <span class='ocrx_word' id='word_1_592' title='bbox 1173 2573 1590 2613; x_wconf 73' lang='lat' dir='ltr'>1,10.2·r1.tertotannos,in</span> <span class='ocrx_word' id='word_1_593' title='bbox 1601 2573 1744 2603; x_wconf 87' lang='lat' dir='ltr'>decursu</span> 
     </span>
     <span class='ocr_line' id='line_1_113' title="bbox 1079 2617 1721 2655; baseline -0.003 -7"><span class='ocrx_word' id='word_1_594' title='bbox 1079 2624 1131 2649; x_wconf 83' lang='lat' dir='ltr'>tot</span> <span class='ocrx_word' id='word_1_595' title='bbox 1144 2629 1319 2650; x_wconf 85' lang='lat' dir='ltr'>annorum.</span> <span class='ocrx_word' id='word_1_596' title='bbox 1350 2618 1448 2649; x_wconf 77' lang='lat' dir='ltr'>Inter</span> <span class='ocrx_word' id='word_1_597' title='bbox 1459 2617 1638 2655; x_wconf 87' lang='lat' dir='ltr'>manus,C.</span> <span class='ocrx_word' id='word_1_598' title='bbox 1657 2620 1688 2654; x_wconf 90' lang='grc'>2,</span> <span class='ocrx_word' id='word_1_599' title='bbox 1701 2619 1721 2646; x_wconf 88' lang='grc'>2</span> 
     </span>
     <span class='ocr_line' id='line_1_114' title="bbox 1040 2662 1747 2703; baseline -0.004 -10"><span class='ocrx_word' id='word_1_600' title='bbox 1040 2662 1256 2700; x_wconf 78' lang='lat' dir='ltr'>Intercidere,</span> <span class='ocrx_word' id='word_1_601' title='bbox 1267 2664 1395 2703; x_wconf 54' lang='grc' dir='ltr'>οφ”ιιφιννι</span> <span class='ocrx_word' id='word_1_602' title='bbox 1414 2663 1504 2692; x_wconf 67' lang='lat' dir='ltr'>valle</span> <span class='ocrx_word' id='word_1_603' title='bbox 1523 2671 1546 2693; x_wconf 86' lang='lat' dir='ltr'><em>a</em></span> <span class='ocrx_word' id='word_1_604' title='bbox 1560 2662 1677 2691; x_wconf 72' lang='lat' dir='ltr'>castris</span> <span class='ocrx_word' id='word_1_605' title='bbox 1691 2662 1747 2690; x_wconf 71' lang='lat' dir='ltr'>in-</span> 
     </span>
     <span class='ocr_line' id='line_1_115' title="bbox 1081 2704 1746 2743; baseline -0.005 -6"><span class='ocrx_word' id='word_1_606' title='bbox 1081 2708 1249 2743; x_wconf 76' lang='lat' dir='ltr'>tercisum,</span> <span class='ocrx_word' id='word_1_607' title='bbox 1263 2705 1423 2742; x_wconf 86' lang='lat' dir='ltr'>divisum,</span> <span class='ocrx_word' id='word_1_608' title='bbox 1438 2706 1469 2742; x_wconf 89' lang='lat'>8,</span> <span class='ocrx_word' id='word_1_609' title='bbox 1489 2705 1538 2735; x_wconf 85' lang='grc'>14.</span> <span class='ocrx_word' id='word_1_610' title='bbox 1562 2704 1657 2735; x_wconf 77' lang='lat' dir='ltr'>colles</span> <span class='ocrx_word' id='word_1_611' title='bbox 1674 2704 1746 2734; x_wconf 80' lang='lat' dir='ltr'>val-</span> 
     </span>
     <span class='ocr_line' id='line_1_116' title="bbox 1083 2746 1745 2788; baseline -0.003 -9"><span class='ocrx_word' id='word_1_612' title='bbox 1083 2750 1170 2779; x_wconf 56' lang='lat' dir='ltr'>libus*</span> <span class='ocrx_word' id='word_1_613' title='bbox 1189 2750 1350 2786; x_wconf 54' lang='lat' dir='ltr'>§merc-isi,</span> <span class='ocrx_word' id='word_1_614' title='bbox 1370 2747 1486 2785; x_wconf 86' lang='lat' dir='ltr'>divisi,</span> <span class='ocrx_word' id='word_1_615' title='bbox 1504 2746 1679 2788; x_wconf 81' lang='lat' dir='ltr'>disjuncti,</span> <span class='ocrx_word' id='word_1_616' title='bbox 1703 2748 1745 2778; x_wconf 87' lang='lat' dir='ltr'>A.</span> 
     </span>
     <span class='ocr_line' id='line_1_117' title="bbox 1084 2792 1427 2831; baseline 0 -8"><span class='ocrx_word' id='word_1_617' title='bbox 1084 2795 1137 2823; x_wconf 79' lang='grc'>72.</span> <span class='ocrx_word' id='word_1_618' title='bbox 1162 2792 1208 2823; x_wconf 84' lang='lat' dir='ltr'>cs.</span> <span class='ocrx_word' id='word_1_619' title='bbox 1225 2793 1278 2831; x_wconf 89' lang='lat' dir='ltr'>ad,</span> <span class='ocrx_word' id='word_1_620' title='bbox 1296 2792 1337 2822; x_wconf 90' lang='lat' dir='ltr'>A.</span> <span class='ocrx_word' id='word_1_621' title='bbox 1353 2793 1395 2823; x_wconf 81' lang='lat'>73</span> <span class='ocrx_word' id='word_1_622' title='bbox 1422 2807 1427 2811; x_wconf 89' lang='lat'><strong>·</strong></span> 
     </span>
    </p>

    <p class='ocr_par' dir='ltr' id='par_1_38' title="bbox 1042 2833 1751 2919">
     <span class='ocr_line' id='line_1_118' title="bbox 1042 2833 1751 2878; baseline -0.004 -9"><span class='ocrx_word' id='word_1_623' title='bbox 1042 2837 1167 2869; x_wconf 75' lang='lat' dir='ltr'>Interci</span> <span class='ocrx_word' id='word_1_624' title='bbox 1207 2847 1244 2868; x_wconf 81' lang='lat' dir='ltr'>re</span> <span class='ocrx_word' id='word_1_625' title='bbox 1270 2837 1358 2878; x_wconf 74' lang='lat' dir='ltr'>pila,</span> <span class='ocrx_word' id='word_1_626' title='bbox 1391 2834 1560 2878; x_wconf 82' lang='lat' dir='ltr'>excipere,</span> <span class='ocrx_word' id='word_1_627' title='bbox 1590 2833 1751 2877; x_wconf 83' lang='lat' dir='ltr'>arripere,</span> 
     </span>
     <span class='ocr_line' id='line_1_119' title="bbox 1087 2883 1150 2919; baseline -0.016 -8"><span class='ocrx_word' id='word_1_628' title='bbox 1087 2884 1118 2919; x_wconf 80' lang='lat'>2,</span> <span class='ocrx_word' id='word_1_629' title='bbox 1132 2883 1150 2910; x_wconf 81' lang='lat'>2</span> 
     </span>
    </p>
   </div>
  </div>
 </body>
</html>
