1946 3261
313 246 316 247 .
335 197 421 244 152
747 201 845 245 DE·
864 198 1068 244 BELLO
1101 197 1395 244 GALLIGO.

339 332 370 353 ‘⁶
394 325 507 369 inter
525 340 627 368 suos
649 325 799 369 ferunt
819 327 1013 370 laudem:
1055 326 1138 371 hoc
1158 327 1216 370 ali
1236 335 1462 377 staturam,
1498 325 1557 369 ali
1586 325 1669 369 hoc
1699 325 1810 370 vires

339 392 371 411 ‘⁶
394 399 638 441 nervosque
685 385 946 436 confirmari,
993 395 1164 444 putant.
1238 386 1359 429 Intra
1400 402 1558 429 annum
1605 399 1710 427 vero
1752 385 1814 427 vi-

339 450 372 469 ‘⁶
395 441 601 485 cesimum
673 444 839 487 feminae
901 445 1098 488 notitiam
1170 445 1384 495 habuisse,
1457 445 1500 487 in
1562 442 1815 501 turpissimis

340 508 371 527 ⁶⁶
394 499 559 544 habent
599 502 756 551 rebus;
790 503 914 561 cujus
954 504 1017 546 rei
1056 504 1177 547 nulla
1215 512 1280 547 est
1319 502 1570 552 occultatio,
1612 500 1729 559 quod
1768 508 1814 543 et

339 565 372 585 ‘⁶
397 561 640 617 promiscue
673 561 716 605 in
749 562 996 605 fluminibus
1027 562 1292 620 perluuntur
1323 572 1369 605 et
1401 562 1586 621 pellibus
1619 568 1697 602 aut
1717 575 1815 617 par-

341 625 373 644 ‘⁶
397 619 462 662 vis
494 619 733 664 rhenonum
765 620 1010 679 tegimentis
1042 629 1247 672 utuntur,
1277 637 1434 681 magna
1464 620 1658 679 corporis
1688 626 1814 677 parte

336 683 369 708 ‘⁶
395 679 526 723 nuda.

402 738 474 781 22.
510 745 541 764 ‘⁶
564 739 863 797 Agriculturae
898 755 984 783 non
1020 739 1221 788 student:
1280 739 1504 797 majorque
1542 753 1642 797 pars
1675 735 1818 778 victus

349 804 381 824 ‘⁶
400 813 552 840 eorum
583 797 627 840 in
663 798 790 849 lacte,
826 815 964 850 caseo,
1004 815 1130 841 carne
1162 798 1379 847 consistit;
1414 813 1555 855 neque
1588 795 1816 853 quisquam

346 863 379 882 ⁶⁶
398 856 493 914 agri
526 857 702 899 modum
735 866 904 900 certum
935 866 1013 900 aut
1032 857 1134 899 fines
1164 857 1296 899 habet
1314 857 1538 914 p1·oprios;
1577 853 1649 896 sed
1665 849 1817 914 magis-

344 921 379 940 ‘⁶
402 922 543 956 tratus
574 931 624 957 ac
645 916 865 974 Principes
895 917 939 958 in
969 932 1099 959 annos
1118 915 1308 972 singulos
1335 914 1536 972 gentibus
1555 910 1817 969 cognationi-

336 979 378 998 “⁶
398 972 567 1030 busque
600 973 837 1024 hominum,
870 974 947 1031 qui
965 990 1050 1017 una
1069 974 1264 1023 coierint,
1287 981 1514 1030 quantum,
1546 978 1591 1012 et
1612 984 1700 1026 quo
1719 968 1815 1010 loco

348 1037 378 1055 ‘⁶
398 1031 538 1073 visum
553 1040 635 1082 est,
657 1033 751 1090 agri
769 1033 1028 1075 adtribuunt
1046 1041 1178 1089 atque
1197 1047 1307 1074 anno
1328 1039 1425 1088 post
1443 1030 1529 1072 alio
1547 1027 1729 1071 transire
1748 1041 1816 1068 co-

345 1095 377 1114 ‘⁶
400 1096 525 1147 gunt.
588 1090 694 1149 Ejus
713 1092 775 1133 rei
803 1091 961 1133 multas
979 1090 1183 1133 adferunt
1201 1105 1392 1137 caussas;
1427 1103 1496 1134 ne,
1527 1086 1702 1128 adsidua
1719 1097 1820 1126 con-

344 1147 628 1192 “suetudine
663 1149 794 1206 capti,
833 1148 1022 1191 studium
1057 1148 1161 1191 belli
1191 1147 1373 1205 gerundi
1403 1143 1674 1201 agricultura
1703 1158 1816 1184 com-

345 1212 378 1230 ‘⁶
398 1214 597 1254 mutent3
629 1222 681 1249 ne
701 1208 810 1249 latos
829 1207 932 1249 fines
953 1223 1106 1264 parare
1136 1207 1336 1248 studeant
1355 1202 1708 1260 potentioresque
1740 1199 1818 1241 hu-

343 1269 375 1287 “
395 1263 586 1306 miliores
603 1266 937 1321 possessionibus
961 1264 1207 1320 expellant3
1245 1278 1296 1303 ne
1317 1260 1564 1303 adcuratius
1582 1258 1637 1300 ad
1653 1258 1819 1315 frigora

342 1377 545 1409 mulieribus
560 1387 626 1408 non
646 1383 907 1416 consueverunt,
925 1389 960 1409 se
975 1389 1052 1419 ges-

343 1426 458 1453 serunt
485 1421 681 1461 inpuberes,
716 1422 866 1452 nondum
903 1427 1051 1454 maturos

343 1464 579 1496 matrimonio:
603 1465 648 1496 ab
670 1464 821 1496 hominis
845 1465 935 1496 enim
960 1465 1051 1496 arbi-

346 1508 412 1539 trio
433 1518 498 1539 non
517 1509 653 1549 pendet,
675 1514 712 1539 ut
739 1508 846 1540 serius
867 1514 925 1541 aut
955 1509 1051 1541 ocius

342 1552 455 1593 pubes
470 1552 538 1583 fiat.
583 1552 672 1583 Hinc
697 1553 865 1593 Pompon.
911 1553 1003 1584 Mela
1022 1557 1052 1591 3,

346 1600 379 1629 3.
409 1596 451 1627 de
483 1596 676 1627 Germanis:
717 1596 930 1637 Lonqissima
959 1598 1052 1637 apud

345 1651 400 1673 eos
411 1641 560 1681 pueritia
590 1645 656 1671 est.-
679 1640 769 1680 quod
798 1640 919 1671 eodem
950 1641 1050 1671 modo

347 1692 400 1715 est
415 1683 631 1724 capiendum,
645 1682 836 1714 diutissime
860 1693 920 1714 eos
935 1693 954 1714 a
968 1694 1052 1715 con-

344 1726 465 1759 cubitu
480 1726 659 1758 abstinere.
688 1727 723 1757 In
740 1727 795 1758 Gr·
814 1727 978 1768 metaphr.
990 1732 1051 1766 est,

346 1770 413 1804 «τοὺς
429 1771 459 1809 ἐξ
473 1771 568 1800 αὐτῶν
584 1769 628 1800 ἔτι
643 1772 781 1800 πλεῖστον
791 1770 892 1813 χξὸνον
913 1771 1051 1810 ἀγάμους

346 1813 530 1853 &aspirano-055
566 1812 715 1853 μείλια-τα
756 1814 907 1845 ἒπιιινοῧσι.
968 1814 1052 1846 Haec

349 1858 465 1890 omnia
479 1859 548 1899 jam
564 1857 719 1889 Davisius
730 1862 918 1888 monuerat.
964 1858 1052 1889 Addi

352 1901 407 1933 his
423 1901 524 1933 debet
540 1902 637 1933 locus
652 1901 763 1932 Taciti
779 1901 907 1939 (Germ.
925 1912 955 1932 c.
972 1901 1029 1939 20)
1043 1914 1051 1932 :

351 1948 439 1977 Sera
462 1949 630 1986 juvenum
669 1947 789 1984 Venus,
823 1956 924 1986 eoque
962 1949 1054 1976 inea:-

350 1991 477 2021 Jzausta
489 1990 647 2031 pubertas
669 1988 782 2029 (vigor
797 1987 979 2029 corporis).
1003 1989 1054 2020 M.

401 2034 457 2064 Aci
471 2035 530 2065 hoc
544 2037 640 2064 vires.
678 2032 817 2074 Repetit
830 2032 916 2064 bene
931 2042 1056 2074 prono-

356 2087 435 2109 men
451 2076 541 2107 Oud.
557 2087 575 2107 e
590 2077 691 2108 codd.

403 2121 502 2152 Intra
528 2131 658 2151 omnum
687 2123 894 2152 vicesimum.
953 2120 1055 2151 Plane

354 2163 442 2204 hoc¹
466 2162 535 2194 suis
579 2163 800 2205 praecipiebat
838 2164 1056 2206 Pythagoras,

353 2213 438 2238 teste
454 2207 650 2238 Jambliclio
666 2218 697 2238 c.
716 2209 769 2237 31.

407 2253 511 2292 Cujus
525 2253 574 2281 rei
596 2261 632 2281 η.
649 2257 696 2283 est
712 2252 893 2284 occultatio.
916 2261 983 2294 non
999 2262 1058 2283 oc-

355 2296 484 2326 cultant
498 2305 626 2325 sexum.
651 2296 702 2325 M.

404 2340 603 2370 Rhenanam
617 2340 813 2378 tenimentis.
845 2340 972 2380 Sequor
987 2350 1060 2371 sen-

357 2383 499 2414 tentiam
514 2382 732 2420 Beckmanni,
745 2381 802 2423 qui
816 2383 856 2413 de
873 2383 1059 2415 Germaniae

360 2426 481 2458 veteris
496 2425 701 2457 animalibus
718 2424 850 2466 scripsit
866 2427 917 2466 (p.
936 2430 987 2458 63.
1006 2429 1060 2459 64.

356 2472 403 2502 cf.
434 2470 524 2501 dicta
551 2470 592 2500 ad
618 2479 693 2510 cap.
723 2469 791 2508 26),
813 2475 846 2500 et
872 2471 1060 2502 rhenonum

358 2518 553 2556 tegumenta
568 2512 702 2544 monuit
725 2523 798 2544 esse
823 2513 927 2554 pelles
941 2515 1063 2546 rheno-

363 2569 445 2590 num
473 2559 552 2593 (der
571 2557 798 2593 Rennthiere),
819 2556 898 2597 quia
914 2559 1062 2598 priscum

364 2601 552 2634 Germaniae
568 2600 787 2638 vocabulum,
805 2601 912 2638 Rhea,
924 2602 1015 2641 quod
1028 2602 1061 2633 in

361 2646 480 2687 lingua
499 2644 640 2676 Suecica
655 2643 806 2685 superfit,
823 2654 896 2674 eam
912 2644 1062 2677 belluam

364 2689 541 2731 significet.
587 2689 638 2719 De
668 2698 702 2718 re
725 2687 841 2718 confer
861 2688 943 2718 Tac.
981 2688 1063 2720 Ger-

364 2742 454 2764 man.
469 2743 499 2763 c.
519 2733 568 2762 17.
594 2730 756 2772 Reliquos
770 2731 1063 2768 locos‚aCellario

367 2777 543 2814 collectos,
568 2774 743 2814 (Varronis
758 2775 798 2805 L.
813 2774 853 2805 L.
869 2776 901 2813 4,
914 2778 966 2806 35.
1002 2776 1062 2806 Isi-

365 2819 440 2849 dori
457 2818 543 2859 orig.
563 2820 614 2856 19,
631 2822 682 2850 23.
708 2817 949 2859 Sidoniiepist.
965 2819 997 2857 4,
1011 2822 1063 2850 20.

366 2861 474 2892 Servii
497 2863 536 2893 ad
566 2861 689 2904 Virgil.
716 2862 838 2903 Georg.
867 2865 897 2900 3,
927 2862 1002 2901 183)
1035 2862 1063 2894 si

361 2905 440 2947 quis
469 2906 661 2945 contulerit,
702 2916 769 2937 non
804 2905 947 2937 multum
978 2906 1061 2938 lucri

360 2949 441 2989 inde
456 2948 577 2991 capiet.
603 2950 654 2984 Μ.
699 2949 880 2984 Aimoinus
903 2951 1063 2987 rhenones

1115 1377 1243 1409 adserit
1281 1389 1354 1410 esse
1382 1377 1538 1410 animalis
1562 1387 1686 1419 genus;
1724 1374 1815 1408 idem

1117 1423 1255 1454 Graecus
1271 1422 1400 1463 adjicit.
1438 1421 1616 1460 Quodnam
1631 1421 1674 1452 sit
1694 1419 1818 1451 intelli-

1115 1467 1276 1507 gendum,
1300 1467 1370 1508 jam
1403 1466 1546 1497 Vossius
1571 1463 1726 1496 ostendit.
1778 1463 1816 1494 In

1118 1510 1190 1550 ipsa
1215 1509 1397 1541 Germania
1428 1510 1511 1542 olim
1535 1509 1699 1550 indigenae
1714 1506 1817 1539 fuisse

1117 1554 1272 1585 videntur
1291 1556 1462 1589 rhenones,
1489 1558 1525 1585 ut
1553 1563 1621 1584 non
1636 1552 1680 1584 sit
1701 1561 1819 1582 neces-

1116 1597 1240 1628 sarium
1273 1597 1348 1629 heic
1373 1599 1414 1628 ad
1442 1597 1599 1628 Tacitum
1624 1605 1821 1636 provocare.

1120 1641 1289 1672 Vitiosam
1314 1641 1498 1672 lectionem
1524 1642 1705 1671 rhemorum
1727 1649 1820 1670 revo-

1116 1691 1170 1715 cat
1186 1684 1313 1726 Wailly
1340 1690 1375 1715 et
1400 1686 1442 1715 de
1467 1684 1621 1715 vestibus
1646 1682 1818 1714 indefinite

1118 1728 1368 1769 interpretatur.
1414 1729 1484 1759 Nec
1507 1730 1669 1759 rhenones
1692 1725 1818 1757 animal

1120 1771 1279 1812 intelligit
1297 1772 1490 1808 D’Anville,
1504 1772 1616 1802 forsan
1631 1771 1723 1811 quod
1735 1770 1818 1801 Ger-

1118 1815 1226 1847 manis
1240 1816 1342 1847 fuisse
1359 1815 1511 1857 ignotum
1528 1819 1672 1858 putaret.
1685 1814 1819 1845 frustra.

1117 1859 1171 1890 Cf.
1187 1859 1276 1890 dicta
1291 1861 1332 1890 ad
1349 1869 1378 1890 c.
1395 1862 1447 1890 26.

1165 1905 1386 1944 Aqnculturoe
1400 1914 1467 1935 non
1480 1903 1621 1935 student.
1654 1901 1730 1932 Non
1745 1911 1819 1932 om-

1119 1946 1200 1978 nino
1214 1946 1352 1988 quidem
1369 1947 1544 1988 negligunt
1555 1945 1795 1987 agriculturam
1810 1956 1820 1984 3

1119 2000 1180 2021 cur
1201 1990 1292 2021 enim
1315 2002 1414 2031 agros
1442 1989 1560 2033 partiri
1588 1995 1622 2020 et
1647 1987 1819 2029 possidere

1121 2045 1208 2075 opus
1248 2034 1384 2066 fuisset?
1423 2036 1480 2067 sed
1516 2044 1583 2066 non
1614 2041 1818 2072 magnopere

1120 2079 1253 2109 student
1281 2078 1325 2117 ei,
1352 2088 1418 2110 non
1441 2079 1540 2116 ultra,
1564 2087 1667 2118 quam
1682 2086 1820 2107 necesse

1120 2127 1185 2161 est,
1210 2132 1275 2153 non
1301 2133 1427 2154 omnes.
1452 2123 1496 2154 cf.
1521 2132 1597 2163 cap.
1615 2122 1668 2152 29.
1713 2119 1821 2160 Supra.

1123 2167 1171 2205 (4,
1192 2167 1222 2205 1)
1239 2167 1278 2197 de
1297 2165 1433 2197 suevis:
1456 2167 1667 2208 aqrimaltura
1685 2173 1754 2194 non
1768 2165 1820 2195 in-

1122 2212 1315 2242 termittitur
1342 2211 1385 2241 ab
1402 2213 1452 2249 iis,
1480 2219 1548 2241 non
1575 2209 1722 2239 multum
1741 2206 1820 2246 fru-

1122 2259 1241 2291 mento,
1271 2254 1326 2285 secl
1353 2257 1538 2286 mavimam
1574 2251 1821 2298 partem-lacte

1121 2303 1221 2337 atque
1248 2308 1364 2337 pecore
1387 2299 1510 2329 rivum.
1554 2296 1637 2326 Haec
1665 2298 1822 2335 attigerat

1124 2341 1370 2381 Glandorpius:
1418 2346 1452 2372 et
1479 2339 1556 2380 quis
1594 2348 1660 2370 non
1698 2342 1819 2379 sponte

1124 2384 1254 2422 videat,
1276 2384 1360 2415 illud
1376 2395 1441 2416 non
1455 2384 1587 2416 studere
1601 2384 1649 2414 rei
1662 2380 1709 2412 sic
1725 2380 1821 2422 capi-

1125 2428 1247 2459 endum
1270 2438 1356 2465 esse,
1382 2438 1450 2459 uon
1473 2437 1674 2468 moynopere
1687 2435 1821 2466 operam

1123 2471 1206 2503 dare
1218 2473 1290 2503 rei?
1312 2471 1366 2502 Cf.
1380 2472 1464 2502 Tac.
1475 2471 1631 2502 German.
1646 2479 1677 2499 e.
1691 2470 1745 2499 26.
1769 2468 1821 2499 M.

1173 2516 1215 2547 In
1232 2516 1327 2547 lacte.
1349 2515 1409 2546 alii
1425 2515 1496 2546 sine
1512 2512 1762 2555 praepositione.

1177 2559 1345 2590 Gentibus.
1391 2561 1442 2590 An
1458 2564 1576 2600 gentes
1591 2557 1626 2588 h.
1642 2557 1667 2587 l.
1681 2561 1757 2586 sunt
1770 2554 1820 2585 fa-

1127 2602 1246 2640 miliae,
1275 2608 1311 2633 ut
1336 2602 1479 2633 Romani
1504 2608 1638 2643 gentem
1665 2599 1823 2638 Sempro-

1128 2645 1233 2684 niam,
1249 2646 1455 2684 Corneliam,
1478 2645 1628 2686 aliasque
1641 2641 1822 2688 dicebant?

1128 2688 1259 2720 Poterit
1286 2694 1398 2720 tamen
1425 2699 1522 2730 gens,
1562 2693 1598 2719 ut
1627 2684 1725 2722 alibi,
1749 2695 1822 2716 esse

1129 2743 1204 2774 pars
1233 2733 1354 2773 populi
1383 2744 1441 2764 seu
1467 2731 1625 2768 nationis,
1655 2734 1692 2759 ut
1717 2727 1820 2760 Suevi

1127 2787 1208 2818 gens
1223 2776 1415 2808 Germanici
1432 2775 1552 2818 populi
1565 2777 1654 2806 sunt.
1683 2773 1734 2802 M.

1175 2822 1357 2856 Quantum,
1373 2826 1403 2851 et
1426 2831 1503 2862 quo.
1549 2817 1660 2858 Vulgo
1676 2815 1823 2847 inserunt

1125 2865 1182 2895 eis.
1224 2863 1356 2905 Rejecit
1371 2863 1461 2894 Oud.

1173 2908 1259 2938 Belli
1272 2908 1429 2948 gyemrulae'.
1475 2905 1528 2938 Sic
1545 2902 1735 2936 Aimoinus.
1800 2945 1807 2950 ι

1173 2952 1225 2986 Ne
1239 2950 1649 2992 adcuraeiuss-aedrgficent.
1673 2948 1726 2981 De
1735 2946 1827 2980 rudi-
