1992 3271
686 139 802 183 LIB.
836 139 871 182 Ι.
936 138 1073 183 CAP.
1110 141 1183 190 32,
1214 141 1286 185 33.
1667 143 1724 186 25

249 272 278 291 ‘⁶
302 264 499 315 victoria,
532 266 603 309 vel
633 267 803 309 nomine
843 267 1003 325 Populi
1037 267 1221 309 Romani
1252 267 1470 311 deterrere
1500 284 1639 327 posse,
1670 284 1722 312 ne

249 332 278 350 “
303 325 439 383 major
455 326 691 368 multitudo
711 327 1027 369 Germanorum
1045 325 1244 368 Rhenum
1261 328 1582 370 transducatur:
1620 328 1722 371 Gal-

249 391 278 410 “
302 383 492 441 liamque
513 400 681 428 omnem
701 385 757 427 ab
779 383 990 427 Ariovisti
1009 383 1164 440 injuria
1186 401 1307 441 posse
1326 385 1594 429 defendere.”

308 443 380 486 32.
420 443 515 485 Hac
533 445 726 486 oratione
745 445 801 486 ab
820 443 1039 486 Divitiaco
1056 442 1219 491 habita,
1249 459 1408 494 omnes,
1429 445 1506 503 qui
1525 445 1720 495 aderant,

250 517 408 559 magno
430 501 534 544 fletu
567 502 777 544 auxilium
797 518 822 544 a
846 502 1013 544 Caesare
1036 510 1183 558 petere
1213 512 1454 558 coeperunt.
1515 505 1720 547 Animad-

248 560 383 602 vertit
406 560 568 610 Caesar,
600 577 708 602 unos
735 577 787 602 ex
808 561 1006 603 omnibus
1030 560 1252 616 Sequanos
1272 559 1378 602 nihil
1401 578 1549 605 earum
1572 579 1721 606 rerum

245 618 402 666 facere,
435 634 542 676 quas
563 619 694 660 ceteri
716 619 929 667 facerent3
964 618 1036 661 sed
1056 618 1215 667 tristes,
1246 618 1389 676 capite
1413 621 1609 671 demisso,
1635 630 1720 665 ter-

246 692 340 718 ram
359 676 534 718 intueri.
598 677 703 735 Ejus
722 679 782 720 rei
802 693 946 720 caussa
967 692 1064 735 quae
1084 686 1193 719 esset
1208 677 1389 720 miratus
1409 695 1462 720 ex
1482 680 1584 736 ipsis
1604 697 1722 738 quae-

245 734 332 776 siit.
397 735 522 778 Nihil
553 736 743 793 Sequani
768 736 1042 794 respondere,
1067 736 1138 778 sed
1161 736 1205 778 in
1226 736 1372 778 eadem
1400 738 1578 780 tristitia
1598 740 1722 782 taciti

245 809 512 851 permanere.
558 795 705 844 Quum
723 796 778 837 ab
800 795 848 837 iis
871 795 1025 853 saepius
1047 803 1276 853 quaereret,
1307 811 1446 853 neque
1467 796 1602 838 ullam
1632 814 1721 839 om-

243 852 345 895 nino
363 869 512 896 vocem
528 854 770 912 exprimere
788 863 946 912 posset,
965 854 1075 895 idem
1098 853 1342 896 Divitiacus
1364 855 1531 897 AEduus
1549 871 1722 913 respon-

242 910 335 954 dit:
371 920 400 938 “
427 912 525 956 Hoc
545 929 632 955 esse
660 914 923 956 miseriorem
952 912 1283 970 gravioremque
1313 913 1533 956 fortunam.
1558 914 1721 971 Sequa-

245 977 274 995 ‘⁶
297 987 470 1021 norum,
500 988 591 1029 prae
623 972 910 1030 reliquorum,
943 972 1062 1029 quod
1090 971 1169 1013 soli
1202 987 1254 1012 ne
1281 971 1324 1014 in
1352 972 1525 1015 occulto
1547 973 1722 1031 quidem

244 1036 272 1054 ‘⁶
297 1030 439 1087 queri,
472 1046 548 1072 nec
570 1031 780 1072 auxilium
808 1030 1043 1087 implorare
1064 1030 1288 1079 auderent,
1317 1031 1592 1089 absentisque
1622 1032 1722 1075 Ari-

243 1095 272 1113 “
297 1089 425 1132 ovisti
462 1089 778 1137 crudelitatem,
818 1089 939 1131 velut
979 1089 1012 1130 si
1055 1105 1200 1132 coram
1242 1089 1420 1139 adesset,
1462 1089 1717 1135 horrerent:

243 1154 270 1172 ‘⁴
293 1157 531 1206 propterea
564 1148 682 1206 quod
700 1148 879 1206 reliquis
908 1156 1050 1190 tamen
1072 1148 1186 1205 fugae
1209 1148 1390 1190 facultas
1408 1149 1613 1197 claretum
1646 1152 1721 1194 Se-

243 1213 271 1231 “
296 1207 448 1265 quanis
476 1223 596 1256 vero,
631 1206 706 1264 qui
737 1207 850 1249 intra
879 1205 981 1249 fines
1014 1223 1112 1248 suos
1142 1207 1413 1250 Ariovistum
1446 1208 1720 1266 recepissent,

243 1271 271 1289 ‘⁶
296 1281 485 1323 quorum
505 1265 669 1324 oppida
691 1266 834 1308 omnia
862 1265 904 1307 in
927 1274 1142 1324 potestate
1163 1265 1252 1323 ejus
1276 1275 1429 1316 essent,
1459 1283 1604 1310 omnes
1624 1286 1720 1311 cru-

243 1331 271 1349 “
296 1325 432 1366 ciatus
449 1333 585 1366 essent
608 1324 894 1381 perferendi.'’

300 1383 370 1425 33.
410 1382 492 1424 His
524 1382 654 1424 rebus
684 1383 883 1439 cognitis,
920 1382 1065 1424 Caesar
1104 1382 1336 1425 Gallorum
1374 1383 1536 1427 animos
1578 1387 1722 1430 verbis

241 1441 528 1490 confirmavit,
564 1441 872 1499 pollicitusque
899 1449 978 1489 est,
1008 1440 1089 1482 sibi
1118 1457 1211 1482 eam
1239 1457 1329 1483 rem
1360 1457 1474 1483 curae
1495 1443 1717 1488 futuram:

241 1515 441 1557 magnam
474 1516 517 1541 se
550 1499 707 1541 habere
729 1516 864 1556 spem,
897 1509 941 1541 et
962 1498 1168 1541 beneficio
1197 1515 1274 1542 suo
1298 1508 1343 1542 et
1370 1502 1631 1546 auctoritate
1648 1505 1720 1547 ad-

238 1559 420 1601 ductum
443 1557 714 1600 Ariovistum
745 1557 873 1599 finem
902 1557 1068 1614 injuriis
1100 1558 1333 1600 facturum.
1399 1559 1494 1601 Hac
1524 1562 1719 1606 oratione

238 1617 401 1666 habita,
435 1616 666 1658 concilium
697 1616 876 1664 dimisit,
910 1625 954 1658 et
986 1615 1219 1657 secundum
1251 1632 1300 1658 ea
1341 1617 1490 1659 multae
1522 1634 1588 1662 res
1620 1637 1719 1665 eum

237 1675 543 1724 hortabantur,
559 1691 695 1733 quare
712 1675 793 1717 sibi
812 1690 905 1716 eam
927 1690 1017 1716 rem
1039 1674 1313 1732 cogitandam
1333 1684 1377 1717 et
1405 1676 1720 1735 suscipiendam

241 1743 444 1793 putaret;
488 1734 532 1776 in
566 1733 716 1792 primis
750 1733 868 1791 quod
899 1733 1080 1782 AEduos,
1113 1733 1268 1775 fratres
1295 1737 1718 1797 consanguineosque

236 1809 531 1852 saepenumero
576 1792 632 1834 ab
672 1793 834 1834 Senatu
872 1792 1128 1850 adpellatos,
1172 1793 1214 1834 in
1251 1793 1461 1836 servitute
1500 1802 1632 1854 atque
1675 1798 1719 1841 in

236 1853 399 1895 ditione
427 1852 603 1894 videbat
635 1852 955 1893 Germanorum
984 1851 1137 1900 teneri,
1166 1868 1403 1910 eorumque
1437 1854 1604 1898 obsides
1632 1874 1719 1899 esse

237 1912 355 1969 apud
385 1911 656 1953 Ariovistum
684 1927 732 1952 ac
769 1911 992 1968 Sequanos
1026 1910 1330 1968 intellegebat:
1367 1912 1485 1969 quod
1518 1913 1562 1956 in
1596 1924 1718 1958 tanto

237 1969 420 2028 imperio
446 1969 607 2028 Populi
638 1969 823 2011 Romani
859 1969 1159 2027 turpissimum
1179 1970 1260 2011 sibi
1289 1978 1333 2012 et
1366 1972 1603 2029 republicae
1631 1991 1719 2017 esse

235 2029 550 2072 arbitrabatur.
618 2028 851 2070 Paullatim
872 2037 1018 2070 autem
1051 2029 1290 2071 Germanos
1310 2045 1582 2073 consuescere
1605 2032 1718 2075 Rhe-

236 2104 341 2130 num
362 2088 570 2133 transire:
605 2096 649 2129 et
683 2087 725 2129 in
759 2087 949 2128 Galliam
978 2102 1176 2144 magnam
1209 2104 1360 2129 eorum
1393 2089 1717 2135 multitudinem

238 2148 399 2196 venire,
438 2146 610 2205 Populo
651 2145 849 2188 Romano
893 2146 1185 2204 periculosum
1218 2146 1419 2195 videbat;
1455 2164 1594 2207 neque
1636 2151 1717 2194 sibi

238 2206 426 2249 homines
460 2206 572 2248 feros
605 2221 653 2247 ac
685 2205 896 2247 barbaros
930 2214 1248 2262 temperaturos
1269 2205 1559 2258 existimabat,
1594 2210 1716 2268 quin,

237 2281 374 2322 quum
396 2281 565 2309 omnem
589 2263 779 2306 Galliam
809 2272 1103 2322 occupassent,
1127 2273 1177 2306 ut
1198 2273 1297 2307 ante
1320 2265 1490 2308 Cimbri
1512 2267 1718 2311 Teutoni-

236 2339 321 2381 que
357 2324 568 2372 fecissent,
603 2323 646 2365 in
680 2323 953 2365 Provinciam
985 2323 1151 2365 exirent
1178 2332 1311 2382 atque
1340 2323 1437 2366 inde
1469 2325 1513 2368 in
1546 2326 1717 2370 Italiam

286 2436 416 2467 Transd
421 2441 547 2468 fleatur.
570 2435 642 2465 Edd
649 2457 656 2464 .
663 2439 729 2464 vet.
738 2434 933 2466 traducatur

238 2479 301 2510 Sed
325 2491 356 2510 v.
383 2479 537 2511 Schottus
558 2480 600 2510 ad
625 2479 706 2509 Aur.
726 2477 817 2508 Vict.
842 2479 882 2509 de
902 2479 942 2509 V.

233 2522 284 2554 ill.
303 2534 333 2554 e.
356 2525 405 2554 11.

286 2569 429 2602 Quoesie't.

235 2613 392 2653 quam-it.

283 2657 403 2688 Posset.
417 2655 462 2686 al.
474 2660 611 2697 possent.

283 2701 362 2731 Prae
382 2701 475 2741 reliq.
513 2699 567 2730 Sic
588 2701 666 2731 cod.
683 2699 795 2730 Oxon.
831 2698 943 2740 Vulgo

233 2754 348 2785 quam.

288 2789 424 2819 Tamen.
440 2787 485 2818 al.
499 2792 640 2826 tantum,
659 2787 749 2829 quod
764 2797 942 2828 perperam

236 2842 302 2862 non
318 2842 417 2863 nemo
437 2830 594 2872 praetulit.

286 2877 442 2917 Beneficio
455 2886 523 2908 suo.
556 2874 609 2906 Cf.
625 2886 655 2905 c.
671 2876 724 2905 35.
771 2875 943 2907 Plutarch.

239 2919 271 2950 in
288 2919 373 2951 Caes.
390 2931 466 2962 cap.
487 2922 537 2959 19,
577 2922 692 2963 Καῖσαρ
709 2918 756 2950 τᾶν
771 2919 945 2963 Ἀριόβιστον

489 2566 544 2598 Sic
580 2565 662 2598 boni
700 2566 798 2597 codd.
840 2567 941 2608 vulgo

1012 2434 1036 2464 ἓν
1051 2433 1148 2476 Ῥώμῃ
1165 2434 1326 2475 σύμμαχον
1341 2436 1506 2469 ἐποιήσατο.
1552 2437 1604 2469 Cf.
1635 2438 1704 2470 Dio

1010 2478 1104 2510 Cass.
1120 2480 1174 2517 38,
1190 2482 1239 2511 34.
1265 2481 1316 2511 M.

1057 2525 1190 2555 Fratres
1203 2534 1382 2565 con-sarrya.
1419 2525 1493 2556 Cic.
1507 2527 1548 2556 ad
1564 2526 1668 2557 Attio.
1689 2529 1717 2566 l,

993 2568 1062 2598 -19.
1087 2567 1198 2598 Tacit.
1213 2570 1300 2599 Ann.
1320 2571 1370 2606 11,
1385 2573 1439 2601 25.
1464 2569 1591 2601 Eumen
1608 2571 1700 2603 Pane

1004 2622 1075 2653 gyr.
1099 2622 1177 2653 cap.
1193 2615 1224 2642 2.
1248 2614 1367 2644 cellar.

1059 2656 1318 2697 Temperaturos.
1361 2656 1404 2687 al.
1433 2657 1716 2699 obtemperaturos.

1006 2699 1118 2731 minus
1132 2706 1224 2740 apte.

1058 2745 1182 2775 Cimbri
1202 2745 1410 2784 Teutonique.
1457 2744 1584 2777 Vellei.
1609 2751 1640 2785 2,
1665 2749 1715 2779 12.

1007 2787 1126 2818 Florus
1140 2789 1171 2825 3,
1194 2789 1225 2817 3.
1261 2787 1401 2829 Eutrop.
1424 2791 1456 2826 5,
1478 2791 1505 2820 1.
1543 2789 1654 2822 Tacit.
1671 2792 1718 2824 H.

1010 2832 1043 2869 4,
1060 2833 1112 2862 73.
1136 2839 1169 2861 et
1184 2831 1298 2861 Germ.
1315 2834 1368 2862 37.
1394 2834 1514 2865 cellar.
1538 2834 1588 2865 De
1605 2835 1717 2867 causis

1010 2875 1093 2906 belli
1120 2875 1155 2906 h.
1178 2875 1201 2906 1.
1223 2877 1497 2910 commemoratis
1519 2878 1589 2911 vid.
1618 2881 1660 2912 ad
1684 2891 1716 2912 c.

1009 2921 1062 2951 35.
1087 2919 1138 2952 Μ.
