1946 3261
265 274 351 317 660
894 270 1096 314 INDEX

269 401 410 434 Omnino
438 397 482 435 (si
512 405 648 430 omnem
678 407 846 430 summam
873 408 989 430 com-⁵

1035 399 1230 438 ostiarium,
1251 398 1292 430 C.
1309 400 1341 437 3,
1358 398 1397 429 32
1440 400 1444 406 ’
1500 399 1503 401 “

309 441 424 483 putes)
436 451 537 480 unus,
555 445 584 480 l,
599 443 631 474 7.
644 445 775 474 ommno
793 443 874 481 duo,
894 444 922 481 1,
937 445 969 472 6.

1036 444 1160 479 Otium,
1189 452 1263 482 pax,
1295 440 1531 482 tranquiilitas.
1562 438 1609 471 ml
1637 441 1741 470 otium

309 485 369 517 sed
397 488 430 523 4,
460 487 514 516 38.
541 488 674 517 omnino
705 486 781 518 duae
813 490 900 524 sunt,
927 495 970 516 ex

311 528 406 559 omni
419 538 558 560 numero
574 533 707 560 tantum
721 530 796 560 duae

270 572 362 603 Onus
377 575 488 610 navis,
503 571 599 603 navis
615 582 808 613 permagna,
826 576 856 611 3,
875 574 914 604 13

270 616 390 656 Opima
404 625 508 653 coena,
530 615 576 645 H.
593 618 634 651 33

269 658 974 700 Opportunitates,situsopportunus,com-

313 702 415 732 moda
429 712 508 733 cum
525 701 591 733 situ
607 703 799 743 conjuncta,
813 704 845 739 3,
866 703 902 732 12

271 745 378 786 Opus,
414 745 610 783 aedificatio,
645 748 676 783 3,
707 747 738 774 3.
784 743 977 786 opificium,

313 787 409 831 ἔργον,
436 793 475 820 ut
503 788 658 819 Minerva
680 785 817 830 Ἐργάνη
838 787 978 826 dicitur,

316 833 349 870 6,
379 833 431 861 17.
460 831 607 862 munitio
635 836 834 869 castrorum,
866 834 894 870 1,
922 832 978 862 49.

316 884 432 906 murus
454 879 489 905 et
510 875 599 906 fossa
621 875 732 913 ducta,
759 876 787 913 1,
809 877 841 905 8.
888 874 978 906 Hinc

316 928 432 959 opera,
469 917 753 956 circumvallatio,
793 920 826 956 8,
856 920 909 949 40.
947 922 981 948 et

317 971 422 1001 opera
434 961 683 999 cummi-strare,
701 961 819 992 urbem
833 961 981 992 circum-

317 1003 457 1041 vallare,
480 1007 512 1042 8,
529 1006 581 1034 37-
605 1015 717 1046 opera,
739 1015 790 1035 res
805 1010 920 1044 gestae,
939 1004 980 1035 C.

322 1048 352 1084 1,
369 1049 422 1077 32.
446 1047 493 1077 Η.
509 1049 563 1078 31.
588 1047 757 1078 machinae
780 1057 982 1088 oppugnan-

319 1089 440 1121 darum
455 1090 605 1128 urbium,
620 1094 652 1128 2,
672 1093 721 1121 12.
738 1090 783 1121 cf.
799 1091 896 1122 labor

277 1133 370 1174 Opus
384 1133 552 1172 estfacere
566 1135 711 1174 aliquid,
735 1136 767 1172 7,
783 1137 824 1166 54

277 1176 389 1206 Orare
415 1185 492 1206 cum
515 1177 643 1217 aliquo,
671 1187 732 1218 per
747 1187 865 1218 preces
887 1186 983 1217 agere

322 1228 402 1249 cum
417 1228 472 1256 eo,
493 1229 572 1249 eum
589 1220 730 1260 precari,
753 1219 791 1251 C.
811 1223 839 1258 1,
853 1223 894 1251 22

276 1261 375 1292 Orbis
390 1260 423 1291 in
435 1261 571 1302 proelio,
585 1263 639 1293 Af.
656 1265 706 1294 15.
719 1263 985 1303 orbemfacium,

320 1307 354 1342 4,
371 1306 425 1335 37.
440 1310 499 1335 aut
513 1307 550 1335 in
563 1305 675 1337 orbem
688 1309 876 1344 consistunt,
891 1308 984 1343 5,33.

320 1352 379 1379 aut
398 1350 434 1378 in
456 1348 565 1379 orbem
582 1354 749 1390 puqnant,
775 1351 817 1381 A.
833 1352 886 1380 40.
913 1349 986 1389 qui,

320 1390 383 1421 ubi
398 1390 444 1421 ab
457 1390 612 1422 hostibus
625 1391 730 1423 cincti
745 1397 834 1431 sunt,
846 1392 890 1424 iis
903 1402 987 1433 qua-

321 1444 528 1475 quaversum
556 1434 702 1466 frontem
729 1435 920 1473 obvertunt,
951 1441 989 1466 ut

321 1486 365 1508 ex
380 1476 540 1508 omnibus
558 1478 708 1518 partibus
725 1484 885 1520 pugnent.
934 1479 987 1522 lp-

322 1521 456 1552 tardum
471 1520 520 1551 sic
539 1519 572 1551 in
590 1522 708 1552 orbem
725 1522 987 1563 pugnabam-ut

324 1573 393 1594 una
422 1564 546 1595 cohors
577 1565 753 1605 paululum
780 1563 988 1607 procurreret

324 1608 485 1639 adversus
508 1607 653 1640 hostem.
677 1612 709 1646 5,
725 1611 778 1641 34.
803 1609 876 1641 sine
896 1620 990 1642 exce·

326 1651 420 1682 deret
434 1661 476 1682 ex
491 1652 579 1687 orbe,
595 1655 627 1689 5,
643 1654 683 1682 35

283 1694 491 1731 Ordmatim,
503 1693 679 1726 ordinibus
690 1694 873 1733 instructis,
886 1695 940 1726 Af.
953 1698 988 1726 12

284 1737 386 1775 Ordo,
401 1737 564 1775 centuria,
585 1740 612 1776 1,
629 1741 683 1776 40,
700 1741 754 1770 41.
779 1739 820 1769 C.
842 1742 872 1777 l,
891 1741 941 1770 13.
958 1743 990 1777 2,

327 1782 384 1810 ,28.
429 1780 519 1811 Hinc
535 1782 664 1813 ordines
678 1784 793 1822 primi,
819 1787 850 1819 5,
865 1785 920 1820 28,
936 1785 992 1813 41.

329 1823 491 1855 centuriae
518 1823 635 1864 primae
657 1825 802 1866 alicujus
827 1825 991 1865 legionis:

329 1871 363 1896 et
395 1866 578 1906 infimiores,
614 1867 741 1907 quibus
776 1874 994 1908 opponuntur

328 1911 524 1950 superiore-5,
550 1911 582 1948 6,
605 1912 667 1940 40:
702 1916 735 1941 et
759 1912 878 1949 infimi,
901 1911 943 1942 C.
962 1915 993 1948 2,

332 1954 386 1982 35.
410 1951 536 1992 quibus
547 1954 671 1984 honesti
685 1960 917 1994 opponuntur.
941 1955 994 1986 Cf.

332 1996 481 2036 amplus.
540 1997 618 2036 Spes
655 1998 781 2027 ordinis
816 1997 900 2028 olim
936 1998 996 2027 du-

331 2037 443 2076 cendi,
462 2038 546 2069 facit
562 2038 604 2070 iis
619 2049 728 2080 spem,
744 2040 816 2070 sore
831 2047 868 2070 ut
883 2041 996 2071 ordini

332 2092 361 2112 s.
392 2082 553 2113 centuriae
583 2082 822 2122 praeficiantur,
843 2084 881 2114 C.
912 2086 940 2121 l,
963 2086 995 2115 3.

334 2123 399 2154 Sed
417 2128 449 2161 5,
465 2127 518 2155 30.
535 2127 566 2162 6,
583 2127 614 2156 7.
636 2127 716 2157 ordo
727 2129 859 2167 primus
872 2132 922 2157 est
938 2137 998 2168 per

333 2167 592 2207 metonymiam,
612 2167 775 2200 Centurio
793 2169 892 2209 primi
908 2170 999 2201 mdi-

335 2210 401 2241 nis.
449 2210 579 2241 Rursus
603 2211 748 2250 ordines,
775 2213 879 2244 series
905 2213 999 2245 mili-

335 2258 409 2284 tum
425 2252 459 2283 in
476 2253 565 2292 acie,
579 2257 611 2289 4,
626 2257 678 2284 33.
696 2261 729 2285 et
742 2258 844 2296 primi
856 2257 999 2295 ordines,

336 2295 396 2337 qui
418 2296 566 2336 primum
597 2297 630 2328 in
658 2298 731 2328 acie
758 2299 873 2330 locum
897 2311 1000 2331 occu-

337 2345 433 2380 pant.
489 2341 628 2372 Ordines
661 2341 794 2381 (strata)
831 2346 1000 2384 cespitum,

338 2386 372 2420 5,
387 2385 441 2414 51.
464 2384 593 2416 ordines
617 2384 748 2423 (strata)
774 2389 929 2424 cratium,
957 2387 998 2419 C.

339 2429 372 2464 2,
388 2429 407 2456 2

296 2469 402 2507 Oriri,
434 2469 547 2511 3229oe
583 2472 735 2503 oriuntur
770 2473 814 2502 ab
846 2477 1002 2506 eoetremis

334 2513 462 2552 finibus
472 2514 514 2544 G.
527 2513 576 2545 ibi
588 2519 639 2544 est
650 2513 785 2545 initium
793 2515 930 2555 Belgiae,
947 2520 973 2554 l,
987 2520 998 2547 1

298 2556 504 2587 Omamema
536 2557 799 2597 elephantorum,
826 2560 1003 2599 adparatus

343 2598 467 2636 omnis,
487 2609 556 2639 quo
585 2599 703 2630 instrui
729 2601 848 2639 solent,
874 2603 928 2633 Af.
947 2605 1000 2634 86.

342 2641 474 2672 Ibidem
488 2642 632 2674 ornalw›·'
640 2644 836 2684 elephantus

301 2686 436 2716 Ornare
463 2687 588 2726 equites
630 2686 789 2718 instruere
819 2688 930 2728 rebus,
959 2692 1001 2722 ad

340 2733 530 2769 equestrem
545 2728 704 2760 militiam
726 2731 935 2770 necessariis,
960 2736 999 2765 A.

341 2773 397 2802 50.
443 2771 540 2802 Unde
554 2778 679 2804 ornata
693 2777 785 2806 omni
807 2785 928 2817 yenere
943 2787 1002 2808 ar-

342 2824 476 2845 morum
491 2818 601 2853 navis,
616 2818 647 2854 3,
667 2818 705 2848 14

297 2856 488 2894 Ostendere,
502 2857 700 2898 significare,
718 2862 787 2900 l,8,
807 2863 855 2894 19.
879 2862 920 2894 C.
939 2865 967 2901 1,
981 2866 1000 2894 G

297 2899 469 2933 Ostentare
482 2901 642 2943 aliquem,
666 2907 698 2943 5,
714 2906 751 2936 41

1075 487 1206 527 profici,
1231 487 1264 523 7,
1280 487 1334 516 66.
1358 484 1524 517 ad'otiu'm
1545 482 1677 521 dedu-i,
1697 481 1740 513 C.

1086 532 1113 567 1,
1129 530 1162 560 6.
1183 526 1470 575 diziturnitas'ot'ii,
1485 526 1525 558 C.
1542 530 1575 566 2,
1592 527 1633 557 36

1042 660 1228 698 Pabulum,
1256 660 1417 692 alimenta
1441 659 1682 700 jumentorum,
1713 655 1746 697 l,

1089 706 1140 735 16.
1187 702 1277 734 Hinc
1291 704 1463 743 pabulari,
1477 703 1749 743 conquirerem-

1085 748 1212 785 bzdum,
1232 749 1261 784 1,
1279 748 1330 777 15.
1347 749 1378 784 8,
1397 748 1447 777 10.
1462 750 1495 777 et
1506 744 1681 787 pabulatio

1045 792 1210 827 Pacatus,
1243 795 1382 821 coactus
1421 798 1542 830 pacem
1572 788 1684 819 facere
1716 790 1751 816 et

1089 842 1233 870 servare,
1247 829 1282 863 et
1293 832 1480 873 quiescere,
1497 834 1525 869 1,
1537 832 1569 861 6.
1585 834 1618 868 2,
1633 832 1648 860 1

1048 878 1177 919 Paqu-S,
1192 886 1269 917 pars
1283 874 1444 914 civitatis,
1463 877 1493 913 1,
1511 876 1562 911 12,
1579 875 1630 904 37.
1648 874 1680 911 6,
1698 873 1749 903 11.

1091 921 1136 952 Et
1157 922 1186 957 1,
1207 922 1256 950 12.
1283 924 1516 960 permutantur
1530 917 1677 949 invicem
1688 925 1753 957 pa-

1090 974 1155 1005 yns
1171 964 1209 994 H
1211 965 1365 995 elveeicus
1381 968 1415 993 et
1424 972 1508 1004 pars
1522 962 1660 993 civitatis
1671 959 1756 990 Hel-

1091 1009 1214 1039 veticae.
1251 1006 1503 1047 Metaphrastes
1516 1014 1643 1046 graecus
1658 999 1756 1043 φυλὰς

1095 1051 1329 1091 interpretatus
1344 1055 1395 1080 est

1051 1094 1295 1127 Paludamenti
1309 1093 1416 1130 color,
1432 1095 1464 1131 7,
1478 1093 1531 1122 88.
1555 1090 1609 1122 Af.
1625 1091 1666 1121 57

1051 1139 1234 1175 Panicum,
1256 1138 1296 1167 C.
1313 1140 1346 1174 2,
1360 1139 1414 1167 22.
1453 1134 1600 1167 Omnino
1615 1138 1667 1164 est
1680 1141 1755 1172 gla-

1095 1191 1184 1218 men,
1209 1181 1318 1211 serens
1346 1179 1489 1220 spicam,
1513 1175 1699 1209 seminibus
1729 1185 1757 1205 s.

1095 1223 1243 1265 granulis
1257 1223 1513 1263 locupletatam,
1532 1231 1551 1251 e
1566 1218 1703 1266 quibug,
1717 1222 1757 1247 ut

1095 1278 1114 1298 e
1131 1266 1228 1298 milio
1246 1267 1406 1303 (Hirsen,
1424 1264 1636 1301 Semnum),
1659 1261 1758 1293 cibus

1096 1310 1205 1350 parari
1224 1314 1334 1350 potest
1348 1307 1459 1340 varius

1055 1354 1129 1386 Par
1142 1358 1252 1395 atque,
1273 1355 1300 1391 l,
1314 1355 1368 1383 28.
1383 1357 1420 1383 ut
1433 1353 1562 1393 pariter
1573 1360 1614 1382 ac

1056 1398 1218 1434 Paratus,
1239 1396 1354 1427 animo
1369 1395 1533 1432 adfectus,
1547 1396 1594 1425 sic
1603 1396 1758 1435 param-3,

1097 1451 1139 1472 eo
1153 1439 1280 1477 animo,
1294 1439 1333 1470 C.
1353 1441 1382 1477 1,
1397 1441 1450 1469 75.
1467 1438 1510 1469 cf.
1527 1440 1560 1475 8,
1575 1439 1618 1467 28

1056 1485 1258 1522 Parentare,
1281 1483 1314 1514 in
1338 1481 1462 1514 mortui
1486 1481 1650 1512 honorem
1665 1487 1760 1510 sacra

1100 1527 1207 1558 facere
1223 1533 1258 1558 ut
1274 1527 1445 1567 placetur:
1471 1525 1560 1556 unde
1575 1525 1607 1562 7,
1622 1523 1654 1553 7.
1668 1531 1760 1554 mot-

1100 1576 1195 1601 tuum
1210 1572 1303 1602 caede
1316 1569 1456 1601 alterius
1471 1566 1595 1600 ulcisci

1058 1615 1203 1651 Pariter,
1227 1613 1340 1649 simul,
1355 1613 1476 1643 eodem
1491 1617 1654 1652 tempore,
1674 1608 1715 1639 C.
1731 1607 1764 1646 3,

1101 1660 1154 1687 52.
1192 1656 1248 1688 Sic
1263 1663 1296 1688 et
1314 1656 1437 1687 Justin-
1459 1656 1551 1693 17,2.
1589 1650 1762 1692 Sam-lug.

1061 1745 1159 1781 Pars,
1189 1742 1293 1784 regio,
1320 1745 1352 1779 4,
1368 1744 1421 1773 31.
1446 1741 1581 1779 civims,
1601 1739 1707 1778 natio,
1733 1741 1764 1777 3,

1108 1788 1158 1816 10.
1180 1796 1262 1817 meae
1274 1790 1386 1826 partes
1412 1788 1563 1815 constant
1584 1786 1620 1815 in
1636 1785 1766 1814 miseri-

1101 1829 1223 1865 cordia,
1238 1828 1275 1857 C.
1299 1830 1326 1864 1,
1343 1830 1384 1857 85

1062 1873 1205 1909 Partim»,
1227 1873 1316 1908 item,
1342 1870 1387 1900 ΙΙ.
1405 1871 1459 1901 37.

1065 1958 1247 1994 Paruulus,
1270 1956 1335 1987 hoc
1357 1955 1597 1987 diminutivum
1611 1955 1766 1996 frequens

1107 2000 1265 2037 occurrit,
1281 2004 1314 2038 5,
1328 2001 1381 2037 50,
1399 2002 1453 2030 52.
1471 2001 1503 2037 8,
1523 2001 1572 2031 13.
1606 1999 1647 2031 C.
1665 2001 1695 2037 3,
1711 2001 1764 2030 72.

1113 2046 1184 2075 104.
1210 2044 1263 2074 Af.
1280 2045 1334 2081 37,
1351 2046 1404 2081 54,
1421 2044 1475 2079 63,
1491 2044 1532 2073 87

1066 2089 1199 2120 Parcus
1217 2088 1372 2124 Senator,
1393 2086 1447 2116 Ar.
1464 2087 1504 2116 57

1067 2130 1259 2170 Patefacere
1274 2132 1348 2167 iter,
1372 2129 1494 2167 facere,
1518 2134 1554 2161 ut
1578 2139 1637 2170 per
1651 2129 1767 2161 locum

1110 2180 1143 2204 et
1171 2172 1205 2204 in
1231 2183 1310 2204 eum
1329 2173 1435 2204 libere
1454 2183 1645 2204 commeare
1667 2173 1769 2205 liceat

1109 2216 1282 2249 mercandi
1298 2226 1412 2254 causa,
1429 2218 1460 2254 3,
1475 2219 1489 2247 1

1069 2263 1194 2293 Putem
1206 2262 1307 2298 locus,
1322 2269 1390 2291 non
1406 2259 1568 2298 munitus,
1589 2261 1616 2298 l,
1633 2261 1670 2291 10

1067 2304 1340 2345 Pater-familiae,
1356 2305 1387 2341 6,
1406 2305 1442 2334 19

1068 2349 1217 2385 Patiens,
1245 2347 1299 2378 As.
1329 2348 1381 2377 31.
1430 2347 1610 2386 Patientia,
1638 2345 1667 2378 si
1693 2344 1770 2387 quis

1111 2400 1213 2432 parco
1243 2390 1336 2421 victu
1366 2395 1400 2421 et
1430 2391 1513 2422 duro
1542 2389 1619 2422 vitae
1647 2399 1769 2431 genere

1111 2434 1228 2470 utitur,
1244 2435 1276 2472 6,
1291 2437 1333 2465 24

1071 2479 1294 2515 Patrocinari,
1317 2477 1361 2508 Η.
1379 2479 1418 2508 29

1070 2522 1122 2552 Pa
1129 2530 1206 2552 acus
1221 2531 1393 2559 numerus,
1417 2519 1469 2551 Af.
1485 2521 1526 2551 67

1069 2565 1315 2602 Pavimemum,
1336 2564 1375 2595 C.
1393 2566 1424 2601 3,
1442 2565 1514 2594 105.
1539 2563 1580 2594 A.
1602 2564 1614 2593 l

1070 2607 1249 2639 Paulatim
1272 2607 1421 2644 adclivis,
1443 2610 1475 2645 2,
1491 2609 1521 2637 8.
1548 2608 1579 2644 3,
1599 2607 1650 2637 19.
1678 2613 1767 2646 pau-

1109 2651 1205 2682 latim
1220 2651 1424 2688 distributus,
1439 2650 1473 2681 in
1486 2648 1627 2691 exiguas
1641 2653 1771 2689 partes,

1111 2696 1143 2732 8,
1164 2696 1200 2724 15

1068 2738 1192 2775 Paulo,
1211 2747 1276 2768 non
1293 2742 1453 2778 sequente
1467 2734 1723 2780 comparativo,
1736 2734 1770 2770 7,

1111 2783 1165 2812 45.
1189 2782 1291 2822 paulo
1315 2781 1418 2821 iufra,
1449 2784 1479 2818 4,
1502 2781 1555 2811 36.
1601 2777 1769 2811 Usitauus

1111 2830 1174 2861 est,
1191 2824 1292 2865 paulo
1308 2823 1451 2855 iuferius

1069 2868 1227 2907 peccare,
1247 2868 1289 2900 de
1304 2867 1439 2909 injuria,
1459 2876 1534 2908 quae
1550 2864 1646 2898 alteri
1660 2864 1716 2902 sit,
1744 2865 1772 2904 1,

1507 1870 1650 1908 Partim,
1666 1874 1709 1907 et,
1723 1869 1761 1901 A.
