1946 3261
320 234 408 282 114
466 295 469 298 Ι
723 234 809 278 DE
841 232 1046 278 BELLO
1076 233 1371 280 GALLIGO.

317 355 493 406 inimici,
516 355 658 413 palam
676 356 823 400 multis
840 359 969 402 etiam
988 376 1042 401 ex
1063 359 1237 403 civitate
1255 357 1521 409 auctoribus,
1536 371 1636 401 eum
1652 357 1783 401 inter-

316 411 525 459 fecerunt.
587 414 794 459 Desertus
822 434 872 460 ea
900 433 966 460 res
982 417 1036 460 ad
1060 419 1284 461 Caesarem.
1348 417 1427 460 Ille
1459 418 1636 466 veritus,
1667 417 1785 474 quod

317 474 372 516 ad
392 473 539 530 plures
562 474 824 530 pertinebat,
857 492 909 518 ne
929 477 1080 518 civitas
1111 493 1259 519 eorum
1281 477 1455 536 inpulsu
1482 476 1699 525 deficeret,
1731 476 1782 518 L.

318 527 528 574 Plancum
557 548 656 575 cum
677 532 845 591 legione
868 551 921 577 ex
953 535 1105 593 Belgio
1136 536 1333 578 celeriter
1354 535 1398 577 in
1419 535 1633 578 Carnutes
1654 534 1783 602 profi-

315 587 415 631 cisci
446 589 574 648 jubet
607 590 754 647 ibique
788 592 997 642 hiemare;
1050 609 1324 652 quorumque
1359 610 1492 652 opera
1531 600 1784 653 cognoverit

314 644 564 706 Tasgetium
603 647 894 700 interfectum,
944 651 1019 694 hos
1069 653 1395 711 comprehensos
1435 653 1491 695 ad
1531 670 1576 696 se
1595 653 1782 720 mittere.
1830 673 1833 677 ·

312 699 493 750 Interim
516 707 574 750 ab
594 708 791 751 omnibus
812 710 984 768 Legatis
1004 711 1400 770 Quaestoribusque,
1421 712 1579 769 quibus
1599 712 1788 770 legiones

310 764 616 816 transdidei·at‚
637 767 795 810 certior
813 769 951 811 factus
981 777 1061 821 est,
1082 770 1126 813 in
1146 770 1325 815 hiberna
1344 779 1601 830 perventum
1622 771 1784 813 locum·-

310 837 396 881 que
417 821 607 867 hibernis
625 841 711 869 esse
727 827 955 870 munitum.

314 933 320 936 .
369 881 441 923 26.
475 881 640 926 Diebus
673 885 844 928 circiter
878 887 979 930 XV.
1017 887 1175 945 quibus
1212 888 1255 931 in
1285 887 1465 931 hiberna
1492 893 1670 930 ventum
1704 894 1786 954 est,

309 937 482 995 initium
503 943 717 1000 repentini
737 945 948 988 tumultus
968 963 1016 989 ac
1035 946 1285 991 defectionis
1306 955 1450 989 ortum
1470 954 1535 989 est
1555 945 1611 1013 ab
1632 946 1785 988 Ambi-

309 997 432 1057 orige
451 1008 496 1042 et
519 1001 769 1052 Cativolco;
801 1004 877 1061 qui
897 1018 1030 1062 quum
1051 1007 1105 1049 ad
1126 1006 1227 1049 fines
1248 1006 1371 1063 regni
1391 1005 1455 1048 sui
1479 1004 1642 1047 Sabino
1680 1005 1785 1047 Cot·

310 1064 453 1114 taeque
488 1069 646 1117 praesto
682 1061 876 1113 fuissent,
914 1064 1263 1123 frumentumque
1299 1065 1341 1108 in
1372 1065 1552 1108 hiberna
1587 1076 1785 1130 compor-

308 1117 530 1168 tavissent,
563 1117 851 1164 Indutiomari
872 1122 1043 1167 Treviri
1076 1125 1240 1167 nunciis
1260 1123 1435 1182 inpulsi,
1469 1138 1568 1166 suos
1599 1131 1784 1166 concita-

307 1184 483 1227 verunt,
504 1176 733 1235 subitoque
754 1181 965 1238 obpressis
996 1183 1297 1241 lignatoribus,
1319 1198 1476 1241 magna
1496 1197 1625 1224 manu
1645 1189 1786 1248 castra

307 1234 613 1293 obpugnatum
641 1248 867 1282 venerunti
931 1241 1077 1291 Quum
1107 1243 1310 1285 celeritur
1345 1241 1481 1284 nostri
1510 1256 1631 1283 arma
1650 1255 1785 1306 cepis-

305 1301 402 1335 sent
437 1294 689 1363 vallumque
709 1297 1021 1343 adscendissent
1054 1309 1202 1358 atque,
1238 1317 1323 1343 una
1344 1315 1397 1342 ex
1433 1308 1558 1357 parte
1583 1298 1787 1356 Hispani·

305 1350 524 1408 equitibus
544 1355 718 1405 emissis,
750 1357 940 1413 equestri
964 1359 1120 1415 proelio
1141 1358 1383 1416 superiores
1412 1358 1606 1405 fuissent,
1633 1357 1785 1415 despe-

306 1417 404 1451 rata
425 1424 487 1459 re,
518 1410 658 1454 hostes
682 1428 778 1455 suos
800 1415 857 1457 ab
881 1416 1206 1473 obpugnatione
1228 1416 1509 1458 reduxerunt.
1573 1416 1687 1458 Tum
1707 1431 1785 1459 suo

307 1482 428 1510 more
449 1469 842 1523 conclamaverunt,
873 1474 939 1516 uti
971 1474 1106 1532 aliqui
1138 1491 1191 1517 ex
1226 1474 1380 1517 nostris
1417 1474 1472 1517 ad
1505 1473 1785 1531 conloquium

305 1526 558 1583 prodirent;
589 1528 749 1573 habere
780 1548 883 1582 sese,
918 1549 1016 1590 quae
1043 1534 1096 1576 de
1125 1550 1172 1576 re
1203 1533 1419 1577 communi
1439 1533 1582 1576 dicere
1603 1531 1781 1585 vellent,

305 1585 469 1642 quibus
490 1587 620 1629 rebus
641 1592 956 1634 controversias
977 1592 1112 1634 minui
1135 1609 1257 1650 posse
1277 1600 1517 1650 sperarent.
1633 1649 1641 1658 .
1704 1649 1713 1658 .

364 1642 437 1684 27.
473 1644 677 1688 Mittitur
716 1648 771 1690 ad
815 1665 886 1691 eos
918 1651 1206 1707 conloquendi
1243 1665 1390 1693 caussa
1431 1650 1484 1692 O.
1530 1648 1784 1707 Arpineius,

304 1715 438 1758 eques
459 1701 696 1753 Romanus,
722 1705 945 1749 familiaris
981 1709 1036 1757 Q.
1062 1709 1239 1758 Titurii,
1262 1718 1307 1751 et
1339 1709 1393 1757 Q.
1418 1706 1447 1750 J
1453 1709 1578 1751 unius
1599 1724 1652 1774 ex
1670 1708 1783 1775 'His-

306 1759 438 1816 pania
459 1759 652 1817 quidam,
690 1764 767 1820 qui
800 1764 889 1821 jam
909 1774 1010 1808 ante
1037 1767 1166 1810 missu
1202 1766 1382 1809 Caesaris
1403 1767 1457 1809 ad
1481 1767 1782 1824 Ambiorigem

304 1817 521 1860 ventitare
542 1832 846 1872 consueverat3
879 1825 996 1882 apud
1018 1842 1127 1883 quos
1150 1825 1382 1868 Ambiorix
1402 1825 1455 1868 ad
1474 1825 1587 1868 hunc
1608 1826 1784 1869 modum

305 1874 480 1919 locutus
500 1886 588 1920 est:
640 1887 669 1905 ‘⁶
695 1881 797 1923 Sese
817 1898 899 1940 pro
925 1884 1161 1927 Caesarisin
1183 1902 1225 1927 se
1247 1884 1463 1926 beneficiis
1485 1885 1723 1942 plurimum
1744 1885 1784 1926 ei

307 1940 339 1961 ‘⁶
361 1935 559 1978 confiteri
589 1937 762 1989 debere,
801 1942 919 1998 quod
940 1943 1030 2000 ejus
1051 1959 1184 2002 opera
1202 1943 1416 2001 stipendio
1435 1943 1644 1986 liberatus
1661 1951 1785 1992 esset,

304 1999 336 2020 “
358 1994 479 2052 quod
500 1994 741 2049 Advatucis
758 1998 965 2042 finitumis
986 2001 1070 2043 suis
1089 2003 1274 2060 pendere
1289 2009 1549 2044 consuesset:
1578 2002 1785 2060 quodque

305 2058 337 2079 ‘⁶
359 2053 399 2096 ei
431 2061 478 2096 et
502 2048 618 2097 filius
639 2064 683 2099 et
715 2056 862 2101 fratris
879 2058 994 2103 filius
1014 2061 1072 2103 ab
1107 2062 1274 2104 Caesare
1308 2059 1470 2103 remissi
1498 2070 1652 2112 essent,
1674 2075 1785 2120 quos

307 2206 424 2240 multis
446 2206 588 2240 offendit
611 2210 783 2244 lectorem.
831 2213 920 2253 Ergo
935 2225 1013 2247 cum

307 2247 386 2282 aliis
404 2251 484 2292 poni
500 2253 617 2283 malim
635 2257 748 2286 etiam.
789 2255 919 2289 Deinde
934 2269 1013 2290 cum

308 2294 464 2336 plerique
490 2296 569 2328 libri
593 2297 789 2338 exhibeant,
814 2313 854 2332 av
880 2305 1012 2335 ein-itate

308 2348 352 2370 ea:
368 2340 419 2370 liis
430 2339 484 2370 vel
499 2350 542 2371 em
559 2342 609 2371 liis
627 2345 831 2383 ametor-ibus,
850 2345 1012 2377 credibile

306 2387 369 2421 est,
387 2393 446 2423 pro
462 2390 504 2414 em
521 2385 572 2415 lais
583 2385 650 2426 legi
668 2395 767 2426 posse
782 2398 857 2419 cuni
872 2390 1012 2421 Davisio

307 2425 418 2465 caedis,
429 2432 490 2458 aut
501 2436 578 2459 cum
594 2428 834 2473 Oudendorpio
845 2436 944 2464 noeis.
962 2435 1012 2466 M.

305 2469 356 2501 Ita
365 2471 442 2502 edd.
457 2478 525 2503 vet.
535 2473 656 2513 palam
666 2476 779 2506 multis
791 2479 903 2508 etiam.
915 2477 1014 2509 bene.

306 2513 437 2555 recepi.
485 2512 588 2547 szc
613 2517 699 2548 refer
724 2519 767 2549 ad
785 2530 937 2559 annum;
962 2521 1011 2552 sic

304 2566 386 2588 eum
422 2568 491 2590 non
529 2560 690 2597 abundat,
729 2567 766 2593 ut
806 2563 1011 2604 quibusdam

304 2601 427 2633 visum.
465 2603 530 2633 Pro
547 2603 612 2636 isto
627 2606 716 2636 hmzc
730 2605 789 2637 alii
805 2615 910 2641 nunc.
926 2608 1011 2640 Dein

307 2644 444 2677 Graecus
465 2647 593 2678 πολλῶν
623 2650 675 2683 τῆς
703 2649 813 2684 πόλεως
847 2652 1009 2694 ἀςχὸντων,

306 2691 395 2729 quod
426 2690 578 2733 ἀξχὸνιτων
617 2702 638 2724 a
674 2693 816 2725 Davisio
847 2694 1009 2727 intrusum

309 2732 476 2772 perhibet.
502 2734 590 2766 Oud.
614 2744 812 2778 perperam3
835 2747 914 2771 nani
927 2739 1011 2771 Jun-

307 2786 507 2816 gemiannus
518 2779 589 2820 jain
606 2776 722 2811 habet.

354 2822 593 2856 Quaestoribus.
647 2825 742 2857 Unus
770 2825 907 2867 quidem
945 2826 1010 2858 fuit

306 2860 475 2903 Quaestor,
501 2866 552 2898 M.
577 2868 728 2907 Crassus,
753 2875 834 2901 ut.e
863 2881 940 2912 cap.
968 2875 1009 2903 ‘24

305 2907 458 2947 adparet,
485 2911 543 2941 sed
569 2911 679 2944 Caesar
703 2913 735 2944 in
759 2913 948 2947 universum
976 2920 1011 2946 et

304 2948 432 2982 infinite
447 2952 488 2984 de
504 2954 648 2987 ducibus
665 2956 823 2997 loquitur,
845 2959 966 3000 Leycili
980 2964 1010 2990 et

307 2995 505 3035 Quaestor-es,
533 2996 567 3029 in
589 3010 658 3041 quo
686 3010 754 3035 non
778 3013 910 3037 summa
931 3001 1012 3037 dili-

1082 2214 1207 2255 gentia,
1216 2215 1258 2246 ad
1275 2224 1451 2246 numerum
1462 2220 1593 2253 exacta,
1604 2215 1785 2256 quaerenda

1082 2265 1144 2291 est.
1174 2261 1224 2290 M.
1254 2259 1309 2290 Gr.
1326 2260 1429 2291 habet
1441 2259 1636 2302 χιλιάρχης.
1687 2298 1690 2299 ⁷

1129 2304 1252 2335 Sabino
1273 2304 1445 2345 C'ottoeqioe.
1463 2301 1532 2333 vid.
1549 2313 1580 2333 c.
1596 2304 1650 2333 24.
1683 2302 1782 2335 Hunc

1081 2347 1260 2378 tumultum
1277 2347 1394 2378 Galliae
1411 2346 1612 2377 Plutarchus
1637 2345 1737 2385 (Caes.
1751 2356 1782 2378 c.

1084 2392 1156 2429 21.)
1173 2389 1301 2432 paucis.
1320 2391 1386 2422 Dio
1401 2389 1535 2421 Cassius
1560 2390 1632 2429 (40,
1647 2391 1727 2432 ‘lg—l
1740 2391 1784 2431 l.)

1083 2436 1186 2476 paulo
1227 2435 1382 2476 pluribus
1422 2433 1621 2475 descripsit:
1660 2434 1716 2466 sed
1746 2431 1779 2466 in

1081 2477 1173 2509 exitu
1188 2480 1294 2511 Coiiae
1303 2483 1335 2509 et
1346 2474 1470 2509 Titurii
1485 2477 1705 2509 describendo
1716 2477 1783 2509 dis-

1080 2523 1171 2554 cedit
1186 2523 1231 2555 ab
1249 2519 1313 2562 his,
1330 2533 1404 2564 quae
1420 2522 1532 2554 Caesar
1547 2531 1622 2563 cap.
1635 2521 1676 2553 36
1690 2526 1723 2553 et
1740 2524 1778 2554 37

1079 2567 1224 2598 tradidit.
1273 2568 1321 2599 M.

1126 2611 1377 2652 Obpuqnalum.
1412 2609 1481 2642 Alii
1496 2612 1701 2651 pitynalum„
1727 2607 1782 2640 ob-

1073 2652 1279 2695 puynamia.

1126 2699 1254 2733 Qm'bus
1282 2700 1392 2731 rebus.

1078 2742 1177 2773 ‘rebus
1195 2742 1373 2774 omittitur.

1126 2788 1162 2817 C.
1184 2788 1375 2827 Ανμὶηρὶιις.
1422 2785 1476 2818 ΑΙ.
1495 2786 1665 2827 Ανρέηἰιιε,
1683 2784 1782 2826 Arpi·

1075 2839 1151 2861 uus.
1197 2830 1260 2861 Sed
1276 2831 1335 2862 Gr.
1358 2828 1550 2873 Καςττηνῆΐος.
1621 2869 1629 2878 ·

1123 2875 1232 2905 Missi(
1253 2875 1410 2907 Caesaris.
1434 2873 1690 2913 Al.jus‘m.imo
1703 2871 1779 2902 edd.

1076 2922 1142 2948 vet.
1172 2917 1266 2959 pejus
1283 2921 1425 2958 injussu.
1459 2916 1594 2948 Graecus
1608 2926 1685 2948 cum
1705 2915 1781 2948 vul-

1076 2966 1156 3002 gaio
1174 2961 1266 2995 facit.
1311 2962 1365 2995 Cf.
1379 2967 1414 2995 et
1429 2963 1460 3001 6,
1477 2961 1508 2992 ⁷.

1437 2692 1532 2730 Male
1560 2692 1606 2729 ab
1636 2695 1715 2728 aliis
1745 2695 1781 2726 eb
