1946 3261
564 188 681 235 LIB.
717 186 822 236 VII.
886 188 1025 235 CAP.
1057 189 1248 234 44-46,
1576 191 1658 235 193

162 316 561 376 inpedimentorum
616 335 670 363 ex
729 318 878 362 castris
930 319 1237 377 mulorumque
1292 317 1494 379 produci,
1542 335 1654 378 eque

165 377 214 419 iis
236 387 474 421 stramenta
494 377 666 421 detrahi
699 379 998 436 mulionesque
1035 394 1134 420 cum
1172 379 1421 430 cassidibus,
1456 379 1657 437 equitum

164 436 305 494 specie
326 453 376 479 ac
396 437 687 491 simulatione,
709 438 894 481 collibus
915 437 1179 480 circumvehi
1196 439 1338 495 jubet.
1389 438 1476 481 Hic
1493 455 1656 497 paucos

165 495 287 538 addit
328 496 516 553 equites,
563 496 639 553 qui
685 497 815 539 latius
852 495 1151 540 ostentationis
1184 512 1331 539 caussa
1368 506 1654 556 vagarentur.

170 553 323 612 Longo
344 555 534 597 circuitu
554 553 725 596 easdem
754 571 898 598 omnes
927 555 1054 614 jubet
1086 563 1237 613 petere
1272 555 1483 614 regiones.
1549 557 1658 600 Haec

167 613 323 670 procul
343 628 396 656 ex
418 612 583 670 oppido
604 611 885 662 videbantur,
909 623 959 656 ut
979 621 1076 657 erat
1108 630 1134 656 a
1173 615 1396 673 Gergovia
1428 615 1660 674 despectus

169 672 213 714 in
250 679 420 720 castra;
453 686 595 728 neque
631 679 756 714 tanto
789 672 946 730 spatio,
987 673 1097 715 certi
1133 673 1242 731 quid
1274 682 1399 723 esset,
1439 675 1660 732 explorari

167 737 358 789 poterat.
423 728 658 787 Legionem
680 746 809 773 unam
831 730 983 773 eodem
1013 731 1121 789 jugo
1142 732 1281 775 mittit
1307 741 1353 776 et
1385 733 1538 790 paullo
1560 750 1661 791 pro-

167 804 358 846 gressam
378 788 584 833 inferiore
606 789 831 832 constituit
852 790 949 833 loco
969 789 1172 846 silvisque
1193 791 1401 835 occultat.
1452 792 1661 851 Augetur

173 847 312 890 Gallis
332 847 520 907 suspicio
540 857 673 906 atque
693 863 839 892 omnes
859 849 937 892 illo
959 847 1016 890 ad
1046 848 1330 892 munitionem
1359 850 1495 909 copiae
1525 859 1664 893 trans-

166 907 403 950 ducuntur.
459 907 612 950 Vacua
632 916 774 950 castra
800 907 992 951 hostium
1028 908 1173 950 Caesar
1209 909 1499 967 conspicatus,
1536 911 1666 953 tectis

168 965 410 1023 insignibus
455 982 636 1010 suorum
687 967 1002 1025 occultatisque
1044 967 1179 1025 signis
1219 967 1500 1020 militaribus,
1542 984 1665 1012 raros

168 1025 344 1076 milites,
367 1041 420 1069 ne
441 1042 494 1069 ex
513 1026 677 1085 oppido
695 1026 1161 1077 animadverterentur,
1184 1043 1238 1070 ex
1258 1027 1496 1086 majoribus
1513 1029 1665 1071 castris

168 1083 212 1128 in
244 1085 412 1129 minora
446 1085 689 1129 transducit
729 1085 789 1128 Le
823 1086 1008 1144 atisque,
1049 1102 1159 1143 quos
1201 1086 1380 1145 singulis
1417 1086 1666 1144 legionibus

172 1143 444 1202 praefecerat,
478 1144 589 1202 quid
621 1144 716 1188 fieri
744 1161 796 1188 ve
818 1145 894 1195 let,
917 1145 1135 1189 ostendit:
1169 1145 1212 1188 in
1235 1146 1385 1205 primis
1415 1154 1577 1198 monet,
1615 1153 1669 1190 ut

172 1202 426 1246 contineant
447 1204 623 1254 milites,
646 1220 699 1248 ne
721 1204 866 1247 studio
888 1204 1114 1264 pugnandi
1134 1213 1212 1247 aut
1230 1221 1304 1264 spe
1318 1205 1475 1264 praedae
1492 1205 1666 1266 longius

174 1262 540 1320 progrediantur:
576 1263 684 1321 quid
713 1263 916 1321 iniquitas
948 1264 1031 1307 loci
1054 1263 1213 1307 habeat
1247 1263 1525 1315 incommodi,
1565 1281 1667 1324 pro-

174 1322 322 1379 ponit:
356 1321 438 1364 hoc
461 1338 546 1366 una
567 1321 791 1366 celeritate
826 1338 946 1381 posse
976 1324 1132 1366 vitari:
1168 1324 1402 1367 occasionis
1435 1340 1523 1367 esse
1556 1340 1666 1375 rem,

172 1395 258 1422 non
280 1380 440 1438 proelii.
505 1381 589 1424 His
620 1381 751 1424 rebus
783 1382 1005 1440 expositis,
1035 1383 1206 1440 signum
1235 1382 1313 1425 dat
1340 1392 1386 1426 et
1407 1383 1463 1426 ab
1484 1382 1667 1427 dextera

173 1447 301 1498 parte
323 1439 408 1482 alio
425 1439 631 1483 adscensu
648 1439 801 1482 eodem
822 1449 1021 1500 tempore
1044 1441 1213 1484 AEduos
1234 1441 1388 1484 mittit.

231 1497 304 1540 46.
340 1497 511 1558 Oppidi
526 1514 676 1542 murus
697 1500 753 1542 ab
773 1499 955 1557 planitie
975 1509 1107 1557 atque
1129 1500 1252 1543 initio
1274 1501 1516 1550 adscensus,
1548 1509 1670 1544 recta

174 1556 368 1615 regione,
392 1559 426 1600 si
448 1558 595 1601 nullus
617 1558 852 1600 amfractus
874 1558 1177 1608 intercederet,
1222 1559 1357 1601 MCC
1393 1575 1542 1617 passus
1570 1560 1669 1603 abe-

174 1625 268 1658 rat:
303 1615 518 1673 quidquid
551 1616 652 1658 huic
685 1616 890 1658 circuitus
928 1617 983 1659 ad
1022 1616 1304 1659 molliendum
1339 1617 1501 1660 clivum
1528 1633 1668 1660 acces-

172 1683 302 1724 serat,
339 1674 385 1716 id
418 1675 611 1733 spatium
640 1674 804 1717 itineris
837 1676 1040 1732 augebat.
1107 1676 1171 1717 At
1209 1674 1351 1718 medio
1380 1675 1469 1718 fere
1492 1676 1602 1719 colle
1625 1677 1670 1720 in

173 1732 509 1792 longitudinem,
547 1743 597 1776 ut
627 1741 784 1776 natura
819 1734 976 1776 montis
1007 1734 1193 1784 ferebat,
1231 1750 1283 1777 ex
1303 1735 1540 1792 grandibus
1562 1735 1672 1778 saxis

171 1808 246 1835 sex
278 1793 437 1850 pedum
466 1808 658 1842 murum,
692 1792 767 1849 qui
791 1801 1039 1836 nostrorum
1077 1793 1275 1851 inpetum
1309 1793 1519 1844 tardaret,
1560 1810 1669 1852 prae-

172 1851 388 1895 duxerant
428 1851 548 1895 Galli
583 1861 734 1910 atque,
775 1850 980 1895 inferiore
1015 1853 1131 1895 omni
1165 1852 1306 1911 spatio
1340 1868 1477 1896 vacuo
1499 1853 1672 1904 relicto,

172 1911 442 1969 superiorem
463 1920 634 1969 partem
657 1910 778 1954 collis
800 1927 937 1968 usque
960 1911 1015 1954 ad
1041 1928 1215 1955 murum
1240 1911 1395 1971 oppidi
1412 1911 1670 1956 densissimis

175 1970 326 2013 castris
346 1970 686 2028 compleverant.
753 1970 937 2019 Milites,
958 1971 1062 2014 dato
1078 1972 1216 2029 signo,
1240 1971 1440 2013 celeriter
1463 1971 1517 2014 ad
1534 1971 1671 2014 muni-

177 2028 339 2072 tionem
361 2030 641 2087 perveniunt‚
677 2045 858 2086 eamque
882 2032 1154 2088 transgressi,
1177 2030 1299 2072 trinis
1321 2029 1470 2072 castris
1493 2031 1669 2089 potiun—

175 2096 266 2130 tur.
330 2088 397 2130 Ac
419 2096 542 2131 tanta
563 2089 648 2131 fuit
668 2089 712 2131 in
733 2089 884 2131 castris
918 2090 1134 2148 capiendis
1168 2089 1381 2138 celeritas,
1418 2098 1469 2131 ut
1507 2089 1670 2132 Teuto-

176 2155 335 2197 matus,
372 2163 449 2190 rex
474 2147 793 2206 Nitiobrigum,
815 2148 962 2191 subito
985 2149 1028 2191 in
1050 2148 1330 2191 tabernaculo
1352 2149 1598 2207 obpressus,
1622 2157 1674 2191 ut

181 2226 272 2267 apud
288 2225 382 2257 Suet.
395 2224 506 2267 Calig.
524 2226 577 2256 51.
590 2225 650 2256 ubi
662 2224 729 2256 vid.
741 2224 894 2256 Graevius

180 2275 214 2301 et
241 2268 395 2301 Oudend.
424 2270 561 2301 Graecus
592 2269 696 2300 habet
721 2269 891 2313 σκευοφὸρα.

180 2313 250 2345 vid.
265 2318 299 2344 et
312 2314 491 2356 Polyaenus
508 2314 529 2345 1.
547 2324 578 2345 c.

181 2401 192 2432 1
226 2357 355 2389 Eodem
375 2362 476 2401 juvo,
502 2368 621 2390 versus
649 2359 796 2389 eundem
819 2357 893 2389 col-

195 2412 263 2433 em.
290 2403 332 2433 M

229 2445 436 2487 Jnsz'qm'bus.
460 2445 529 2478 vid.
553 2447 624 2478 Ind.
651 2447 701 2478 M.

230 2490 423 2522 Adscenms.
456 2491 545 2523 Cod.
562 2490 716 2523 Andinus
729 2501 893 2531 escensus,

183 2539 220 2565 ut
238 2544 271 2565 c.
287 2535 342 2564 27.

229 2579 333 2610 Recta
347 2580 491 2620 reqione.
524 2579 600 2611 Hoc
617 2585 667 2611 est
682 2579 892 2621 superfluum

183 2622 533 2663 interpretamentum,
550 2634 619 2665 quo
635 2623 760 2664 aliquis
780 2624 893 2666 expli-

183 2677 262 2699 care
289 2666 398 2698 voluit
421 2667 537 2705 verba,
562 2670 592 2700 εἰ
613 2669 700 2700 null.
715 2668 815 2709 amj'r.
842 2671 897 2699 in-

186 2717 266 2744 tere.
317 2711 367 2742 M.

234 2753 408 2796 Quidquid
437 2755 517 2786 huic
544 2766 593 2787 sc.
621 2754 815 2792 adscensui,
835 2754 895 2796 qui

185 2798 221 2830 fit
236 2804 329 2830 recta
345 2798 494 2840 regione.
519 2800 570 2830 M.

235 2845 402 2876 Circuitus
418 2844 526 2874 ‘mollit
553 2844 688 2881 clivum,
714 2842 833 2882 efficit,
860 2849 896 2875 ut

188 2896 249 2928 per
265 2886 378 2918 minus
393 2888 497 2918 ardua
514 2886 596 2918 clivi
612 2888 691 2918 loca
709 2888 895 2918 adscenda-

185 2936 253 2963 tut.
287 2931 461 2973 Metaphr.
488 2931 544 2962 Gr.
570 2931 587 2964 ἡ
611 2931 766 2965 nomba-nr
796 2929 897 2975 ῥᾳδίαν

185 2975 394 3019 ἀπεργάζεται
405 2976 456 3009 τὴν
467 2974 540 3020 ἴξαυε
556 2976 710 3013 ἀνάβασιν.
735 2977 785 3008 M.

1008 2227 1049 2257 At
1063 2225 1211 2266 medios.
1228 2236 1257 2255 c.
1290 2224 1362 2256 Alii
1380 2227 1420 2256 A.

1008 2270 1053 2301 In
1083 2270 1337 2312 longitudinem,
1373 2269 1434 2301 alii
1462 2271 1500 2301 in
1528 2269 1672 2311 lonqitu-

960 2313 1049 2345 dim».

1009 2358 1267 2390 ProerIm-eram.
1301 2357 1356 2389 Sic
1376 2357 1506 2398 primus
1522 2357 1673 2399 Scaliger

961 2407 994 2433 et
1009 2401 1146 2433 firmant
1163 2402 1267 2433 codd.
1307 2401 1408 2443 Vulg.
1428 2403 1671 2444 produ-verant.

1013 2447 1126 2478 Trinis
1147 2447 1275 2478 castris.
1314 2446 1423 2487 Supra
1447 2457 1524 2487 cap.
1554 2449 1596 2478 36
1619 2446 1672 2476 di-

962 2496 1046 2522 serte
1061 2490 1222 2522 traditum
1240 2495 1301 2528 est,
1318 2490 1524 2531 singularum
1548 2489 1673 2521 civita-

961 2535 1047 2566 tium
1088 2535 1209 2576 copias
1250 2534 1434 2575 separatim
1475 2535 1674 2566 conlocatas

963 2579 1078 2610 fuisse.
1126 2580 1217 2621 Ergo
1233 2579 1365 2610 fuerunt
1380 2578 1586 2619 singularum
1603 2577 1672 2609 sin-

951 2624 1042 2664 ,gula
1059 2629 1180 2662 castra,
1201 2633 1276 2672 quae
1292 2629 1505 2654 numerantur
1522 2627 1559 2653 ut
1574 2622 1674 2663 plura

964 2673 997 2698 et
1014 2667 1159 2699 diversa.
1173 2674 1237 2699 etsi
1253 2678 1339 2698 unus
1355 2666 1525 2697 exereitus
1539 2672 1600 2697 est.
1618 2666 1672 2697 Ex

965 2711 1020 2742 his
1049 2712 1163 2743 Caesar
1192 2722 1280 2742 nunc
1321 2711 1384 2742 tria
1416 2715 1573 2751 occupat.
1622 2711 1665 2741 M

965 2755 1106 2787 Dixerat
1118 2757 1238 2797 paullo
1248 2760 1327 2786 ante
1339 2755 1537 2786 densissima
1548 2759 1675 2793 castra,

964 2798 1045 2841 quia
1065 2801 1162 2841 plura
1177 2799 1301 2840 exiguo
1319 2797 1429 2839 spatio
1446 2798 1571 2838 posita.
1595 2797 1674 2829 Non

962 2854 1042 2884 ergo
1073 2854 1161 2884 opus
1190 2843 1246 2874 hic
1276 2853 1355 2874 cum
1379 2841 1523 2874 Davism
1560 2843 1676 2884 legere

964 2889 1067 2919 tribus
1080 2889 1281 2919 densissimis
1295 2888 1424 2918 castris.

1016 2933 1240 2966 Teutomatus.
1257 2929 1329 2962 vid.
1345 2940 1378 2963 c.
1397 2931 1450 2962 31.
1475 2931 1527 2962 Μ.

1468 3019 1500 3050 O
