1946 3261
246 150 344 236 516·
467 190 524 234 A.
561 185 765 232 HIRTII
798 183 882 230 DE
916 185 1119 236 BELLO
1152 185 1496 231 AFRICANO.

309 315 381 359 65.
412 313 492 357 Est
509 313 554 356 in
575 313 729 357 Africa
754 313 1016 356 consuetudo
1050 312 1305 362 incolarum,
1328 320 1379 354 ut
1398 311 1443 353 in
1462 308 1577 367 agris
1605 314 1649 349 et
1678 304 1722 372 in

251 374 450 419 omnibus
467 372 557 415 fere
573 373 688 416 villis
708 372 790 414 sub
813 380 930 414 terra
949 387 1102 429 specus
1122 370 1335 413 condendi
1356 367 1562 412 frumenti
1583 371 1724 429 gratia

253 434 363 476 clam
378 431 565 475 habeant
580 440 713 486 atque
729 429 773 472 id
790 437 975 487 propter
992 429 1107 472 bella
1123 429 1304 471 maxime
1321 428 1596 483 hostiumque
1611 421 1728 488 sub}-

252 498 351 534 tum
365 490 600 533 adventum
613 496 875 546 praeparent.
929 489 1024 540 Qua
1043 487 1096 530 de
1118 504 1164 530 re
1184 488 1324 530 Caesar
1348 486 1507 528 certior
1527 497 1605 541 per
1621 479 1727 548 indl-

253 564 348 592 cem
364 549 522 596 factus,
539 547 672 589 tertia
690 546 840 604 vigilia
856 545 1046 603 legiones
1065 547 1170 589 duas
1190 562 1289 588 cum
1305 545 1506 603 equitatu
1522 540 1659 584 mittit
1673 537 1730 581 ab

252 607 405 650 castris
424 604 510 648 suis
529 604 648 647 milia
667 620 869 663 passuum
889 605 1035 647 decem
1067 613 1200 663 atque
1232 604 1330 646 inde
1363 617 1520 660 magno
1551 610 1729 663 numero

253 664 465 708 frumenti
487 671 664 707 onustos
685 663 841 720 recipit
871 662 914 704 in
945 672 1098 706 castra.
1163 663 1331 715 Quibus
1367 661 1498 705 rebus
1529 657 1731 717 cognitis,

257 722 492 772 Labienus,
513 737 765 780 progressus
785 737 811 763 a
830 721 917 764 suis
937 722 1085 765 castris
1106 721 1225 764 milia
1246 735 1447 779 passuum
1468 726 1636 777 septem
1652 728 1734 780 pel:

253 782 412 840 jugum
441 788 487 823 et
518 780 690 831 collem,
724 796 804 838 per
835 796 966 838 quem
998 781 1143 823 Caesar
1174 780 1314 839 pridie
1345 779 1427 821 iter
1461 778 1641 824 fecerat,
1674 772 1736 839 ibl

256 848 401 883 castra
432 838 617 882 duarum
652 839 873 897 legionum
912 839 1045 887 facit;
1076 847 1209 896 atque
1240 839 1253 881 i
1288 853 1332 880 se
1363 835 1573 894 quotidie,
1595 832 1738 876 existi-

258 913 395 947 manS‚
428 898 643 940 Caesarem
674 896 826 941 eadem
854 914 964 956 saepe
1000 854 1294 940 frumentandi
1315 895 1456 954 gratia
1477 898 1738 957 commeatu-

260 973 376 1006 rum,
397 972 495 999 cum
515 971 582 1010 ma
616 971 670 998 no
690 957 890 1015 equitatu
908 956 1081 1014 levique
1097 965 1319 999 armatura
1338 953 1617 997 insidiaturus
1633 949 1739 993 loc1s

261 1014 430 1059 idoneis
451 971 660 1057 consedit.
1676 1065 1686 1075 ·

321 1073 393 1115 66.
427 1073 571 1116 Caesar
593 1072 766 1115 interim
786 1072 841 1115 de
862 1072 1019 1115 insidiis
1055 1073 1233 1116 Labieni
1266 1088 1320 1115 ex
1354 1069 1548 1130 perfugis
1579 1074 1739 1110 certlor

260 1132 420 1181 factus,
453 1146 613 1188 paucos
647 1130 736 1173 dies
766 1131 826 1174 ibi
846 1141 1148 1183 commoratus,
1180 1132 1282 1174 dum
1314 1130 1456 1173 hostes
1484 1125 1741 1186 quotidiano

264 1190 481 1238 instituto,
503 1204 612 1247 saepe
635 1188 750 1231 idem
773 1189 984 1239 faciendo,
1009 1190 1052 1233 in
1072 1189 1380 1248 negligentiam
1407 1187 1742 1232 adducerentur,

263 1247 410 1290 subito
454 1262 580 1289 mane
632 1247 835 1304 imperat,
892 1257 1020 1305 porta
1058 1248 1291 1290 decumana
1331 1246 1518 1304 legiones
1558 1260 1601 1286 se
1644 1249 1743 1285 octo

263 1313 492 1349 veteranas
512 1321 611 1347 cum
630 1313 754 1362 parte
775 1306 996 1362 equitatus
1015 1307 1135 1363 sequi
1156 1322 1166 1355 ;
1199 1315 1347 1363 atque,
1384 1303 1605 1362 equitibus
1668 1315 1744 1342 rae-

263 1363 414 1412 missis,
465 1378 605 1420 neque
642 1363 867 1420 opinantes
903 1364 1168 1407 insidiatores
1206 1365 1367 1413 subit0‚
1401 1363 1444 1405 in
1477 1359 1628 1405 conval
1650 1359 1747 1401 ibus

264 1421 467 1471 latentes,
490 1421 576 1462 levi
597 1429 820 1463 armatura
837 1422 1024 1465 concidit
1046 1423 1219 1466 circiter
1239 1424 1524 1481 quingentos;
1556 1418 1747 1476 reliquos

266 1480 312 1523 in
351 1480 502 1537 fugam
544 1479 833 1537 turpissimam
884 1481 1080 1538 conjecit.
1166 1482 1344 1525 Interim
1387 1480 1600 1522 Labienus
1648 1491 1747 1519 cum

265 1538 469 1581 universo
490 1537 687 1594 equitatu
710 1537 979 1596 fugientibus
996 1540 1081 1581 suis
1105 1541 1324 1599 subpetias
1345 1539 1545 1582 occurrit.
1610 1535 1747 1593 Cujus

268 1596 359 1639 vim
396 1595 692 1638 multitudinis
723 1612 860 1652 quum
902 1598 1067 1654 equites
1108 1599 1232 1657 pauci
1277 1597 1503 1641 Caesariani
1541 1597 1630 1654 jam
1664 1609 1749 1636 sus-

268 1655 410 1698 tinere
432 1669 518 1696 non
539 1663 726 1711 possent,
750 1655 894 1697 Caesar
924 1656 1152 1699 instructas
1182 1658 1368 1716 legiones
1403 1656 1589 1699 hostium
1619 1652 1751 1711 copiis

270 1711 477 1756 ostendit.
540 1713 637 1763 Quo
659 1713 773 1755 facto
805 1715 1042 1771 perterrito
1076 1715 1267 1758 Labieno
1299 1733 1346 1757 ac
1382 1714 1621 1760 retardato,
1653 1727 1749 1753 suos

270 1770 439 1829 equites
475 1771 642 1828 recepit
675 1771 922 1827 incolumes.
986 1774 1167 1816 Postero
1187 1774 1254 1816 die
1276 1774 1304 1815 J
1311 1774 1397 1815 uba
1429 1770 1640 1814 Numidas
1661 1784 1748 1817 eos,

271 1829 365 1888 qui,
387 1828 484 1872 loeo
505 1829 672 1878 amisso,
695 1829 800 1886 fuga
822 1846 864 1872 se
886 1841 1141 1888 receperant
1160 1832 1202 1874 in
1219 1840 1375 1881 castra,
1396 1830 1439 1872 in
1457 1846 1583 1872 cruce
1605 1842 1752 1871 onmes

276 1886 473 1931 subfixit.

335 1945 406 1987 67.
439 1946 582 1988 Caesar
605 1945 791 1997 interim,
815 1946 1018 2004 quoniam
1038 1948 1240 1990 frumenti
1274 1947 1421 2005 inopia
1454 1946 1750 2004 premebatur,

278 2003 425 2062 copias
443 2020 587 2046 omnes
606 2003 648 2046 in
669 2013 811 2046 castra
832 2006 1058 2054 conducit;
1099 2016 1229 2063 atque
1252 2006 1450 2063 praesidio
1475 2006 1620 2064 Lepti,
1645 2005 1754 2048 Rus·-

277 2062 407 2120 pinae,
431 2061 614 2104 Achillae
641 2063 808 2114 relicto,
834 2063 981 2122 Cispio
1003 2066 1259 2123 Aquilaeque
1289 2065 1416 2107 classe
1446 2064 1670 2113 transdita,
1703 2072 1752 2105 ut

279 2119 391 2162 alter
435 2119 743 2170 Adrumetum,
790 2122 902 2164 alter
941 2122 1161 2181 Thapsum
1213 2124 1318 2165 mari
1358 2123 1622 2172 obsiderent,
1664 2123 1754 2181 ipse

278 2177 430 2221 castris
450 2178 641 2227 incensis,
665 2188 822 2235 quarta
844 2181 979 2225 noctis
1015 2182 1179 2238 vigilia,
1213 2182 1302 2224 acie
1339 2182 1562 2230 instructa,
1589 2180 1753 2239 inpedi-

280 2236 438 2279 mentis
462 2236 505 2278 in
525 2236 695 2279 sinistra
718 2247 841 2296 parte
862 2240 1114 2291 conlocatis,
1135 2257 1188 2283 ex
1207 2256 1258 2282 eo
1280 2241 1375 2283 loco
1397 2239 1680 2298 proficiscitur
1710 2247 1754 2281 et

281 2293 484 2353 pervenit
504 2293 560 2336 ad
583 2295 793 2353 oppidum
816 2298 939 2355 Agar
959 2314 969 2347 ;
1004 2299 1123 2355 quod
1145 2315 1170 2341 a
1195 2299 1376 2341 Gaetulis
1396 2314 1504 2356 saepe
1533 2308 1658 2341 antea
1679 2298 1755 2340 ob-

281 2361 526 2453 pugnatum
548 2369 793 2409 summaque
815 2357 857 2397 vi
889 2373 966 2414 per
989 2356 1102 2414 ipsos
1123 2357 1361 2415 oppidanos
1393 2366 1487 2400 erat
1518 2356 1754 2399 defensum.

310 2411 354 2454 bi
374 2412 417 2454 in
439 2427 589 2470 campo
610 2413 758 2454 castris
796 2414 887 2456 unis
925 2415 1089 2473 positis,
1130 2416 1220 2473 ipse
1249 2416 1558 2458 frumentatum
1594 2415 1755 2458 circum

283 2469 408 2513 villas
428 2485 525 2513 cum
547 2479 672 2528 parte
698 2472 910 2515 exercitus
939 2474 1173 2531 profectus,
1209 2490 1365 2532 magno
1393 2475 1567 2517 invento
1588 2472 1754 2521 hordei,

334 2618 472 2658 Recipit.
515 2616 582 2649 Alii
609 2620 739 2660 recepit,
764 2623 858 2649 sueta
884 2619 989 2652 varia·
1106 2622 1180 2653 Octo
1206 2626 1390 2653 veteranas.
1434 2621 1548 2652 Caesar
1562 2619 1662 2650 modo
1681 2628 1757 2659 sep-

287 2660 381 2692 tione
397 2660 574 2702 temporis.
1058 2671 1125 2696 tem
1142 2670 1310 2696 veteranas
1324 2675 1436 2695 secum
1459 2662 1620 2696 habebat.
1646 2662 1759 2703 legen-

334 2707 440 2746 Atque
452 2706 532 2747 ipse.
569 2704 656 2736 Heic
672 2703 762 2737 male
776 2704 991 2746 interponunt
1059 2709 1139 2740 dum
1165 2719 1243 2750 ergo
1269 2714 1363 2750 putat
1392 2707 1545 2739 Jurinius
1563 2705 1622 2737 Vll
1638 2705 1691 2736 vel
1710 2705 1755 2737 ΠΙ

289 2747 337 2779 ibn·
351 2753 466 2780 contra
481 2749 582 2780 codd.
596 2749 705 2781 bonos
715 2755 750 2780 et
763 2750 839 2780 edd.
851 2755 918 2781 vet.
1061 2753 1114 2784 vel
1132 2752 1192 2784 lV.

336 2791 498 2824 Consedit.
533 2792 601 2824 Alii
614 2794 765 2826 considet.
781 2793 901 2826 melius
917 2804 992 2826 eon-
1106 2798 1215 2838 Cispio
1234 2798 1440 2839 Aquilaeque,
1469 2795 1522 2826 Cf.
1538 2805 1565 2824 c.
1587 2794 1639 2824 62.
1665 2792 1716 2823 M.

290 2835 380 2867 sidit„
399 2841 432 2867 ut
448 2836 480 2873 ¹1,
496 2838 550 2867 58.
570 2838 622 2868 79,
651 2837 737 2869 Οιαί.
1451 2842 1456 2845 '
