1992 3271
270 242 331 287 48
682 234 765 279 DE
797 230 999 278 BELLO
1033 229 1325 276 GALLICO.

271 363 502 407 titudinem
524 373 673 403 eorum
692 359 952 417 fugientium
972 357 1267 406 conciderunt,
1301 370 1437 413 quum
1457 354 1513 398 ab
1539 361 1734 398 extremo

274 423 456 480 agmine,
477 419 532 461 ad
555 433 661 476 quos
679 426 857 460 ventum
877 426 986 467 erat,
1020 416 1297 458 consisterent
1322 415 1582 471 fortiterque
1617 415 1734 471 inpe-

276 490 371 522 tum
385 486 628 520 nostrorum
647 476 834 518 militum
849 477 1106 518 sustinerent
1123 490 1132 523 ;
1164 474 1413 531 prioresque
1434 472 1570 530 (quod
1590 472 1736 514 abesse

275 554 301 580 a
322 536 515 594 periculo
531 535 800 584 viderentur,
830 550 971 592 neque
990 533 1080 576 ulla
1101 532 1364 580 necessitate,
1395 546 1536 588 neque
1557 530 1739 587 imperio

277 595 636 650 continerentur,)
677 592 881 635 exaudito
928 592 1128 640 clamore,
1179 590 1446 648 perturbatis
1498 588 1737 638 ordinibus,

278 668 422 695 omnes
438 653 481 695 in
497 653 603 710 fuga
617 651 698 694 sibi
717 651 962 708 praesidium
982 657 1205 707 ponerent.
1239 648 1308 690 Ita
1326 648 1413 690 sine
1433 648 1524 690 ullo
1545 647 1740 705 periculo

277 719 443 753 tantam
474 726 623 753 eorum
654 709 979 751 multitudinem
1006 708 1140 750 nostri
1166 707 1494 756 interfecerunt,
1528 714 1740 763 quantum

278 769 364 811 fuit
390 769 476 811 diei
495 768 701 826 spatium:
735 768 816 809 sub
838 783 1119 824 occasumque
1147 766 1244 808 solis
1263 764 1525 817 destiterunt
1545 779 1676 821 seque
1696 763 1740 805 in

281 836 435 877 castra,
453 836 504 869 ut
524 834 618 869 erat
634 827 906 883 imperatum,
928 832 1201 882 receperunt.

346 886 411 928 12.
446 884 658 928 Postridie
674 885 764 941 ejus
784 883 868 926 diei
891 884 1048 932 Caesar,
1066 884 1185 941 prius
1205 899 1335 940 quam
1361 899 1404 924 se
1424 880 1564 922 hostes
1584 896 1638 922 ex
1657 888 1746 922 ter-

282 959 381 987 rore
411 960 461 986 ac
489 943 594 1001 fuga
626 943 883 1000 reciperent,
916 943 958 984 in
991 941 1092 983 fines
1127 943 1416 990 Suessionum,
1450 939 1526 997 qui
1561 939 1746 996 proximi

283 1002 430 1044 Remis
450 1010 588 1049 erant,
622 1001 860 1043 exercitum
880 1000 1007 1042 duxit
1035 1009 1079 1041 et
1106 1015 1260 1057 magno
1287 1000 1440 1041 itinere
1467 998 1662 1039 confecto
1689 996 1745 1039 ad

282 1060 493 1118 oppidum
516 1059 826 1102 Noviodunum
856 1057 1091 1100 contendit.
1154 1055 1205 1099 Id
1235 1075 1287 1100 ex
1313 1058 1465 1099 itinere
1494 1056 1749 1114 obpugnare

283 1127 476 1167 conatus,
498 1118 615 1175 quod
638 1133 822 1159 vacuum
840 1118 895 1160 ab
916 1116 1210 1160 defensoribus
1226 1133 1311 1158 esse
1328 1115 1550 1164 audiebat,
1569 1122 1751 1172 propter

282 1176 557 1219 latitudinem
578 1177 696 1218 fossae
714 1175 913 1232 murique
931 1175 1222 1224 altitudinem,
1238 1175 1386 1232 paucis
1402 1173 1749 1221 defendentibus,

286 1250 537 1292 expugnare
557 1250 639 1276 non
669 1234 828 1291 potuit.
893 1234 1055 1276 Castris
1085 1233 1274 1282 munitis,
1306 1233 1447 1274 vineas
1468 1247 1613 1288 agere,
1636 1247 1750 1288 quae-

287 1309 374 1350 que
390 1292 445 1335 ad
467 1291 808 1350 oppugnandum
830 1293 923 1333 usui
945 1300 1081 1339 erant,
1101 1307 1346 1348 comparare
1364 1290 1509 1347 coepit.
1570 1289 1751 1331 Interim

287 1351 420 1393 omnis
452 1368 505 1392 ex
536 1352 641 1408 fuga
676 1350 948 1391 Suessionum
980 1349 1218 1391 multitudo
1248 1350 1289 1390 in
1322 1348 1531 1406 oppidum
1558 1348 1754 1406 proxima

287 1418 413 1451 nocte
446 1409 660 1451 convenit.
723 1407 936 1449 Celeriter
970 1407 1100 1448 vineis
1128 1406 1182 1448 ad
1205 1406 1415 1463 oppidum
1435 1406 1555 1455 actis,
1591 1421 1752 1464 aggere

283 1467 400 1524 jacto
432 1467 714 1522 turribusque
738 1465 995 1514 constitutis,
1024 1464 1321 1522 magnitudine
1349 1480 1545 1522 operum,
1567 1480 1664 1522 quae
1685 1479 1756 1506 ne-

289 1541 374 1582 que
396 1524 594 1567 viderant
615 1533 713 1565 ante
736 1523 868 1573 Galli,
902 1539 1041 1581 neque
1073 1523 1315 1572 audierant,
1345 1533 1389 1564 et
1420 1523 1642 1565 celeritate
1669 1522 1756 1564 Ro-

289 1599 513 1625 manorum
543 1583 744 1639 permoti,
770 1582 932 1639 legatos
953 1581 1008 1623 ad
1032 1582 1243 1623 Caesarem
1263 1581 1317 1623 de
1335 1581 1553 1623 deditione
1574 1581 1756 1623 mittunt

290 1650 350 1690 et,
375 1641 623 1698 petentibus
645 1640 803 1688 Remis,
828 1648 877 1681 ut
894 1648 1266 1688 conservarentur,
1288 1640 1519 1696 inpetrant.

356 1701 419 1741 13.
456 1699 613 1747 Caesar,
637 1698 857 1739 obsidibus
878 1698 1078 1755 acceptis,
1102 1698 1248 1755 primis
1278 1698 1462 1739 civitatis
1481 1707 1612 1754 atque
1627 1697 1758 1755 ipsius

295 1758 449 1799 Galbae
470 1757 601 1814 Regis
620 1756 792 1798 duobus
822 1755 918 1797 filiis
938 1756 1151 1812 armisque
1172 1756 1367 1797 omnibus
1397 1773 1449 1797 ex
1483 1755 1643 1814 oppido
1672 1764 1759 1797 tra-

292 1815 408 1864 ditis,
431 1816 474 1857 in
494 1814 757 1856 deditionem
780 1814 1022 1856 Suessiones
1040 1815 1220 1871 accepit,
1243 1815 1567 1872 exercitumque
1589 1815 1631 1856 in
1662 1813 1762 1856 Bel-

293 1873 461 1915 lovacos
499 1872 641 1914 duxit.
713 1872 800 1921 Qui
839 1888 975 1929 quum
1012 1889 1054 1914 se
1072 1886 1074 1890 ’
1095 1888 1257 1928 suaque
1290 1873 1428 1914 omnia
1466 1873 1506 1915 in
1549 1871 1760 1930 oppidum

297 1931 654 1989 Bratuspantium
672 1930 964 1979 contulissent,
997 1939 1129 1988 atque
1155 1931 1211 1973 ab
1240 1946 1290 1972 eo
1309 1930 1469 1989 oppido
1501 1931 1643 1973 Caesar
1662 1945 1761 1972 cum

344 2041 391 2072 Ab
413 2047 495 2073 ωιτν.
518 2052 607 2082 aym.
634 2040 657 2071 i.
676 2051 721 2078 e„
746 2039 768 2071 ii
795 2040 827 2071 in
849 2045 997 2071 extremo

298 2084 443 2126 agmine.
468 2085 517 2115 M.

346 2128 553 2159 Praesidmm.
578 2127 680 2158 Pauci
698 2127 797 2157 codd.
812 2127 1000 2158 subsidium.

301 2171 412 2202 Caesar
428 2171 589 2201 libentius
600 2172 790 2212 praesidium
815 2171 879 2201 hoc
902 2181 1000 2201 sensu

301 2214 398 2245 dicit.
444 2214 597 2244 Ceterum
621 2214 685 2245 Dio
709 2213 802 2244 Cass.
826 2216 877 2252 39,
907 2217 938 2251 2,
970 2220 1002 2244 ct

302 2258 474 2290 Plutarch.
489 2257 521 2288 in
536 2258 621 2288 Caes.
637 2261 730 2288 c.‘20.
743 2258 827 2288 hanc
837 2257 1005 2298 expediti-

303 2313 402 2333 onem
415 2301 630 2342 paucissimis
639 2300 828 2341 attigerunt.
847 2302 896 2331 M.
925 2301 1006 2331 Sub-

301 2346 422 2378 sidium
432 2345 557 2385 reccpit
566 2345 725 2385 Scaliger,
735 2344 840 2374 secuti
851 2351 924 2375 sunt
932 2345 962 2375 al
970 2345 977 2374 i
985 2344 993 2374 i
1002 2368 1009 2375 .

351 2391 564 2427 Demiror-unt,
586 2388 661 2419 scil.
675 2388 869 2418 interlicere.
896 2389 1005 2425 Vulgo

304 2434 393 2474 sequi
428 2433 627 2463 destiterunt.
690 2432 813 2462 Verum
849 2432 881 2461 id
918 2434 1006 2473 sequi

305 2476 401 2507 abest
415 2486 434 2506 a
450 2476 550 2506 bonis
561 2476 660 2506 codd.
677 2480 706 2505 et
721 2475 801 2505 edit.
817 2480 883 2505 vet.

358 2521 507 2551 Terrore.
521 2518 597 2555 alii,
610 2530 740 2560 pavore.

360 2564 477 2594 I'ineas
489 2574 598 2602 σφων).
635 2564 700 2593 Pro
717 2572 814 2601 assere
828 2561 1006 2601 legendum

307 2617 461 2648 ayqerem
478 2604 635 2647 praecipit
654 2606 900 2636 Ilotomannus.
923 2605 1007 2635 frus-

306 2657 370 2681 tra.
439 2650 529 2680 Male
576 2649 707 2691 qflippe
746 2649 919 2679 referretur
966 2649 1007 2679 ad

308 2704 511 2734 cerntpamre.
542 2694 612 2724 lmo
633 2704 711 2724 mox
731 2691 891 2732 repetitur
912 2694 1010 2722 vineis

311 2739 400 2767 actis.
424 2736 462 2766 L.
477 2739 507 2774 7,
528 2739 577 2767 1⁷.
601 2736 722 2777 legitur
737 2746 891 2775 moyerem
906 2736 1010 2776 adpa-

309 2790 399 2816 rare,
419 2782 528 2811 vineas
548 2791 656 2820 aym-e.
700 2780 880 2810 Folardum
903 2779 930 2809 si
951 2789 1010 2809 uu-

312 2822 396 2858 dias,
417 2825 517 2854 rineae
533 2823 588 2853 hic
604 2829 677 2854 sunt
692 2824 792 2854 fossae
807 2828 913 2859 tectae,
928 2833 1010 2862 qua-

312 2866 362 2896 les
379 2865 480 2895 hodie
500 2867 655 2898 dicuntur
673 2865 840 2898 trancheffes
853 2871 1010 2897 camertes

312 2909 352 2940 de
374 2910 481 2946 claies,
508 2910 727 2950 &tumn-aben.
759 2910 801 2940 V.
822 2919 881 2940 son
910 2908 1011 2939 Com-

313 2959 415 2984 ment.
433 2963 488 2985 sur
508 2953 651 2995 Polybe,
672 2959 697 2986 t.
715 2958 819 2986 zart.
835 2954 867 2984 9.
883 2963 919 2996 p.
936 2954 1009 2984 167.

1065 2039 1170 2075 Negat
1194 2039 1257 2070 hoc
1278 2040 1464 2078 Guischard
1483 2040 1513 2072 iu
1534 2039 1639 2071 Mem.
1660 2039 1762 2071 milit.

1061 2089 1086 2114 t.
1104 2087 1135 2113 2.
1153 2095 1187 2124 p.
1211 2088 1242 2114 5.
1264 2090 1293 2114 ct
1314 2095 1332 2115 e
1359 2084 1514 2126 Vegetio,
1532 2088 1563 2122 4,
1592 2087 1643 2114 15.
1665 2085 1765 2120 docet

1061 2127 1165 2157 fuisse
1185 2127 1356 2159 machinas
1373 2128 1530 2165 mobiles,
1548 2129 1665 2168 quales
1687 2127 1765 2159 vide

1063 2171 1108 2201 sis
1135 2171 1320 2211 descriptas
1349 2171 1380 2202 in
1407 2171 1531 2209 Indice,
1555 2171 1766 2212 exponitque

1066 2225 1125 2255 por
1138 2214 1305 2245 Gallicum
1320 2217 1469 2255 quleries.
1503 2216 1685 2256 Utramque
1697 2216 1765 2257 sig-

1065 2257 1293 2289 nificationem
1325 2258 1465 2290 divorsis
1493 2258 1647 2289 obtinere
1676 2259 1765 2290 locis

1065 2301 1177 2332 statuit
1193 2301 1353 2333 Lo-Looz
1374 2302 1405 2333 in
1427 2302 1571 2333 Defense
1592 2303 1635 2333 du
1656 2302 1764 2334 Chev.

1066 2346 1106 2375 de
1125 2345 1255 2376 Folard.
1275 2348 1306 2375 8.
1344 2345 1514 2381 Bouillon,
1538 2347 1631 2377 1776.
1657 2358 1691 2388 p.
1711 2349 1764 2378 28.

1069 2394 1228 2429 putatque
1244 2391 1353 2420 vineas
1365 2400 1462 2430 affere
1475 2396 1507 2420 et
1521 2401 1654 2430 αῃῃενρε
1669 2401 1767 2432 aqere

1065 2443 1139 2463 esse
1154 2442 1346 2473 synonyma,
1368 2443 1435 2473 qua
1452 2432 1485 2464 in
1506 2444 1539 2463 re
1554 2433 1679 2465 fallitur
1693 2444 1766 2465 om-

1066 2475 1159 2506 nino.
1187 2475 1271 2506 Vide
1287 2487 1318 2506 v.
1333 2487 1436 2515 aqqer
1450 2477 1482 2507 in
1499 2476 1624 2508 Indice.

1117 2519 1276 2550 Turribus
1285 2522 1469 2551 constitutis.
1516 2521 1544 2551 V
1547 2526 1590 2552 et.
1606 2521 1768 2553 cod.con-

1064 2564 1206 2595 structis.
1230 2563 1339 2593 forsan
1351 2574 1369 2593 e
1382 2564 1504 2604 glossa.

1117 2606 1238 2637 Galboe.
1262 2605 1331 2636 vid.
1348 2617 1378 2637 c.
1397 2610 1428 2637 4.
1454 2609 1503 2638 M.

1118 2651 1399 2690 Bratuspantium„
1456 2651 1545 2682 Idem
1581 2661 1654 2682 esse
1689 2662 1767 2683 cum

1068 2693 1242 2724 Ptolemaei
1267 2695 1492 2735 Cae-<arontam
1515 2696 1767 2731 Bellovacorum,

1070 2742 1187 2776 postea
1203 2736 1248 2767 sic
1267 2737 1357 2768 dicto
1381 2737 1413 2768 in
1437 2739 1599 2769 honorem
1625 2738 1769 2770 Caesaris

1068 2779 1120 2809 vel
1139 2780 1292 2818 Augusti,
1312 2786 1428 2821 putant
1453 2781 1610 2822 Scaliger,
1631 2781 1769 2821 Sanson‚

1072 2823 1174 2854 Hadr.
1193 2824 1542 2861 valesius,Cellarius.
1584 2825 1642 2855 Ast
1659 2826 1769 2858 D’An-

1070 2867 1150 2897 ville
1165 2873 1240 2898 ante
1255 2868 1322 2898 duo
1336 2874 1368 2898 et
1382 2870 1471 2910 quod
1481 2868 1627 2899 excurrit
1646 2869 1769 2901 saecula

1071 2920 1179 2951 prope.
1217 2911 1330 2943 vicum
1367 2913 1514 2944 Breteuil
1551 2911 1584 2942 in
1623 2913 1770 2953 paroecia

1075 2953 1187 2986 vande
1192 2955 1239 2988 uil
1247 2967 1284 2988 su
1288 2955 1364 2998 pers
1364 2955 1598 2998 uissevestigia
1605 2957 1700 2990 urbis
1707 2957 1772 2990 sub
