1946 3261
259 184 345 227 552
606 189 690 231 DE
723 189 921 232 BELLO
956 187 1381 233 HISPANIENSI.

257 317 451 367 tempore
470 310 646 369 signifer
663 312 716 354 de
737 312 904 371 legione
921 314 1058 372 prima
1069 316 1303 373 transfugit
1319 323 1364 357 et
1379 315 1613 363 nunciavit,
1661 329 1719 357 uo

255 367 326 409 die
358 377 554 424 equestre
582 370 785 428 proelium
817 372 979 415 factum
1009 382 1134 422 esset,
1161 390 1184 415 e
1215 389 1291 416 suo
1322 374 1443 431 signo
1468 373 1626 431 perisse
1674 388 1719 414 0-

257 425 389 466 mines
423 424 609 478 XXXV,
643 444 783 487 neque
823 431 951 474 licere
991 432 1139 474 castris
1176 431 1257 473 Cn.
1297 431 1488 489 Pompeii
1527 428 1719 473 nunciati

255 497 395 539 neque
427 483 529 534 dici,
560 487 716 544 perisse
747 505 1021 547 quemquam.
1086 491 1260 539 Servus,
1297 490 1417 547 cujus
1451 488 1644 532 dominus
1675 487 1721 530 in

259 539 435 583 Caesaris
455 545 601 587 castris
630 545 796 598 fuisset,
827 564 1089 605 uxoremque
1119 557 1163 591 et
1190 548 1326 590 filium
1356 549 1399 591 in
1429 547 1593 606 oppido
1623 545 1721 589 reli-

256 608 428 653 querat,
448 600 667 650 dominum
681 604 900 664 jugulavit
920 615 961 648 et
983 607 1043 649 ita
1063 607 1173 649 clam
1192 622 1217 648 a
1242 607 1420 649 Caesaris
1447 605 1649 664 praesidiis
1676 604 1719 646 in

259 655 453 716 Pompeii
488 670 626 704 castra
653 663 841 706 discessit
875 674 920 707 et
946 665 1148 708 indicium
1176 665 1331 724 glande
1354 665 1561 723 scriptum
1589 662 1720 711 misit,

255 729 334 771 per
349 718 467 772 quod
482 721 639 762 certior
655 721 775 764 fieret
798 723 955 773 Caesar,
977 739 1073 781 quae
1089 724 1131 766 in
1151 724 1314 782 oppido
1332 723 1386 766 ad
1405 721 1720 766 defendendum

256 786 622 832 compararentur.
687 780 753 822 Ita
782 781 938 823 litteris
967 783 1165 840 acceptiS,
1195 798 1329 840 quum
1355 782 1444 824 ino
1481 781 1629 839 pidum
1653 794 1718 822 re-

255 833 497 884 vertissent,
527 837 601 893 qui
638 838 811 881 mittere
854 839 1052 896 glandem
1085 841 1330 897 inscriptam
1367 840 1455 882 sole
1488 847 1577 887 ant,
1612 838 1718 880 inse-

257 892 408 946 quenti
439 901 632 952 tempore
660 897 747 939 duo
779 898 969 940 Lusitani
994 900 1147 941 fratres
1176 899 1411 956 transfugae
1442 897 1719 944 nunciarunt,

256 962 386 1003 quam
420 951 649 1010 Pompeius
689 957 932 999 concionem
970 957 1209 999 habuisset:
1264 965 1292 982 “
1315 957 1515 1014 quoniam
1553 953 1718 1013 oppido

256 1010 287 1030 “
308 1008 498 1053 subsidio
530 1026 615 1055 non
646 1023 785 1071 posset
812 1015 974 1064 venire,
1005 1025 1136 1058 noctu
1166 1031 1218 1057 ex
1246 1015 1591 1058 adversariorum
1624 1028 1720 1056 con-

255 1071 285 1089 “
306 1076 459 1124 spectu
481 1085 524 1111 se
543 1070 804 1114 deducerent
821 1073 874 1114 ad
895 1089 1010 1116 mare
1031 1091 1201 1116 versum
1216 1075 1254 1115 :’'
1287 1089 1422 1116 unum
1441 1071 1720 1131 respondisse,

254 1130 284 1149 “
307 1132 357 1166 ut
378 1127 521 1184 potius
541 1128 595 1169 ad
613 1129 895 1173 dimicandum
913 1132 1230 1182 descenderent,
1261 1148 1392 1190 quam
1418 1132 1586 1189 signum
1608 1130 1724 1188 fugae

255 1188 285 1208 ‘⁶
308 1184 578 1228 ostenderent
595 1188 631 1228 :”
660 1204 771 1238 eum,
790 1191 865 1246 qni
879 1190 939 1232 ita
951 1191 1116 1233 locutus
1128 1200 1249 1240 esset,
1259 1191 1519 1247 jugulatum.
1554 1187 1718 1249 Eodem

254 1248 450 1298 tempore
468 1243 683 1288 tabellarii
699 1247 788 1304 ejus
802 1248 1070 1306 deprehensi,
1089 1250 1163 1307 qui
1178 1250 1233 1292 ad
1249 1248 1457 1306 oppidum
1475 1247 1722 1294 veniebant,

255 1315 441 1356 quorum
469 1300 635 1346 litteras
664 1305 806 1347 Caesar
838 1306 1064 1364 oppidanis
1099 1307 1257 1363 objecit
1288 1315 1347 1353 et,
1377 1307 1454 1363 qui
1486 1306 1618 1347 vitam
1637 1304 1719 1348 sibi

253 1366 437 1415 peteret,
466 1360 592 1417 jussit
623 1370 786 1405 turrem
817 1364 1003 1421 ligneam
1031 1366 1349 1424 oppidanorum
1380 1364 1630 1408 incendere:
1674 1362 1718 1406 id

248 1416 282 1457 si
305 1415 484 1468 fecisset,
506 1420 543 1461 ei
565 1437 607 1462 se
630 1422 824 1478 promisit
845 1423 986 1465 omnia
1007 1440 1317 1466 concessurum.
1393 1423 1522 1472 Quod
1547 1421 1719 1465 difficile

251 1482 344 1516 erat
365 1475 498 1526 factu,
522 1486 572 1519 ut
594 1495 686 1521 eam
710 1489 873 1523 turrem
886 1481 974 1524 sine
992 1483 1187 1540 periculo
1205 1482 1569 1540 quisincenderet.
1612 1479 1716 1523 Ita*

250 1532 444 1577 facturus
464 1535 517 1578 de
539 1536 672 1593 ligno,
695 1554 829 1595 quum
853 1541 1032 1598 propius
1051 1542 1302 1590 accessisset,
1324 1540 1379 1582 ab
1399 1539 1629 1598 oppidanis
1655 1547 1722 1582 eet

250 1592 424 1635 occisus.
486 1595 650 1638 Eadem
690 1606 815 1640 nocte
847 1600 1072 1657 transfuga
1108 1600 1343 1648 nunciavit,
1390 1599 1641 1657 Pompeium
1675 1606 1721 1640 et

253 1649 489 1694 Labienum
510 1653 562 1694 de
579 1655 851 1711 jugulatione
873 1654 1193 1716 oppidanorum
1211 1657 1453 1716 indignatos
1472 1673 1572 1700 esse.

317 1708 380 1751 19.
417 1710 579 1769 Vigilia
599 1714 784 1756 secunda
814 1725 996 1774 propter
1028 1717 1344 1758 multitudinem
1368 1715 1555 1758 telorum
1587 1714 1722 1758 turris

252 1766 409 1824 lignea,
453 1785 549 1826 quae
584 1780 729 1813 nostro
764 1773 925 1821 fuisset,
955 1775 1010 1817 ab
1045 1775 1128 1816 imo
1162 1775 1314 1817 vitium
1346 1775 1462 1823 fecit,
1499 1789 1632 1832 usque
1664 1773 1719 1816 ad

252 1826 495 1870 tabulatum
515 1829 748 1872 secundum
770 1840 814 1873 et
835 1832 1029 1875 tertium.
1091 1833 1255 1875 Eodem
1277 1842 1471 1891 ternpore
1492 1847 1573 1890 pro
1592 1847 1718 1874 muro

301 1983 369 2012 Suo
385 1984 491 2022 siquo.
540 1983 621 2021 Leg.
639 1994 656 2013 e
672 1993 730 2014 suo
747 1986 854 2023 simio,
871 1983 904 2015 h.
922 1995 953 2015 e.

257 2025 446 2066 manipulo.
470 2026 520 2057 M.
581 2027 671 2058 Bene
695 2026 873 2059 monitum.
899 2039 952 2059 se-

1018 1985 1094 2015 dem
1112 1983 1231 2024 voluit,
1248 1985 1304 2015 sed
1322 1994 1387 2015 non
1403 1984 1526 2025 potuit.
1550 1985 1600 2015 M.
1644 1983 1712 2018 Alii

1015 2032 1186 2067 scriptam.

255 2079 351 2110 quon

306 2114 432 2144 Fuisset
441 2130 484 2136 —
495 2115 691 2154 relique-rat.
731 2114 864 2152 Quanta
882 2116 952 2148 haec

259 2161 309 2187 est
325 2155 493 2187 scribendi
511 2158 735 2199 negligentia!
762 2159 812 2189 Μ.

308 2200 436 2231 Glande
451 2204 610 2241 scriptum
626 2214 634 2232 .-
668 2207 704 2231 ut
719 2212 793 2242 cap.
814 2205 862 2234 13.
903 2203 951 2233 211.

257 2243 323 2274 Hic
348 2243 472 2274 mentio
494 2244 616 2275 omissa
639 2245 768 2276 videtur
789 2246 873 2287 ojus.
895 2245 952 2286 qui

257 2287 415 2328 glandem
443 2287 553 2327 misit;
588 2298 661 2319 nam
689 2299 800 2319 servus
827 2290 858 2320 id
884 2299 951 2320 non

258 2331 400 2370 fecerit5
432 2336 489 2361 aut
513 2342 570 2372 pro
599 2333 711 2363 Caesar
740 2333 952 2364 scribendum

261 2376 451 2415 Pompeius,
478 2376 568 2417 quod
596 2375 732 2407 Clarkio
762 2377 882 2417 placet,
918 2376 951 2408 ni

255 2419 338 2460 quid
352 2417 451 2449 desit.

307 2465 431 2494 Caesar.
476 2462 544 2493 Cur
568 2473 647 2494 vero
673 2472 740 2494 non
769 2463 853 2494 dixit
882 2463 951 2505 ipse

259 2506 384 2538 Cet-sari
401 2511 482 2545 tum,
504 2517 581 2538 curn
597 2506 629 2538 in
647 2507 719 2548 ejus
735 2507 852 2538 castris
868 2507 950 2539 fuit?

306 2594 434 2626 Litteris
463 2598 611 2636 acceptis.

258 2638 378 2668 Unde?
409 2637 562 2676 Quales?
601 2639 650 2670 M.

306 2683 369 2715 Qui
382 2683 722 2714 mittere—solebant.
764 2683 852 2724 Ergo
866 2693 951 2714 nunc

260 2725 370 2765 plures
395 2725 594 2757 mittebant?
639 2726 728 2758 Mihi
748 2732 836 2758 totus
858 2727 952 2759 locus

260 2769 426 2799 obscurus
457 2774 525 2800 est:
570 2769 657 2801 nihil
689 2771 766 2803 satis
795 2771 950 2802 distincte

260 2817 426 2843 narratum
437 2813 581 2857 reperire
593 2824 738 2855 possum.
769 2815 881 2847 Multa
895 2814 949 2845 hic

259 2854 465 2894 exciderunt,
487 2862 545 2890 aut
561 2857 702 2900 scriptor
717 2857 862 2892 scribere
875 2857 950 2900 qui-

675 2593 762 2632 Quis
799 2595 953 2637 accepit?

1065 2073 1321 2110 Descemiereng
1334 2089 1378 2094 —
1390 2071 1607 2104 ostenderem.
1651 2072 1714 2105 Vi-

1018 2117 1111 2147 ‹lomr
1139 2126 1296 2147 numerus
1326 2115 1505 2158 singularis
1534 2127 1553 2146 e
1581 2116 1726 2148 duobus·

1017 2161 1115 2190 codd.
1147 2170 1279 2200 semper
1318 2159 1592 2201 conspirantibus
1628 2159 1713 2192 mci-

1022 2203 1177 2244 piendus.
1204 2205 1255 2235 M.

1064 2247 1166 2285 Eum,
1184 2250 1254 2289 qui.
1284 2247 1340 2278 Sic
1357 2247 1445 2279 Oud.
1457 2256 1476 2277 e
1488 2247 1586 2278 codd.
1600 2246 1713 2290 Vulgo

1015 2298 1099 2323 tuna.
1686 2305 1690 2309 ·

1063 2336 1195 2373 objecit.
1263 2335 1371 2366 Codd.
1411 2333 1546 2376 quidam
1585 2335 1713 2374 abiecit,

1014 2381 1104 2420 quod
1121 2379 1251 2420 prael'crt
1268 2378 1357 2410 Oud.
1382 2389 1424 2410 eo
1445 2388 1555 2416 seusu,
1578 2388 1645 2420 quo
1669 2378 1711 2410 G.

1012 2427 1043 2461 5,
1060 2426 1112 2454 48.

1063 2468 1118 2498 lta
1130 2468 1151 2491 ‘¹‘
1169 2467 1324 2507 sarturas
1349 2467 1389 2497 de
1411 2467 1507 2509 liquo.
1556 2466 1625 2497 Res
1638 2463 1713 2508 qui-

1017 2511 1091 2541 dem
1122 2517 1301 2551 utcumque
1332 2517 1439 2552 potest
1470 2509 1626 2551 intelligi,
1649 2509 1712 2541 ali-

1014 2565 1116 2594 quem
1135 2554 1178 2585 ita
1196 2555 1316 2587 facero.
1332 2554 1366 2584 h.
1379 2565 1409 2585 e.
1427 2553 1572 2595 ligneam
1587 2560 1709 2584 turrem

1022 2599 1198 2628 incendere
1215 2598 1383 2637 voluisse;
1418 2598 1474 2629 sed
1500 2607 1561 2628 nec
1577 2597 1711 2637 vulgatu

1020 2641 1120 2672 lectio
1137 2641 1268 2679 Latina,
1289 2651 1348 2672 nec
1365 2641 1530 2682 scriptura
1544 2639 1713 2679 codicum,

1020 2685 1157 2725 ita-(une
1171 2696 1267 2717 crure
1284 2686 1323 2716 «le
1338 2686 1440 2726 liquo,
1462 2694 1541 2716 sana
1564 2689 1627 2715 est.
1657 2683 1698 2714 M

1023 2729 1137 2759 Daris.
1160 2728 1321 2770 conjicit:
1363 2729 1417 2760 Im
1441 2729 1596 2769 factio-us
1624 2729 1713 2759 rum-i

1017 2774 1136 2810 liqneae
1149 2784 1254 2814 quum
1266 2775 1403 2814 propius
1415 2781 1531 2804 acces-³.
1545 2770 1585 2802 Li
1591 2781 1640 2811 ps.
1656 2770 1714 2802 de·

1019 2816 1109 2848 lebat
1121 2817 1161 2849 ‹le
1173 2818 1276 2859 [iyno.
1294 2816 1356 2848 hoc
1374 2815 1459 2848 mihi
1473 2814 1600 2858 placet.
