<?xml version="1.0" encoding="UTF-8"?>
<!DOCTYPE html PUBLIC "-//W3C//DTD XHTML 1.0 Transitional//EN"
    "http://www.w3.org/TR/xhtml1/DTD/xhtml1-transitional.dtd">
<html xmlns="http://www.w3.org/1999/xhtml" xml:lang="en" lang="en">
 <head>
  <title>
</title>
<meta http-equiv="Content-Type" content="text/html;charset=utf-8" />
  <meta name='ocr-system' content='tesseract 3.04.00' />
  <meta name='ocr-capabilities' content='ocr_page ocr_carea ocr_par ocr_line ocrx_word'/>
</head>
<body>
  <div class='ocr_page' id='page_1' title='image "./commentariidebel00caesuoft_0608.png"; bbox 0 0 1946 3261; ppageno 0'>
   <div class='ocr_carea' id='block_1_1' title="bbox 355 228 1454 279">
    <p class='ocr_par' dir='ltr' id='par_1_1' title="bbox 355 228 1454 279">
     <span class='ocr_line' id='line_1_1' title="bbox 355 228 1454 279; baseline -0.003 -1"><span class='ocrx_word' id='word_1_1' title='bbox 355 232 436 279; x_wconf 79' lang='lat'>568</span> <span class='ocrx_word' id='word_1_2' title='bbox 686 231 768 274; x_wconf 91' lang='lat' dir='ltr'>DE</span> <span class='ocrx_word' id='word_1_3' title='bbox 800 228 998 273; x_wconf 88' lang='lat' dir='ltr'>BELLO</span> <span class='ocrx_word' id='word_1_4' title='bbox 1032 228 1454 275; x_wconf 84' lang='lat' dir='ltr'>HISPANIENSI.</span> 
     </span>
    </p>
   </div>
   <div class='ocr_carea' id='block_1_2' title="bbox 356 356 1832 2032">
    <p class='ocr_par' dir='ltr' id='par_1_2' title="bbox 356 356 1816 992">
     <span class='ocr_line' id='line_1_2' title="bbox 358 356 1805 415; baseline 0 -15"><span class='ocrx_word' id='word_1_5' title='bbox 358 371 510 413; x_wconf 85' lang='lat' dir='ltr'>magna</span> <span class='ocrx_word' id='word_1_6' title='bbox 530 356 763 399; x_wconf 90' lang='lat' dir='ltr'>munitione</span> <span class='ocrx_word' id='word_1_7' title='bbox 790 357 1101 406; x_wconf 84' lang='lat' dir='ltr'>continebatur,</span> <span class='ocrx_word' id='word_1_8' title='bbox 1134 357 1205 406; x_wconf 89' lang='lat' dir='ltr'>sic,</span> <span class='ocrx_word' id='word_1_9' title='bbox 1238 365 1287 399; x_wconf 90' lang='lat' dir='ltr'>ut</span> <span class='ocrx_word' id='word_1_10' title='bbox 1314 357 1402 415; x_wconf 88' lang='lat' dir='ltr'>ipse</span> <span class='ocrx_word' id='word_1_11' title='bbox 1431 357 1546 399; x_wconf 91' lang='lat' dir='ltr'>locus</span> <span class='ocrx_word' id='word_1_12' title='bbox 1567 369 1651 399; x_wconf 91' lang='lat' dir='ltr'>non</span> <span class='ocrx_word' id='word_1_13' title='bbox 1671 357 1805 400; x_wconf 90' lang='lat' dir='ltr'>solum</span> 
     </span>
     <span class='ocr_line' id='line_1_3' title="bbox 357 414 1804 473; baseline 0 -16"><span class='ocrx_word' id='word_1_14' title='bbox 357 430 503 472; x_wconf 90' lang='lat' dir='ltr'>opere,</span> <span class='ocrx_word' id='word_1_15' title='bbox 536 414 610 456; x_wconf 91' lang='lat' dir='ltr'>sed</span> <span class='ocrx_word' id='word_1_16' title='bbox 631 414 759 457; x_wconf 90' lang='lat' dir='ltr'>etiam</span> <span class='ocrx_word' id='word_1_17' title='bbox 781 424 934 457; x_wconf 88' lang='lat' dir='ltr'>natura</span> <span class='ocrx_word' id='word_1_18' title='bbox 955 414 1110 464; x_wconf 88' lang='lat' dir='ltr'>editus,</span> <span class='ocrx_word' id='word_1_19' title='bbox 1131 415 1187 456; x_wconf 89' lang='lat' dir='ltr'>ab</span> <span class='ocrx_word' id='word_1_20' title='bbox 1209 414 1498 473; x_wconf 85' lang='lat' dir='ltr'>obpugnando</span> <span class='ocrx_word' id='word_1_21' title='bbox 1519 414 1637 456; x_wconf 88' lang='lat' dir='ltr'>hoste</span> <span class='ocrx_word' id='word_1_22' title='bbox 1657 414 1804 458; x_wconf 91' lang='lat' dir='ltr'>abver-</span> 
     </span>
     <span class='ocr_line' id='line_1_4' title="bbox 356 472 1807 530; baseline 0 -15"><span class='ocrx_word' id='word_1_23' title='bbox 356 479 481 515; x_wconf 87' lang='lat' dir='ltr'>teret.</span> <span class='ocrx_word' id='word_1_24' title='bbox 545 472 645 514; x_wconf 90' lang='lat' dir='ltr'>Huc</span> <span class='ocrx_word' id='word_1_25' title='bbox 666 473 910 522; x_wconf 80' lang='lat' dir='ltr'>accedebat,</span> <span class='ocrx_word' id='word_1_26' title='bbox 939 481 988 514; x_wconf 92' lang='lat' dir='ltr'>ut</span> <span class='ocrx_word' id='word_1_27' title='bbox 1005 488 1131 529; x_wconf 88' lang='lat' dir='ltr'>aqua,</span> <span class='ocrx_word' id='word_1_28' title='bbox 1160 481 1445 530; x_wconf 76' lang='lat' dir='ltr'>praeterquam</span> <span class='ocrx_word' id='word_1_29' title='bbox 1476 472 1628 530; x_wconf 83' lang='lat' dir='ltr'>inipso</span> <span class='ocrx_word' id='word_1_30' title='bbox 1648 473 1807 529; x_wconf 87' lang='lat' dir='ltr'>oppido</span> 
     </span>
     <span class='ocr_line' id='line_1_5' title="bbox 360 530 1809 589; baseline 0.001 -18"><span class='ocrx_word' id='word_1_31' title='bbox 360 530 546 580; x_wconf 92' lang='lat' dir='ltr'>Munda,</span> <span class='ocrx_word' id='word_1_32' title='bbox 574 530 848 574; x_wconf 85' lang='lat' dir='ltr'>circumcirca</span> <span class='ocrx_word' id='word_1_33' title='bbox 873 546 1082 587; x_wconf 85' lang='lat' dir='ltr'><strong>nusquam</strong></span> <span class='ocrx_word' id='word_1_34' title='bbox 1102 531 1365 588; x_wconf 86' lang='lat' dir='ltr'>reperiretur</span> <span class='ocrx_word' id='word_1_35' title='bbox 1385 531 1563 589; x_wconf 88' lang='lat' dir='ltr'>propius</span> <span class='ocrx_word' id='word_1_36' title='bbox 1581 530 1696 572; x_wconf 85' lang='lat' dir='ltr'>milia</span> <span class='ocrx_word' id='word_1_37' title='bbox 1717 545 1809 586; x_wconf 85' lang='lat' dir='ltr'>pas-</span> 
     </span>
     <span class='ocr_line' id='line_1_6' title="bbox 359 587 1810 647; baseline 0 -17"><span class='ocrx_word' id='word_1_38' title='bbox 359 603 484 630; x_wconf 88' lang='lat' dir='ltr'>suum</span> <span class='ocrx_word' id='word_1_39' title='bbox 503 596 614 631; x_wconf 88' lang='lat' dir='ltr'>octo.</span> <span class='ocrx_word' id='word_1_40' title='bbox 669 588 774 637; x_wconf 85' lang='lat' dir='ltr'>Quae</span> <span class='ocrx_word' id='word_1_41' title='bbox 789 605 854 631; x_wconf 91' lang='lat' dir='ltr'>res</span> <span class='ocrx_word' id='word_1_42' title='bbox 869 603 1022 645; x_wconf 86' lang='lat' dir='ltr'>magno</span> <span class='ocrx_word' id='word_1_43' title='bbox 1039 597 1132 630; x_wconf 88' lang='lat' dir='ltr'>erat</span> <span class='ocrx_word' id='word_1_44' title='bbox 1152 588 1398 647; x_wconf 84' lang='lat' dir='ltr'>adjumento</span> <span class='ocrx_word' id='word_1_45' title='bbox 1414 588 1649 646; x_wconf 89' lang='lat' dir='ltr'>oppidanis.</span> <span class='ocrx_word' id='word_1_46' title='bbox 1699 587 1810 630; x_wconf 85' lang='lat' dir='ltr'>Tum</span> 
     </span>
     <span class='ocr_line' id='line_1_7' title="bbox 361 646 1812 704; baseline 0.001 -17"><span class='ocrx_word' id='word_1_47' title='bbox 361 653 568 702; x_wconf 79' lang='lat' dir='ltr'>praeterea</span> <span class='ocrx_word' id='word_1_48' title='bbox 597 647 839 695; x_wconf 86' lang='lat' dir='ltr'>accedebat,</span> <span class='ocrx_word' id='word_1_49' title='bbox 867 656 916 688; x_wconf 90' lang='lat' dir='ltr'>ut</span> <span class='ocrx_word' id='word_1_50' title='bbox 943 662 1075 703; x_wconf 83' lang='lat' dir='ltr'>agger</span> <span class='ocrx_word' id='word_1_51' title='bbox 1104 647 1398 704; x_wconf 85' lang='lat' dir='ltr'>materiesque,</span> <span class='ocrx_word' id='word_1_52' title='bbox 1420 647 1530 689; x_wconf 91' lang='lat' dir='ltr'>unde</span> <span class='ocrx_word' id='word_1_53' title='bbox 1549 646 1684 688; x_wconf 86' lang='lat' dir='ltr'>solitae</span> <span class='ocrx_word' id='word_1_54' title='bbox 1712 654 1812 688; x_wconf 83' lang='lat' dir='ltr'>sunt</span> 
     </span>
     <span class='ocr_line' id='line_1_8' title="bbox 359 704 1812 763; baseline 0 -19"><span class='ocrx_word' id='word_1_55' title='bbox 359 710 501 745; x_wconf 85' lang='lat' dir='ltr'>turres</span> <span class='ocrx_word' id='word_1_56' title='bbox 516 704 601 762; x_wconf 86' lang='lat' dir='ltr'>agi,</span> <span class='ocrx_word' id='word_1_57' title='bbox 622 705 799 762; x_wconf 89' lang='lat' dir='ltr'>propius</span> <span class='ocrx_word' id='word_1_58' title='bbox 818 704 934 746; x_wconf 88' lang='lat' dir='ltr'>milia</span> <span class='ocrx_word' id='word_1_59' title='bbox 949 720 1147 761; x_wconf 80' lang='lat' dir='ltr'>passuum</span> <span class='ocrx_word' id='word_1_60' title='bbox 1170 704 1232 746; x_wconf 93' lang='lat' dir='ltr'>VI</span> <span class='ocrx_word' id='word_1_61' title='bbox 1255 720 1337 747; x_wconf 92' lang='lat' dir='ltr'>non</span> <span class='ocrx_word' id='word_1_62' title='bbox 1357 704 1697 763; x_wconf 83' lang='lat' dir='ltr'>reperiebantur.</span> <span class='ocrx_word' id='word_1_63' title='bbox 1747 704 1812 745; x_wconf 90' lang='lat' dir='ltr'>Ac</span> 
     </span>
     <span class='ocr_line' id='line_1_9' title="bbox 365 760 1814 820; baseline 0.001 -18"><span class='ocrx_word' id='word_1_64' title='bbox 365 760 609 819; x_wconf 89' lang='lat' dir='ltr'>Pompeius,</span> <span class='ocrx_word' id='word_1_65' title='bbox 642 772 692 804; x_wconf 87' lang='lat' dir='ltr'>ut</span> <span class='ocrx_word' id='word_1_66' title='bbox 720 761 868 820; x_wconf 88' lang='lat' dir='ltr'>oppidi</span> <span class='ocrx_word' id='word_1_67' title='bbox 889 762 1249 820; x_wconf 84' lang='lat' dir='ltr'>obpugnationem</span> <span class='ocrx_word' id='word_1_68' title='bbox 1271 763 1476 805; x_wconf 88' lang='lat' dir='ltr'>tutiorem</span> <span class='ocrx_word' id='word_1_69' title='bbox 1496 763 1694 811; x_wconf 90' lang='lat' dir='ltr'>efficeret,</span> <span class='ocrx_word' id='word_1_70' title='bbox 1727 777 1814 804; x_wconf 93' lang='lat' dir='ltr'>om-</span> 
     </span>
     <span class='ocr_line' id='line_1_10' title="bbox 360 819 1816 877; baseline 0.001 -18"><span class='ocrx_word' id='word_1_71' title='bbox 360 833 457 860; x_wconf 89' lang='lat' dir='ltr'>nem</span> <span class='ocrx_word' id='word_1_72' title='bbox 477 820 696 862; x_wconf 84' lang='lat' dir='ltr'>materiem</span> <span class='ocrx_word' id='word_1_73' title='bbox 716 821 875 862; x_wconf 89' lang='lat' dir='ltr'>circum</span> <span class='ocrx_word' id='word_1_74' title='bbox 894 819 1103 877; x_wconf 90' lang='lat' dir='ltr'>oppidum</span> <span class='ocrx_word' id='word_1_75' title='bbox 1124 820 1323 862; x_wconf 84' lang='lat' dir='ltr'>succisam</span> <span class='ocrx_word' id='word_1_76' title='bbox 1344 821 1457 862; x_wconf 88' lang='lat' dir='ltr'>intro</span> <span class='ocrx_word' id='word_1_77' title='bbox 1474 820 1694 877; x_wconf 85' lang='lat' dir='ltr'>congessit.</span> <span class='ocrx_word' id='word_1_78' title='bbox 1747 819 1816 861; x_wconf 83' lang='lat' dir='ltr'>Ita</span> 
     </span>
     <span class='ocr_line' id='line_1_11' title="bbox 359 877 1815 934; baseline 0.001 -17"><span class='ocrx_word' id='word_1_79' title='bbox 359 878 591 920; x_wconf 88' lang='lat' dir='ltr'>necessario</span> <span class='ocrx_word' id='word_1_80' title='bbox 614 877 938 920; x_wconf 84' lang='lat' dir='ltr'>deducebantur</span> <span class='ocrx_word' id='word_1_81' title='bbox 964 877 1113 926; x_wconf 79' lang='lat' dir='ltr'>nostri,</span> <span class='ocrx_word' id='word_1_82' title='bbox 1141 886 1190 919; x_wconf 90' lang='lat' dir='ltr'>ut</span> <span class='ocrx_word' id='word_1_83' title='bbox 1217 895 1241 919; x_wconf 90' lang='lat' dir='ltr'>a</span> <span class='ocrx_word' id='word_1_84' title='bbox 1266 878 1444 927; x_wconf 87' lang='lat' dir='ltr'>Munda,</span> <span class='ocrx_word' id='word_1_85' title='bbox 1476 893 1603 934; x_wconf 89' lang='lat' dir='ltr'>quam</span> <span class='ocrx_word' id='word_1_86' title='bbox 1623 877 1815 934; x_wconf 83' lang='lat' dir='ltr'>proxime</span> 
     </span>
     <span class='ocr_line' id='line_1_12' title="bbox 362 935 1224 992; baseline 0.002 -16"><span class='ocrx_word' id='word_1_87' title='bbox 362 943 577 992; x_wconf 87' lang='lat' dir='ltr'>ceperant,</span> <span class='ocrx_word' id='word_1_88' title='bbox 596 935 814 977; x_wconf 88' lang='lat' dir='ltr'>materiem</span> <span class='ocrx_word' id='word_1_89' title='bbox 836 936 910 977; x_wconf 90' lang='lat' dir='ltr'>illo</span> <span class='ocrx_word' id='word_1_90' title='bbox 931 935 1224 992; x_wconf 85' lang='lat' dir='ltr'>deportarent.</span> 
     </span>
    </p>

    <p class='ocr_par' dir='ltr' id='par_1_3' title="bbox 363 992 1832 2032">
     <span class='ocr_line' id='line_1_13' title="bbox 421 992 1815 1051; baseline 0 -17"><span class='ocrx_word' id='word_1_91' title='bbox 421 992 491 1035; x_wconf 76' lang='lat'>42.</span> <span class='ocrx_word' id='word_1_92' title='bbox 527 994 644 1035; x_wconf 92' lang='lat' dir='ltr'>Dum</span> <span class='ocrx_word' id='word_1_93' title='bbox 664 992 750 1034; x_wconf 86' lang='lat' dir='ltr'>haec</span> <span class='ocrx_word' id='word_1_94' title='bbox 777 993 829 1035; x_wconf 89' lang='lat' dir='ltr'>ad</span> <span class='ocrx_word' id='word_1_95' title='bbox 858 993 1068 1035; x_wconf 89' lang='lat' dir='ltr'>Mundam</span> <span class='ocrx_word' id='word_1_96' title='bbox 1091 1002 1301 1051; x_wconf 87' lang='lat' dir='ltr'>geruntur</span> <span class='ocrx_word' id='word_1_97' title='bbox 1321 1001 1365 1035; x_wconf 91' lang='lat' dir='ltr'>et</span> <span class='ocrx_word' id='word_1_98' title='bbox 1387 994 1635 1045; x_wconf 88' lang='lat' dir='ltr'>Ursaonem,</span> <span class='ocrx_word' id='word_1_99' title='bbox 1659 992 1815 1041; x_wconf 84' lang='lat' dir='ltr'>Caesar,</span> 
     </span>
     <span class='ocr_line' id='line_1_14' title="bbox 363 1050 1817 1108; baseline 0.001 -17"><span class='ocrx_word' id='word_1_100' title='bbox 363 1065 499 1106; x_wconf 88' lang='lat' dir='ltr'>quum</span> <span class='ocrx_word' id='word_1_101' title='bbox 529 1067 554 1092; x_wconf 87' lang='lat' dir='ltr'>a</span> <span class='ocrx_word' id='word_1_102' title='bbox 585 1050 779 1092; x_wconf 87' lang='lat' dir='ltr'>Gadibus</span> <span class='ocrx_word' id='word_1_103' title='bbox 810 1051 863 1091; x_wconf 88' lang='lat' dir='ltr'>ad</span> <span class='ocrx_word' id='word_1_104' title='bbox 891 1050 1101 1107; x_wconf 88' lang='lat' dir='ltr'>Hispalim</span> <span class='ocrx_word' id='word_1_105' title='bbox 1130 1068 1172 1093; x_wconf 89' lang='lat' dir='ltr'>se</span> <span class='ocrx_word' id='word_1_106' title='bbox 1193 1051 1433 1108; x_wconf 86' lang='lat' dir='ltr'>recepisset,</span> <span class='ocrx_word' id='word_1_107' title='bbox 1465 1051 1704 1108; x_wconf 80' lang='lat' dir='ltr'>insequenti</span> <span class='ocrx_word' id='word_1_108' title='bbox 1733 1050 1817 1099; x_wconf 86' lang='lat' dir='ltr'>die,</span> 
     </span>
     <span class='ocr_line' id='line_1_15' title="bbox 364 1108 1820 1158; baseline 0.001 -10"><span class='ocrx_word' id='word_1_109' title='bbox 364 1108 562 1150; x_wconf 86' lang='lat' dir='ltr'>concione</span> <span class='ocrx_word' id='word_1_110' title='bbox 583 1108 806 1156; x_wconf 88' lang='lat' dir='ltr'>advocata,</span> <span class='ocrx_word' id='word_1_111' title='bbox 834 1117 1150 1158; x_wconf 88' lang='lat' dir='ltr'>commemorat,</span> <span class='ocrx_word' id='word_1_112' title='bbox 1181 1117 1209 1135; x_wconf 85' lang='lat'><strong>“</strong></span> <span class='ocrx_word' id='word_1_113' title='bbox 1228 1109 1349 1151; x_wconf 92' lang='lat' dir='ltr'>initio</span> <span class='ocrx_word' id='word_1_114' title='bbox 1373 1110 1607 1158; x_wconf 80' lang='lat' dir='ltr'>Quaesturae</span> <span class='ocrx_word' id='word_1_115' title='bbox 1627 1123 1710 1150; x_wconf 85' lang='lat' dir='ltr'>suae</span> <span class='ocrx_word' id='word_1_116' title='bbox 1729 1123 1820 1150; x_wconf 89' lang='lat' dir='ltr'>eam</span> 
     </span>
     <span class='ocr_line' id='line_1_16' title="bbox 365 1166 1821 1223; baseline 0.001 -17"><span class='ocrx_word' id='word_1_117' title='bbox 365 1171 395 1190; x_wconf 80' lang='lat'>‘⁶</span> <span class='ocrx_word' id='word_1_118' title='bbox 420 1166 681 1222; x_wconf 89' lang='lat' dir='ltr'>provinciam</span> <span class='ocrx_word' id='word_1_119' title='bbox 712 1181 765 1207; x_wconf 85' lang='lat' dir='ltr'>ex</span> <span class='ocrx_word' id='word_1_120' title='bbox 785 1166 977 1208; x_wconf 89' lang='lat' dir='ltr'>omnibus</span> <span class='ocrx_word' id='word_1_121' title='bbox 1010 1168 1238 1223; x_wconf 88' lang='lat' dir='ltr'>provinciis</span> <span class='ocrx_word' id='word_1_122' title='bbox 1269 1167 1530 1223; x_wconf 86' lang='lat' dir='ltr'>peculiarem</span> <span class='ocrx_word' id='word_1_123' title='bbox 1561 1167 1640 1209; x_wconf 89' lang='lat' dir='ltr'>sibi</span> <span class='ocrx_word' id='word_1_124' title='bbox 1668 1166 1821 1208; x_wconf 88' lang='lat' dir='ltr'>consti-</span> 
     </span>
     <span class='ocr_line' id='line_1_17' title="bbox 366 1223 1819 1282; baseline 0.001 -19"><span class='ocrx_word' id='word_1_125' title='bbox 366 1229 396 1248; x_wconf 90' lang='lat'><strong>“</strong></span> <span class='ocrx_word' id='word_1_126' title='bbox 418 1223 546 1264; x_wconf 88' lang='lat' dir='ltr'>tuisse</span> <span class='ocrx_word' id='word_1_127' title='bbox 563 1230 622 1271; x_wconf 92' lang='lat' dir='ltr'>et,</span> <span class='ocrx_word' id='word_1_128' title='bbox 643 1238 738 1279; x_wconf 84' lang='lat' dir='ltr'>quae</span> <span class='ocrx_word' id='word_1_129' title='bbox 756 1224 963 1280; x_wconf 89' lang='lat' dir='ltr'>potuisset</span> <span class='ocrx_word' id='word_1_130' title='bbox 981 1239 1031 1265; x_wconf 91' lang='lat' dir='ltr'>eo</span> <span class='ocrx_word' id='word_1_131' title='bbox 1047 1232 1254 1282; x_wconf 86' lang='lat' dir='ltr'>tempore,</span> <span class='ocrx_word' id='word_1_132' title='bbox 1278 1224 1477 1266; x_wconf 90' lang='lat' dir='ltr'>beneficia</span> <span class='ocrx_word' id='word_1_133' title='bbox 1495 1225 1698 1281; x_wconf 85' lang='lat' dir='ltr'>largitum</span> <span class='ocrx_word' id='word_1_134' title='bbox 1719 1239 1819 1265; x_wconf 85' lang='lat' dir='ltr'>esse.</span> 
     </span>
     <span class='ocr_line' id='line_1_18' title="bbox 365 1279 1821 1339; baseline 0.001 -18"><span class='ocrx_word' id='word_1_135' title='bbox 365 1286 396 1305; x_wconf 90' lang='lat'><strong>“</strong></span> <span class='ocrx_word' id='word_1_136' title='bbox 422 1279 665 1338; x_wconf 87' lang='lat' dir='ltr'>Insequenti</span> <span class='ocrx_word' id='word_1_137' title='bbox 697 1281 891 1323; x_wconf 86' lang='lat' dir='ltr'>Praetura</span> <span class='ocrx_word' id='word_1_138' title='bbox 912 1281 1117 1338; x_wconf 88' lang='lat' dir='ltr'>ampliato</span> <span class='ocrx_word' id='word_1_139' title='bbox 1136 1283 1312 1329; x_wconf 89' lang='lat' dir='ltr'>honore,</span> <span class='ocrx_word' id='word_1_140' title='bbox 1338 1281 1582 1338; x_wconf 87' lang='lat' dir='ltr'>vectigalia,</span> <span class='ocrx_word' id='word_1_141' title='bbox 1611 1296 1706 1339; x_wconf 86' lang='lat' dir='ltr'>quae</span> <span class='ocrx_word' id='word_1_142' title='bbox 1729 1281 1821 1323; x_wconf 94' lang='lat' dir='ltr'>Me-</span> 
     </span>
     <span class='ocr_line' id='line_1_19' title="bbox 365 1338 1823 1397; baseline 0.001 -18"><span class='ocrx_word' id='word_1_143' title='bbox 365 1344 396 1363; x_wconf 85' lang='lat'><strong>“</strong></span> <span class='ocrx_word' id='word_1_144' title='bbox 421 1338 547 1379; x_wconf 89' lang='lat' dir='ltr'>tellus</span> <span class='ocrx_word' id='word_1_145' title='bbox 580 1339 848 1396; x_wconf 79' lang='lat' dir='ltr'>inposuisset,</span> <span class='ocrx_word' id='word_1_146' title='bbox 877 1355 902 1380; x_wconf 89' lang='lat' dir='ltr'>a</span> <span class='ocrx_word' id='word_1_147' title='bbox 925 1340 1087 1381; x_wconf 86' lang='lat' dir='ltr'>Senatu</span> <span class='ocrx_word' id='word_1_148' title='bbox 1116 1341 1269 1397; x_wconf 86' lang='lat' dir='ltr'>petisse</span> <span class='ocrx_word' id='word_1_149' title='bbox 1305 1347 1348 1381; x_wconf 92' lang='lat' dir='ltr'>et</span> <span class='ocrx_word' id='word_1_150' title='bbox 1369 1339 1426 1380; x_wconf 87' lang='lat' dir='ltr'>eis</span> <span class='ocrx_word' id='word_1_151' title='bbox 1446 1339 1634 1397; x_wconf 87' lang='lat' dir='ltr'>pecuniis</span> <span class='ocrx_word' id='word_1_152' title='bbox 1651 1338 1823 1396; x_wconf 91' lang='lat' dir='ltr'>provin-</span> 
     </span>
     <span class='ocr_line' id='line_1_20' title="bbox 365 1396 1823 1454; baseline 0.001 -17"><span class='ocrx_word' id='word_1_153' title='bbox 365 1402 396 1421; x_wconf 88' lang='lat'><strong>“</strong></span> <span class='ocrx_word' id='word_1_154' title='bbox 417 1396 525 1438; x_wconf 90' lang='lat' dir='ltr'>ciam</span> <span class='ocrx_word' id='word_1_155' title='bbox 547 1396 764 1445; x_wconf 87' lang='lat' dir='ltr'>liberasse;</span> <span class='ocrx_word' id='word_1_156' title='bbox 794 1396 1021 1453; x_wconf 89' lang='lat' dir='ltr'>simulque,</span> <span class='ocrx_word' id='word_1_157' title='bbox 1043 1397 1280 1453; x_wconf 88' lang='lat' dir='ltr'>patrocinio</span> <span class='ocrx_word' id='word_1_158' title='bbox 1299 1405 1512 1454; x_wconf 89' lang='lat' dir='ltr'>suscepto,</span> <span class='ocrx_word' id='word_1_159' title='bbox 1541 1397 1688 1439; x_wconf 90' lang='lat' dir='ltr'>multis</span> <span class='ocrx_word' id='word_1_160' title='bbox 1709 1396 1823 1454; x_wconf 88' lang='lat' dir='ltr'>lega-</span> 
     </span>
     <span class='ocr_line' id='line_1_21' title="bbox 366 1450 1826 1512; baseline 0.001 -17"><span class='ocrx_word' id='word_1_161' title='bbox 366 1460 397 1479; x_wconf 90' lang='lat'><strong>“</strong></span> <span class='ocrx_word' id='word_1_162' title='bbox 421 1454 609 1496; x_wconf 86' lang='lat' dir='ltr'>tionibus</span> <span class='ocrx_word' id='word_1_163' title='bbox 630 1454 686 1496; x_wconf 89' lang='lat' dir='ltr'>ab</span> <span class='ocrx_word' id='word_1_164' title='bbox 706 1470 748 1495; x_wconf 88' lang='lat' dir='ltr'>se</span> <span class='ocrx_word' id='word_1_165' title='bbox 769 1453 811 1496; x_wconf 90' lang='lat' dir='ltr'>in</span> <span class='ocrx_word' id='word_1_166' title='bbox 831 1455 1036 1496; x_wconf 86' lang='lat' dir='ltr'>Senatum</span> <span class='ocrx_word' id='word_1_167' title='bbox 1055 1454 1251 1504; x_wconf 85' lang='lat' dir='ltr'>inductis,</span> <span class='ocrx_word' id='word_1_168' title='bbox 1268 1450 1392 1497; x_wconf 74' lang='lat' dir='ltr'>simul</span> <span class='ocrx_word' id='word_1_169' title='bbox 1409 1455 1602 1512; x_wconf 91' lang='lat' dir='ltr'>publicas</span> <span class='ocrx_word' id='word_1_170' title='bbox 1622 1455 1826 1511; x_wconf 87' lang='lat' dir='ltr'>privatas-</span> 
     </span>
     <span class='ocr_line' id='line_1_22' title="bbox 366 1511 1826 1570; baseline 0.001 -17"><span class='ocrx_word' id='word_1_171' title='bbox 366 1518 396 1537; x_wconf 88' lang='lat'><strong>“</strong></span> <span class='ocrx_word' id='word_1_172' title='bbox 419 1526 502 1567; x_wconf 93' lang='lat' dir='ltr'>que</span> <span class='ocrx_word' id='word_1_173' title='bbox 521 1528 697 1560; x_wconf 89' lang='lat' dir='ltr'>caussas,</span> <span class='ocrx_word' id='word_1_174' title='bbox 723 1512 959 1553; x_wconf 89' lang='lat' dir='ltr'>multorum</span> <span class='ocrx_word' id='word_1_175' title='bbox 977 1511 1201 1555; x_wconf 85' lang='lat' dir='ltr'>inimicitiis</span> <span class='ocrx_word' id='word_1_176' title='bbox 1226 1513 1444 1570; x_wconf 77' lang='lat' dir='ltr'>susceptiS,</span> <span class='ocrx_word' id='word_1_177' title='bbox 1464 1513 1716 1554; x_wconf 90' lang='lat' dir='ltr'>defendisse:</span> <span class='ocrx_word' id='word_1_178' title='bbox 1749 1528 1826 1555; x_wconf 89' lang='lat' dir='ltr'>suo</span> 
     </span>
     <span class='ocr_line' id='line_1_23' title="bbox 368 1569 1826 1629; baseline 0.001 -19"><span class='ocrx_word' id='word_1_179' title='bbox 368 1576 397 1595; x_wconf 88' lang='lat'><strong>“</strong></span> <span class='ocrx_word' id='word_1_180' title='bbox 420 1569 521 1611; x_wconf 86' lang='lat' dir='ltr'>item</span> <span class='ocrx_word' id='word_1_181' title='bbox 543 1570 585 1611; x_wconf 92' lang='lat' dir='ltr'>in</span> <span class='ocrx_word' id='word_1_182' title='bbox 609 1570 847 1611; x_wconf 87' lang='lat' dir='ltr'>Consulatu</span> <span class='ocrx_word' id='word_1_183' title='bbox 867 1570 1099 1620; x_wconf 90' lang='lat' dir='ltr'>absentem,</span> <span class='ocrx_word' id='word_1_184' title='bbox 1130 1587 1225 1628; x_wconf 86' lang='lat' dir='ltr'>quae</span> <span class='ocrx_word' id='word_1_185' title='bbox 1247 1572 1470 1629; x_wconf 86' lang='lat' dir='ltr'>potuisset,</span> <span class='ocrx_word' id='word_1_186' title='bbox 1490 1570 1707 1612; x_wconf 89' lang='lat' dir='ltr'>commoda</span> <span class='ocrx_word' id='word_1_187' title='bbox 1729 1586 1826 1628; x_wconf 87' lang='lat' dir='ltr'>pro-</span> 
     </span>
     <span class='ocr_line' id='line_1_24' title="bbox 370 1627 1827 1672; baseline 0.001 -4"><span class='ocrx_word' id='word_1_188' title='bbox 370 1635 400 1653; x_wconf 88' lang='lat'><strong>“</strong></span> <span class='ocrx_word' id='word_1_189' title='bbox 423 1627 572 1669; x_wconf 80' lang='lat' dir='ltr'>vinciae</span> <span class='ocrx_word' id='word_1_190' title='bbox 600 1628 818 1669; x_wconf 89' lang='lat' dir='ltr'>tribuisse:</span> <span class='ocrx_word' id='word_1_191' title='bbox 851 1642 997 1669; x_wconf 90' lang='lat' dir='ltr'>eorum</span> <span class='ocrx_word' id='word_1_192' title='bbox 1027 1629 1212 1671; x_wconf 88' lang='lat' dir='ltr'>omnium</span> <span class='ocrx_word' id='word_1_193' title='bbox 1241 1629 1557 1672; x_wconf 90' lang='lat' dir='ltr'>commodorum</span> <span class='ocrx_word' id='word_1_194' title='bbox 1589 1644 1674 1669; x_wconf 88' lang='lat' dir='ltr'>esse</span> <span class='ocrx_word' id='word_1_195' title='bbox 1703 1636 1747 1670; x_wconf 91' lang='lat' dir='ltr'>et</span> <span class='ocrx_word' id='word_1_196' title='bbox 1766 1628 1827 1670; x_wconf 91' lang='lat' dir='ltr'>in-</span> 
     </span>
     <span class='ocr_line' id='line_1_25' title="bbox 368 1684 1827 1744; baseline 0.001 -18"><span class='ocrx_word' id='word_1_197' title='bbox 368 1693 398 1711; x_wconf 86' lang='lat'><strong>“</strong></span> <span class='ocrx_word' id='word_1_198' title='bbox 420 1700 625 1727; x_wconf 86' lang='lat' dir='ltr'>memores</span> <span class='ocrx_word' id='word_1_199' title='bbox 654 1693 697 1726; x_wconf 91' lang='lat' dir='ltr'>et</span> <span class='ocrx_word' id='word_1_200' title='bbox 724 1685 914 1741; x_wconf 86' lang='lat' dir='ltr'>ingratos</span> <span class='ocrx_word' id='word_1_201' title='bbox 943 1685 985 1726; x_wconf 93' lang='lat' dir='ltr'>in</span> <span class='ocrx_word' id='word_1_202' title='bbox 1013 1702 1054 1727; x_wconf 91' lang='lat' dir='ltr'>se</span> <span class='ocrx_word' id='word_1_203' title='bbox 1086 1695 1129 1728; x_wconf 90' lang='lat' dir='ltr'>et</span> <span class='ocrx_word' id='word_1_204' title='bbox 1162 1687 1204 1728; x_wconf 91' lang='lat' dir='ltr'>in</span> <span class='ocrx_word' id='word_1_205' title='bbox 1227 1687 1443 1744; x_wconf 90' lang='lat' dir='ltr'>Populum</span> <span class='ocrx_word' id='word_1_206' title='bbox 1465 1686 1720 1736; x_wconf 89' lang='lat' dir='ltr'>Romanum,</span> <span class='ocrx_word' id='word_1_207' title='bbox 1746 1684 1827 1728; x_wconf 91' lang='lat' dir='ltr'>hoc</span> 
     </span>
     <span class='ocr_line' id='line_1_26' title="bbox 372 1742 1829 1802; baseline 0.002 -19"><span class='ocrx_word' id='word_1_208' title='bbox 372 1747 400 1768; x_wconf 75' lang='lat'>‘⁶</span> <span class='ocrx_word' id='word_1_209' title='bbox 422 1742 539 1784; x_wconf 92' lang='lat' dir='ltr'>bello</span> <span class='ocrx_word' id='word_1_210' title='bbox 561 1750 604 1784; x_wconf 86' lang='lat' dir='ltr'>et</span> <span class='ocrx_word' id='word_1_211' title='bbox 625 1743 667 1784; x_wconf 92' lang='lat' dir='ltr'>in</span> <span class='ocrx_word' id='word_1_212' title='bbox 689 1743 910 1800; x_wconf 79' lang='lat' dir='ltr'>praeterito</span> <span class='ocrx_word' id='word_1_213' title='bbox 927 1752 1118 1801; x_wconf 84' lang='lat' dir='ltr'>ternpore</span> <span class='ocrx_word' id='word_1_214' title='bbox 1139 1759 1349 1802; x_wconf 83' lang='lat' dir='ltr'>cognosse.</span> <span class='ocrx_word' id='word_1_215' title='bbox 1400 1744 1502 1793; x_wconf 89' lang='lat' dir='ltr'>Vos,</span> <span class='ocrx_word' id='word_1_216' title='bbox 1522 1744 1617 1800; x_wconf 83' lang='lat' dir='ltr'>jure</span> <span class='ocrx_word' id='word_1_217' title='bbox 1636 1743 1829 1800; x_wconf 84' lang='lat' dir='ltr'>gentium</span> 
     </span>
     <span class='ocr_line' id='line_1_27' title="bbox 371 1800 1827 1859; baseline 0.001 -18"><span class='ocrx_word' id='word_1_218' title='bbox 371 1808 400 1826; x_wconf 75' lang='lat'>‘⁶</span> <span class='ocrx_word' id='word_1_219' title='bbox 422 1809 466 1841; x_wconf 91' lang='lat' dir='ltr'>et</span> <span class='ocrx_word' id='word_1_220' title='bbox 483 1800 638 1842; x_wconf 92' lang='lat' dir='ltr'>civium</span> <span class='ocrx_word' id='word_1_221' title='bbox 657 1800 947 1842; x_wconf 88' lang='lat' dir='ltr'>Romanorum</span> <span class='ocrx_word' id='word_1_222' title='bbox 965 1801 1168 1843; x_wconf 89' lang='lat' dir='ltr'>institutis</span> <span class='ocrx_word' id='word_1_223' title='bbox 1183 1803 1379 1859; x_wconf 88' lang='lat' dir='ltr'>cognitis,</span> <span class='ocrx_word' id='word_1_224' title='bbox 1392 1817 1510 1844; x_wconf 90' lang='lat' dir='ltr'>more</span> <span class='ocrx_word' id='word_1_225' title='bbox 1528 1801 1827 1851; x_wconf 88' lang='lat' dir='ltr'>barbarorum,</span> 
     </span>
     <span class='ocr_line' id='line_1_28' title="bbox 371 1857 1829 1915; baseline 0.002 -16"><span class='ocrx_word' id='word_1_226' title='bbox 371 1866 400 1884; x_wconf 76' lang='lat'>‘⁶</span> <span class='ocrx_word' id='word_1_227' title='bbox 429 1858 588 1915; x_wconf 92' lang='lat' dir='ltr'>Populi</span> <span class='ocrx_word' id='word_1_228' title='bbox 619 1857 801 1900; x_wconf 87' lang='lat' dir='ltr'>Romani</span> <span class='ocrx_word' id='word_1_229' title='bbox 829 1860 1148 1914; x_wconf 85' lang='lat' dir='ltr'>magistratibus</span> <span class='ocrx_word' id='word_1_230' title='bbox 1167 1859 1442 1902; x_wconf 89' lang='lat' dir='ltr'>sacrosanctis</span> <span class='ocrx_word' id='word_1_231' title='bbox 1472 1874 1620 1901; x_wconf 91' lang='lat' dir='ltr'>manus</span> <span class='ocrx_word' id='word_1_232' title='bbox 1637 1859 1764 1901; x_wconf 89' lang='lat' dir='ltr'>semel</span> <span class='ocrx_word' id='word_1_233' title='bbox 1785 1869 1829 1902; x_wconf 89' lang='lat' dir='ltr'>et</span> 
     </span>
     <span class='ocr_line' id='line_1_29' title="bbox 371 1915 1830 1973; baseline 0.001 -15"><span class='ocrx_word' id='word_1_234' title='bbox 371 1924 403 1941; x_wconf 77' lang='lat'>‘⁶</span> <span class='ocrx_word' id='word_1_235' title='bbox 423 1916 572 1973; x_wconf 81' lang='lat' dir='ltr'>saepius</span> <span class='ocrx_word' id='word_1_236' title='bbox 592 1915 828 1963; x_wconf 88' lang='lat' dir='ltr'>adtulistis;</span> <span class='ocrx_word' id='word_1_237' title='bbox 858 1924 902 1957; x_wconf 90' lang='lat' dir='ltr'>et</span> <span class='ocrx_word' id='word_1_238' title='bbox 932 1915 1027 1957; x_wconf 92' lang='lat' dir='ltr'>luce</span> <span class='ocrx_word' id='word_1_239' title='bbox 1047 1917 1160 1959; x_wconf 91' lang='lat' dir='ltr'>clara</span> <span class='ocrx_word' id='word_1_240' title='bbox 1188 1917 1379 1959; x_wconf 87' lang='lat' dir='ltr'>Cassium</span> <span class='ocrx_word' id='word_1_241' title='bbox 1410 1917 1452 1958; x_wconf 90' lang='lat' dir='ltr'>in</span> <span class='ocrx_word' id='word_1_242' title='bbox 1478 1915 1616 1958; x_wconf 88' lang='lat' dir='ltr'>medio</span> <span class='ocrx_word' id='word_1_243' title='bbox 1642 1918 1738 1959; x_wconf 86' lang='lat' dir='ltr'>foro</span> <span class='ocrx_word' id='word_1_244' title='bbox 1758 1932 1830 1960; x_wconf 92' lang='lat' dir='ltr'>ne-</span> 
     </span>
     <span class='ocr_line' id='line_1_30' title="bbox 371 1972 1832 2032; baseline 0.001 -16"><span class='ocrx_word' id='word_1_245' title='bbox 371 1982 399 2000; x_wconf 92' lang='lat'>“</span> <span class='ocrx_word' id='word_1_246' title='bbox 422 1974 528 2016; x_wconf 86' lang='lat' dir='ltr'>farie</span> <span class='ocrx_word' id='word_1_247' title='bbox 548 1973 783 2015; x_wconf 87' lang='lat' dir='ltr'>interficere</span> <span class='ocrx_word' id='word_1_248' title='bbox 802 1972 1006 2015; x_wconf 90' lang='lat' dir='ltr'>voluistis.</span> <span class='ocrx_word' id='word_1_249' title='bbox 1068 1975 1156 2017; x_wconf 92' lang='lat' dir='ltr'>Vos</span> <span class='ocrx_word' id='word_1_250' title='bbox 1174 1975 1232 2016; x_wconf 87' lang='lat' dir='ltr'>ita</span> <span class='ocrx_word' id='word_1_251' title='bbox 1253 1990 1398 2032; x_wconf 87' lang='lat' dir='ltr'>pacem</span> <span class='ocrx_word' id='word_1_252' title='bbox 1417 1989 1581 2032; x_wconf 90' lang='lat' dir='ltr'>semper</span> <span class='ocrx_word' id='word_1_253' title='bbox 1602 1973 1762 2024; x_wconf 90' lang='lat' dir='ltr'>odistis,</span> <span class='ocrx_word' id='word_1_254' title='bbox 1781 1983 1832 2017; x_wconf 88' lang='lat' dir='ltr'>ut</span> 
     </span>
    </p>
   </div>
   <div class='ocr_carea' id='block_1_3' title="bbox 380 2072 1076 2242">
    <p class='ocr_par' dir='ltr' id='par_1_4' title="bbox 380 2072 1076 2242">
     <span class='ocr_line' id='line_1_31' title="bbox 423 2072 1070 2114; baseline -0.005 -9"><span class='ocrx_word' id='word_1_255' title='bbox 423 2074 474 2105; x_wconf 78' lang='lat' dir='ltr'>Ad</span> <span class='ocrx_word' id='word_1_256' title='bbox 510 2073 767 2114; x_wconf 71' lang='lat' dir='ltr'>obpuynamlum</span> <span class='ocrx_word' id='word_1_257' title='bbox 803 2073 935 2104; x_wconf 76' lang='lat' dir='ltr'>hostem.</span> <span class='ocrx_word' id='word_1_258' title='bbox 990 2072 1070 2114; x_wconf 84' lang='lat' dir='ltr'>Leg.</span> 
     </span>
     <span class='ocr_line' id='line_1_32' title="bbox 381 2115 1071 2157; baseline -0.003 -10"><span class='ocrx_word' id='word_1_259' title='bbox 381 2127 458 2147; x_wconf 88' lang='lat' dir='ltr'>cum</span> <span class='ocrx_word' id='word_1_260' title='bbox 483 2116 637 2147; x_wconf 87' lang='lat' dir='ltr'>Goduino</span> <span class='ocrx_word' id='word_1_261' title='bbox 659 2122 691 2147; x_wconf 89' lang='lat' dir='ltr'>et</span> <span class='ocrx_word' id='word_1_262' title='bbox 709 2115 870 2153; x_wconf 87' lang='lat' dir='ltr'>Cellario,</span> <span class='ocrx_word' id='word_1_263' title='bbox 890 2116 932 2147; x_wconf 85' lang='lat' dir='ltr'>ab</span> <span class='ocrx_word' id='word_1_264' title='bbox 948 2115 1071 2157; x_wconf 65' lang='lat' dir='ltr'>obpug-</span> 
     </span>
     <span class='ocr_line' id='line_1_33' title="bbox 380 2158 1070 2199; baseline -0.001 -9"><span class='ocrx_word' id='word_1_265' title='bbox 380 2160 504 2190; x_wconf 78' lang='lat' dir='ltr'>nando.</span> <span class='ocrx_word' id='word_1_266' title='bbox 550 2160 614 2189; x_wconf 89' lang='lat' dir='ltr'>Pro</span> <span class='ocrx_word' id='word_1_267' title='bbox 628 2164 805 2199; x_wconf 81' lang='lat' dir='ltr'>appeteret,</span> <span class='ocrx_word' id='word_1_268' title='bbox 818 2159 908 2199; x_wconf 85' lang='lat' dir='ltr'>quod</span> <span class='ocrx_word' id='word_1_269' title='bbox 925 2158 958 2188; x_wconf 94' lang='lat' dir='ltr'>in</span> <span class='ocrx_word' id='word_1_270' title='bbox 973 2160 1070 2189; x_wconf 88' lang='lat' dir='ltr'>codd.</span> 
     </span>
     <span class='ocr_line' id='line_1_34' title="bbox 383 2201 1076 2242; baseline 0 -10"><span class='ocrx_word' id='word_1_271' title='bbox 383 2208 446 2240; x_wconf 84' lang='lat' dir='ltr'>est,</span> <span class='ocrx_word' id='word_1_272' title='bbox 455 2202 542 2233; x_wconf 88' lang='lat' dir='ltr'>bene</span> <span class='ocrx_word' id='word_1_273' title='bbox 553 2201 698 2232; x_wconf 78' lang='lat' dir='ltr'>editores</span> <span class='ocrx_word' id='word_1_274' title='bbox 711 2208 867 2234; x_wconf 66' lang='lat' dir='ltr'>averteret</span> <span class='ocrx_word' id='word_1_275' title='bbox 882 2207 1076 2242; x_wconf 86' lang='lat' dir='ltr'>posuerunt.</span> 
     </span>
    </p>
   </div>
   <div class='ocr_carea' id='block_1_4' title="bbox 1135 2071 1832 2234">
    <p class='ocr_par' dir='ltr' id='par_1_5' title="bbox 1135 2071 1832 2234">
     <span class='ocr_line' id='line_1_35' title="bbox 1139 2071 1831 2115; baseline 0 -11"><span class='ocrx_word' id='word_1_276' title='bbox 1139 2073 1247 2105; x_wconf 83' lang='lat' dir='ltr'>Codd.</span> <span class='ocrx_word' id='word_1_277' title='bbox 1276 2083 1391 2104; x_wconf 80' lang='lat' dir='ltr'>omnes</span> <span class='ocrx_word' id='word_1_278' title='bbox 1426 2071 1551 2104; x_wconf 90' lang='lat' dir='ltr'>habent</span> <span class='ocrx_word' id='word_1_279' title='bbox 1585 2074 1630 2105; x_wconf 82' lang='lat' dir='ltr'>ad</span> <span class='ocrx_word' id='word_1_280' title='bbox 1664 2074 1831 2115; x_wconf 75' lang='lat' dir='ltr'>oppidum.</span> 
     </span>
     <span class='ocr_line' id='line_1_36' title="bbox 1139 2116 1831 2158; baseline 0.001 -11"><span class='ocrx_word' id='word_1_281' title='bbox 1139 2116 1254 2147; x_wconf 85' lang='lat' dir='ltr'>Latere</span> <span class='ocrx_word' id='word_1_282' title='bbox 1284 2116 1364 2158; x_wconf 91' lang='lat' dir='ltr'>quid</span> <span class='ocrx_word' id='word_1_283' title='bbox 1394 2121 1489 2156; x_wconf 84' lang='lat' dir='ltr'>putat</span> <span class='ocrx_word' id='word_1_284' title='bbox 1517 2116 1605 2146; x_wconf 93' lang='lat' dir='ltr'>Oud.</span> <span class='ocrx_word' id='word_1_285' title='bbox 1649 2116 1744 2147; x_wconf 84' lang='lat' dir='ltr'>Forte</span> <span class='ocrx_word' id='word_1_286' title='bbox 1771 2127 1831 2157; x_wconf 87' lang='lat' dir='ltr'>pro</span> 
     </span>
     <span class='ocr_line' id='line_1_37' title="bbox 1137 2160 1832 2210; baseline -0.001 -19"><span class='ocrx_word' id='word_1_287' title='bbox 1137 2162 1290 2210; x_wconf 58' lang='lat' dir='ltr'>tutiorem</span> <span class='ocrx_word' id='word_1_288' title='bbox 1309 2160 1488 2201; x_wconf 88' lang='lat' dir='ltr'>legendum</span> <span class='ocrx_word' id='word_1_289' title='bbox 1507 2160 1690 2198; x_wconf 75' lang='lat' dir='ltr'>lentiorem,</span> <span class='ocrx_word' id='word_1_290' title='bbox 1704 2160 1832 2192; x_wconf 73' lang='lat' dir='ltr'>diutur-</span> 
     </span>
     <span class='ocr_line' id='line_1_38' title="bbox 1135 2213 1275 2234; baseline -0.007 0"><span class='ocrx_word' id='word_1_291' title='bbox 1135 2213 1275 2234; x_wconf 80' lang='lat' dir='ltr'>morem.</span> 
     </span>
    </p>
   </div>
   <div class='ocr_carea' id='block_1_5' title="bbox 383 2244 1081 2933">
    <p class='ocr_par' dir='ltr' id='par_1_6' title="bbox 383 2244 1076 2327">
     <span class='ocr_line' id='line_1_39' title="bbox 386 2244 1076 2283; baseline 0.001 -8"><span class='ocrx_word' id='word_1_292' title='bbox 386 2246 439 2275; x_wconf 88' lang='lat' dir='ltr'>M.</span> <span class='ocrx_word' id='word_1_293' title='bbox 464 2244 645 2283; x_wconf 75' lang='lat' dir='ltr'>vulgatum</span> <span class='ocrx_word' id='word_1_294' title='bbox 659 2244 743 2273; x_wconf 81' lang='lat' dir='ltr'>male</span> <span class='ocrx_word' id='word_1_295' title='bbox 758 2245 903 2275; x_wconf 83' lang='lat' dir='ltr'>defendit</span> <span class='ocrx_word' id='word_1_296' title='bbox 912 2244 1076 2276; x_wconf 86' lang='lat' dir='ltr'>Clarkius.</span> 
     </span>
     <span class='ocr_line' id='line_1_40' title="bbox 383 2286 795 2327; baseline -0.002 -8"><span class='ocrx_word' id='word_1_297' title='bbox 383 2286 659 2319; x_wconf 86' lang='lat' dir='ltr'>Emendationem</span> <span class='ocrx_word' id='word_1_298' title='bbox 671 2287 795 2327; x_wconf 85' lang='lat' dir='ltr'>recepi.</span> 
     </span>
    </p>

    <p class='ocr_par' dir='ltr' id='par_1_7' title="bbox 385 2330 1079 2664">
     <span class='ocr_line' id='line_1_41' title="bbox 439 2330 1076 2370; baseline 0 -8"><span class='ocrx_word' id='word_1_299' title='bbox 439 2332 478 2362; x_wconf 81' lang='lat' dir='ltr'>Ut</span> <span class='ocrx_word' id='word_1_300' title='bbox 507 2339 600 2370; x_wconf 85' lang='lat' dir='ltr'>aqua</span> <span class='ocrx_word' id='word_1_301' title='bbox 621 2343 662 2349; x_wconf 90' lang='lat'>—-</span> <span class='ocrx_word' id='word_1_302' title='bbox 683 2333 763 2360; x_wconf 79' lang='lat' dir='ltr'>octo.</span> <span class='ocrx_word' id='word_1_303' title='bbox 821 2330 875 2361; x_wconf 86' lang='lat' dir='ltr'>Sic</span> <span class='ocrx_word' id='word_1_304' title='bbox 905 2330 992 2362; x_wconf 84' lang='lat' dir='ltr'>Oud.</span> <span class='ocrx_word' id='word_1_305' title='bbox 1021 2333 1076 2362; x_wconf 91' lang='lat' dir='ltr'>sed</span> 
     </span>
     <span class='ocr_line' id='line_1_42' title="bbox 385 2372 1077 2415; baseline 0.001 -10"><span class='ocrx_word' id='word_1_306' title='bbox 385 2373 446 2405; x_wconf 87' lang='lat' dir='ltr'>alii</span> <span class='ocrx_word' id='word_1_307' title='bbox 463 2372 700 2405; x_wconf 87' lang='lat' dir='ltr'>exhibuerant:</span> <span class='ocrx_word' id='word_1_308' title='bbox 724 2373 925 2414; x_wconf 63' lang='lat' dir='ltr'>quodaqua,</span> <span class='ocrx_word' id='word_1_309' title='bbox 943 2379 1077 2415; x_wconf 77' lang='lat' dir='ltr'>praeter-</span> 
     </span>
     <span class='ocr_line' id='line_1_43' title="bbox 388 2416 1077 2458; baseline 0.001 -10"><span class='ocrx_word' id='word_1_310' title='bbox 388 2428 494 2458; x_wconf 84' lang='lat' dir='ltr'>quam</span> <span class='ocrx_word' id='word_1_311' title='bbox 516 2419 553 2447; x_wconf 78' lang='lat' dir='ltr'>in</span> <span class='ocrx_word' id='word_1_312' title='bbox 575 2418 642 2457; x_wconf 78' lang='lat' dir='ltr'>ipso</span> <span class='ocrx_word' id='word_1_313' title='bbox 656 2416 788 2456; x_wconf 73' lang='lat' dir='ltr'>oppida,</span> <span class='ocrx_word' id='word_1_314' title='bbox 803 2427 868 2447; x_wconf 75' lang='lat' dir='ltr'>‘non</span> <span class='ocrx_word' id='word_1_315' title='bbox 884 2423 974 2448; x_wconf 79' lang='lat' dir='ltr'>erat.-</span> <span class='ocrx_word' id='word_1_316' title='bbox 995 2427 1077 2449; x_wconf 80' lang='lat' dir='ltr'>nam</span> 
     </span>
     <span class='ocr_line' id='line_1_44' title="bbox 387 2460 1079 2501; baseline 0.001 -10"><span class='ocrx_word' id='word_1_317' title='bbox 387 2461 603 2492; x_wconf 81' lang='lat' dir='ltr'>circumcirca</span> <span class='ocrx_word' id='word_1_318' title='bbox 630 2460 717 2490; x_wconf 71' lang='lat' dir='ltr'>rivus</span> <span class='ocrx_word' id='word_1_319' title='bbox 745 2467 912 2499; x_wconf 81' lang='lat' dir='ltr'>nusquam</span> <span class='ocrx_word' id='word_1_320' title='bbox 939 2463 1079 2501; x_wconf 81' lang='lat' dir='ltr'>reperie-</span> 
     </span>
     <span class='ocr_line' id='line_1_45' title="bbox 387 2499 1079 2536; baseline 0.001 -3"><span class='ocrx_word' id='word_1_321' title='bbox 387 2504 487 2536; x_wconf 71' lang='lat' dir='ltr'>batur</span> <span class='ocrx_word' id='word_1_322' title='bbox 508 2519 561 2532; x_wconf 89' lang='lat'>-.</span> <span class='ocrx_word' id='word_1_323' title='bbox 585 2502 634 2533; x_wconf 89' lang='lat' dir='ltr'>M.</span> <span class='ocrx_word' id='word_1_324' title='bbox 689 2499 839 2531; x_wconf 90' lang='lat' dir='ltr'>Oudend.</span> <span class='ocrx_word' id='word_1_325' title='bbox 870 2509 999 2534; x_wconf 83' lang='lat' dir='ltr'>secutus</span> <span class='ocrx_word' id='word_1_326' title='bbox 1029 2509 1079 2534; x_wconf 84' lang='lat' dir='ltr'>est</span> 
     </span>
     <span class='ocr_line' id='line_1_46' title="bbox 388 2545 1079 2587; baseline 0.001 -10"><span class='ocrx_word' id='word_1_327' title='bbox 388 2547 487 2578; x_wconf 88' lang='lat' dir='ltr'>codd.</span> <span class='ocrx_word' id='word_1_328' title='bbox 505 2545 606 2576; x_wconf 91' lang='lat' dir='ltr'>Norv.</span> <span class='ocrx_word' id='word_1_329' title='bbox 631 2551 664 2577; x_wconf 89' lang='lat' dir='ltr'>et</span> <span class='ocrx_word' id='word_1_330' title='bbox 689 2545 806 2575; x_wconf 87' lang='lat' dir='ltr'>Petav.</span> <span class='ocrx_word' id='word_1_331' title='bbox 849 2546 886 2575; x_wconf 82' lang='lat' dir='ltr'>Ut</span> <span class='ocrx_word' id='word_1_332' title='bbox 909 2556 965 2586; x_wconf 87' lang='lat' dir='ltr'>pro</span> <span class='ocrx_word' id='word_1_333' title='bbox 993 2547 1079 2587; x_wconf 82' lang='lat' dir='ltr'>quod</span> 
     </span>
     <span class='ocr_line' id='line_1_47' title="bbox 391 2587 1078 2628; baseline 0 -8"><span class='ocrx_word' id='word_1_334' title='bbox 391 2600 470 2621; x_wconf 80' lang='lat' dir='ltr'>mox</span> <span class='ocrx_word' id='word_1_335' title='bbox 485 2589 603 2620; x_wconf 87' lang='lat' dir='ltr'>iterum</span> <span class='ocrx_word' id='word_1_336' title='bbox 617 2587 776 2625; x_wconf 88' lang='lat' dir='ltr'>occurrit,</span> <span class='ocrx_word' id='word_1_337' title='bbox 796 2592 827 2618; x_wconf 87' lang='lat' dir='ltr'>et</span> <span class='ocrx_word' id='word_1_338' title='bbox 848 2588 985 2628; x_wconf 91' lang='lat' dir='ltr'>quidem</span> <span class='ocrx_word' id='word_1_339' title='bbox 1001 2600 1078 2620; x_wconf 81' lang='lat' dir='ltr'>cum</span> 
     </span>
     <span class='ocr_line' id='line_1_48' title="bbox 391 2630 1056 2664; baseline -0.002 0"><span class='ocrx_word' id='word_1_340' title='bbox 391 2631 581 2664; x_wconf 86' lang='lat' dir='ltr'>indicativo.</span> <span class='ocrx_word' id='word_1_341' title='bbox 620 2632 724 2663; x_wconf 77' lang='lat' dir='ltr'>Rivus</span> <span class='ocrx_word' id='word_1_342' title='bbox 737 2630 829 2662; x_wconf 80' lang='lat' dir='ltr'>abest</span> <span class='ocrx_word' id='word_1_343' title='bbox 841 2631 885 2661; x_wconf 88' lang='lat' dir='ltr'>ab</span> <span class='ocrx_word' id='word_1_344' title='bbox 899 2633 974 2662; x_wconf 90' lang='lat' dir='ltr'>edd.</span> <span class='ocrx_word' id='word_1_345' title='bbox 990 2637 1056 2663; x_wconf 88' lang='lat' dir='ltr'>vet.</span> 
     </span>
    </p>

    <p class='ocr_par' dir='ltr' id='par_1_8' title="bbox 435 2675 953 2717">
     <span class='ocr_line' id='line_1_49' title="bbox 435 2675 953 2717; baseline -0.006 -9"><span class='ocrx_word' id='word_1_346' title='bbox 435 2678 509 2717; x_wconf 71' lang='lat' dir='ltr'>Aqi.</span> <span class='ocrx_word' id='word_1_347' title='bbox 554 2675 624 2706; x_wconf 89' lang='lat' dir='ltr'>Res</span> <span class='ocrx_word' id='word_1_348' title='bbox 632 2676 709 2715; x_wconf 73' lang='lat' dir='ltr'>fieri</span> <span class='ocrx_word' id='word_1_349' title='bbox 722 2675 879 2716; x_wconf 84' lang='lat' dir='ltr'>postulat.</span> <span class='ocrx_word' id='word_1_350' title='bbox 902 2675 953 2705; x_wconf 88' lang='lat' dir='ltr'>M.</span> 
     </span>
    </p>

    <p class='ocr_par' dir='ltr' id='par_1_9' title="bbox 389 2717 1081 2837">
     <span class='ocr_line' id='line_1_50' title="bbox 436 2717 1081 2760; baseline 0 -9"><span class='ocrx_word' id='word_1_351' title='bbox 436 2719 706 2760; x_wconf 76' lang='lat' dir='ltr'>Reperiebantur.</span> <span class='ocrx_word' id='word_1_352' title='bbox 765 2717 872 2758; x_wconf 86' lang='lat' dir='ltr'>Hujus</span> <span class='ocrx_word' id='word_1_353' title='bbox 907 2723 1081 2758; x_wconf 81' lang='lat' dir='ltr'>syntaxeos</span> 
     </span>
     <span class='ocr_line' id='line_1_51' title="bbox 389 2760 1077 2803; baseline 0.001 -10"><span class='ocrx_word' id='word_1_354' title='bbox 389 2762 522 2803; x_wconf 77' lang='lat' dir='ltr'>culpam</span> <span class='ocrx_word' id='word_1_355' title='bbox 548 2761 699 2803; x_wconf 88' lang='lat' dir='ltr'>scriptori</span> <span class='ocrx_word' id='word_1_356' title='bbox 723 2760 788 2803; x_wconf 90' lang='lat' dir='ltr'>ipsi</span> <span class='ocrx_word' id='word_1_357' title='bbox 810 2771 922 2799; x_wconf 86' lang='lat' dir='ltr'>nemo,</span> <span class='ocrx_word' id='word_1_358' title='bbox 947 2761 1077 2803; x_wconf 89' lang='lat' dir='ltr'>opinor,</span> 
     </span>
     <span class='ocr_line' id='line_1_52' title="bbox 389 2805 598 2837; baseline -0.01 0"><span class='ocrx_word' id='word_1_359' title='bbox 389 2805 526 2837; x_wconf 86' lang='lat' dir='ltr'>tribuet.</span> <span class='ocrx_word' id='word_1_360' title='bbox 549 2806 598 2836; x_wconf 89' lang='lat' dir='ltr'>M.</span> 
     </span>
    </p>

    <p class='ocr_par' dir='ltr' id='par_1_10' title="bbox 383 2848 1076 2933">
     <span class='ocr_line' id='line_1_53' title="bbox 399 2848 1076 2891; baseline 0.001 -12"><span class='ocrx_word' id='word_1_361' title='bbox 399 2861 417 2867; x_wconf 48' lang='lat'>*-</span> <span class='ocrx_word' id='word_1_362' title='bbox 435 2849 552 2890; x_wconf 79' lang='lat' dir='ltr'>Oppidi</span> <span class='ocrx_word' id='word_1_363' title='bbox 564 2849 734 2889; x_wconf 69' lang='lat' dir='ltr'>obpuqnat</span> <span class='ocrx_word' id='word_1_364' title='bbox 749 2848 869 2879; x_wconf 87' lang='lat' dir='ltr'>Saltem</span> <span class='ocrx_word' id='word_1_365' title='bbox 886 2858 1076 2891; x_wconf 62' lang='lat' dir='ltr'>propiaqua—</span> 
     </span>
     <span class='ocr_line' id='line_1_54' title="bbox 383 2891 1075 2933; baseline -0.001 -9"><span class='ocrx_word' id='word_1_366' title='bbox 383 2893 502 2924; x_wconf 75' lang='lat' dir='ltr'>tae&#39;onem</span> <span class='ocrx_word' id='word_1_367' title='bbox 517 2892 654 2933; x_wconf 80' lang='lat' dir='ltr'>legetur,</span> <span class='ocrx_word' id='word_1_368' title='bbox 670 2897 706 2924; x_wconf 85' lang='lat' dir='ltr'>ut</span> <span class='ocrx_word' id='word_1_369' title='bbox 720 2891 817 2925; x_wconf 88' lang='lat' dir='ltr'>multi</span> <span class='ocrx_word' id='word_1_370' title='bbox 835 2891 1004 2924; x_wconf 85' lang='lat' dir='ltr'>dixerunt.</span> <span class='ocrx_word' id='word_1_371' title='bbox 1027 2893 1075 2925; x_wconf 87' lang='lat' dir='ltr'>M.</span> 
     </span>
    </p>
   </div>
   <div class='ocr_carea' id='block_1_6' title="bbox 1136 2245 1835 2886">
    <p class='ocr_par' dir='ltr' id='par_1_11' title="bbox 1140 2245 1832 2321">
     <span class='ocr_line' id='line_1_55' title="bbox 1184 2245 1832 2280; baseline -0.005 0"><span class='ocrx_word' id='word_1_372' title='bbox 1184 2247 1365 2280; x_wconf 75' lang='lat' dir='ltr'>Quae-seurae</span> <span class='ocrx_word' id='word_1_373' title='bbox 1386 2256 1466 2278; x_wconf 67' lang='lat' dir='ltr'>suae.</span> <span class='ocrx_word' id='word_1_374' title='bbox 1511 2246 1650 2278; x_wconf 84' lang='lat' dir='ltr'>sueton.</span> <span class='ocrx_word' id='word_1_375' title='bbox 1668 2245 1737 2276; x_wconf 85' lang='lat' dir='ltr'>Jul.</span> <span class='ocrx_word' id='word_1_376' title='bbox 1753 2256 1784 2276; x_wconf 94' lang='lat' dir='ltr'>c.</span> <span class='ocrx_word' id='word_1_377' title='bbox 1802 2248 1832 2278; x_wconf 87' lang='grc'>7.</span> 
     </span>
     <span class='ocr_line' id='line_1_56' title="bbox 1140 2288 1760 2321; baseline 0.002 -2"><span class='ocrx_word' id='word_1_378' title='bbox 1140 2288 1190 2319; x_wconf 92' lang='lat' dir='ltr'>De</span> <span class='ocrx_word' id='word_1_379' title='bbox 1208 2290 1351 2321; x_wconf 81' lang='lat' dir='ltr'>Praetura</span> <span class='ocrx_word' id='word_1_380' title='bbox 1367 2289 1449 2320; x_wconf 88' lang='lat' dir='ltr'>ibid.</span> <span class='ocrx_word' id='word_1_381' title='bbox 1465 2300 1495 2320; x_wconf 90' lang='lat' dir='ltr'>c.</span> <span class='ocrx_word' id='word_1_382' title='bbox 1513 2291 1563 2320; x_wconf 82' lang='lat'>18.</span> <span class='ocrx_word' id='word_1_383' title='bbox 1587 2290 1760 2321; x_wconf 72' lang='lat' dir='ltr'>Cellarius.</span> 
     </span>
    </p>

    <p class='ocr_par' dir='ltr' id='par_1_12' title="bbox 1141 2332 1833 2408">
     <span class='ocr_line' id='line_1_57' title="bbox 1186 2332 1833 2374; baseline 0 -11"><span class='ocrx_word' id='word_1_384' title='bbox 1186 2332 1431 2373; x_wconf 65' lang='lat' dir='ltr'>Legationibws.</span> <span class='ocrx_word' id='word_1_385' title='bbox 1457 2333 1567 2374; x_wconf 88' lang='lat' dir='ltr'>Vulgo</span> <span class='ocrx_word' id='word_1_386' title='bbox 1583 2332 1683 2370; x_wconf 87' lang='lat' dir='ltr'>male,</span> <span class='ocrx_word' id='word_1_387' title='bbox 1697 2332 1833 2374; x_wconf 69' lang='lat' dir='ltr'>Ieyibus.</span> 
     </span>
     <span class='ocr_line' id='line_1_58' title="bbox 1141 2375 1685 2408; baseline 0 -2"><span class='ocrx_word' id='word_1_388' title='bbox 1141 2376 1191 2406; x_wconf 87' lang='lat' dir='ltr'>M.</span> <span class='ocrx_word' id='word_1_389' title='bbox 1235 2375 1358 2408; x_wconf 89' lang='lat' dir='ltr'>Contra</span> <span class='ocrx_word' id='word_1_390' title='bbox 1372 2377 1472 2407; x_wconf 90' lang='lat' dir='ltr'>codd.</span> <span class='ocrx_word' id='word_1_391' title='bbox 1485 2382 1518 2407; x_wconf 86' lang='lat' dir='ltr'>et</span> <span class='ocrx_word' id='word_1_392' title='bbox 1530 2376 1606 2406; x_wconf 88' lang='lat' dir='ltr'>edd.</span> <span class='ocrx_word' id='word_1_393' title='bbox 1620 2381 1685 2406; x_wconf 86' lang='lat' dir='ltr'>vet.</span> 
     </span>
    </p>

    <p class='ocr_par' dir='ltr' id='par_1_13' title="bbox 1136 2418 1835 2588">
     <span class='ocr_line' id='line_1_59' title="bbox 1185 2418 1833 2460; baseline 0 -10"><span class='ocrx_word' id='word_1_394' title='bbox 1185 2420 1283 2450; x_wconf 76' lang='lat' dir='ltr'>Publ.</span> <span class='ocrx_word' id='word_1_395' title='bbox 1306 2423 1519 2460; x_wconf 49' lang='lat' dir='ltr'>privataeque</span> <span class='ocrx_word' id='word_1_396' title='bbox 1542 2429 1686 2451; x_wconf 56' lang='lat' dir='ltr'>caussas.</span> <span class='ocrx_word' id='word_1_397' title='bbox 1730 2418 1833 2450; x_wconf 89' lang='lat' dir='ltr'>Codd.</span> 
     </span>
     <span class='ocr_line' id='line_1_60' title="bbox 1141 2462 1835 2503; baseline 0 -11"><span class='ocrx_word' id='word_1_398' title='bbox 1141 2466 1173 2492; x_wconf 90' lang='lat' dir='ltr'>et</span> <span class='ocrx_word' id='word_1_399' title='bbox 1183 2462 1256 2492; x_wconf 88' lang='lat' dir='ltr'>edd.</span> <span class='ocrx_word' id='word_1_400' title='bbox 1263 2469 1330 2492; x_wconf 83' lang='lat' dir='ltr'>vet.</span> <span class='ocrx_word' id='word_1_401' title='bbox 1337 2463 1480 2503; x_wconf 74' lang='lat' dir='ltr'>publicis</span> <span class='ocrx_word' id='word_1_402' title='bbox 1485 2464 1694 2503; x_wconf 53' lang='lat' dir='ltr'>privatisque</span> <span class='ocrx_word' id='word_1_403' title='bbox 1701 2464 1835 2498; x_wconf 70' lang='lat' dir='ltr'>caussis,</span> 
     </span>
     <span class='ocr_line' id='line_1_61' title="bbox 1136 2505 1834 2588; baseline 0 -52"><span class='ocrx_word' id='word_1_404' title='bbox 1136 2505 1200 2588; x_wconf 54' lang='lat' dir='ltr'>phi</span> <span class='ocrx_word' id='word_1_405' title='bbox 1219 2505 1535 2546; x_wconf 81' lang='lat' dir='ltr'>subintelligendum</span> <span class='ocrx_word' id='word_1_406' title='bbox 1552 2507 1760 2546; x_wconf 74' lang='lat' dir='ltr'>provinciam</span> <span class='ocrx_word' id='word_1_407' title='bbox 1777 2505 1834 2536; x_wconf 78' lang='lat' dir='ltr'>‹le-</span> 
     </span>
     <span class='ocr_line' id='line_1_62' title="bbox 1153 2549 1292 2580; baseline -0.007 0"><span class='ocrx_word' id='word_1_408' title='bbox 1153 2549 1292 2580; x_wconf 76' lang='lat' dir='ltr'>endisse.</span> 
     </span>
    </p>

    <p class='ocr_par' dir='ltr' id='par_1_14' title="bbox 1140 2590 1833 2763">
     <span class='ocr_line' id='line_1_63' title="bbox 1189 2590 1833 2638; baseline -0.002 -15"><span class='ocrx_word' id='word_1_409' title='bbox 1189 2593 1406 2638; x_wconf 53' lang='lat' dir='ltr'>Etanratos.</span> <span class='ocrx_word' id='word_1_410' title='bbox 1440 2591 1545 2623; x_wconf 89' lang='lat' dir='ltr'>Codd.</span> <span class='ocrx_word' id='word_1_411' title='bbox 1558 2590 1692 2633; x_wconf 87' lang='lat' dir='ltr'>quidam</span> <span class='ocrx_word' id='word_1_412' title='bbox 1706 2591 1833 2624; x_wconf 83' lang='lat' dir='ltr'>addunt</span> 
     </span>
     <span class='ocr_line' id='line_1_64' title="bbox 1140 2645 1202 2666; baseline -0.016 0"><span class='ocrx_word' id='word_1_413' title='bbox 1140 2645 1202 2666; x_wconf 80' lang='lat' dir='ltr'>eos.</span> 
     </span>
     <span class='ocr_line' id='line_1_65' title="bbox 1187 2677 1833 2719; baseline 0 -10"><span class='ocrx_word' id='word_1_414' title='bbox 1187 2679 1271 2710; x_wconf 82' lang='lat' dir='ltr'>Jure</span> <span class='ocrx_word' id='word_1_415' title='bbox 1297 2682 1456 2719; x_wconf 74' lang='lat' dir='ltr'>yentium.</span> <span class='ocrx_word' id='word_1_416' title='bbox 1500 2678 1566 2710; x_wconf 90' lang='lat' dir='ltr'>Hic</span> <span class='ocrx_word' id='word_1_417' title='bbox 1595 2677 1710 2710; x_wconf 81' lang='lat' dir='ltr'>invitis</span> <span class='ocrx_word' id='word_1_418' title='bbox 1735 2679 1833 2710; x_wconf 92' lang='lat' dir='ltr'>codd.</span> 
     </span>
     <span class='ocr_line' id='line_1_66' title="bbox 1144 2722 1668 2763; baseline 0 -12"><span class='ocrx_word' id='word_1_419' title='bbox 1144 2726 1177 2752; x_wconf 89' lang='lat' dir='ltr'>et</span> <span class='ocrx_word' id='word_1_420' title='bbox 1192 2722 1265 2752; x_wconf 87' lang='lat' dir='ltr'>edd.</span> <span class='ocrx_word' id='word_1_421' title='bbox 1282 2728 1349 2753; x_wconf 85' lang='lat' dir='ltr'>vet.</span> <span class='ocrx_word' id='word_1_422' title='bbox 1365 2722 1535 2754; x_wconf 85' lang='lat' dir='ltr'>intrudunt</span> <span class='ocrx_word' id='word_1_423' title='bbox 1549 2724 1668 2763; x_wconf 79' lang='lat' dir='ltr'>inquit.</span> 
     </span>
    </p>

    <p class='ocr_par' dir='ltr' id='par_1_15' title="bbox 1145 2764 1832 2850">
     <span class='ocr_line' id='line_1_67' title="bbox 1190 2764 1832 2807; baseline 0.002 -12"><span class='ocrx_word' id='word_1_424' title='bbox 1190 2766 1296 2796; x_wconf 78' lang='lat' dir='ltr'>Semel</span> <span class='ocrx_word' id='word_1_425' title='bbox 1320 2771 1349 2798; x_wconf 80' lang='lat' dir='ltr'>et</span> <span class='ocrx_word' id='word_1_426' title='bbox 1371 2768 1498 2807; x_wconf 74' lang='lat' dir='ltr'>saepius.</span> <span class='ocrx_word' id='word_1_427' title='bbox 1546 2765 1599 2796; x_wconf 89' lang='lat' dir='ltr'>Sic</span> <span class='ocrx_word' id='word_1_428' title='bbox 1626 2764 1725 2795; x_wconf 87' lang='lat' dir='ltr'>codd.</span> <span class='ocrx_word' id='word_1_429' title='bbox 1768 2765 1832 2796; x_wconf 88' lang='lat' dir='ltr'>Sed</span> 
     </span>
     <span class='ocr_line' id='line_1_68' title="bbox 1145 2808 1615 2850; baseline -0.002 -12"><span class='ocrx_word' id='word_1_430' title='bbox 1145 2808 1257 2848; x_wconf 84' lang='lat' dir='ltr'>vulgo,</span> <span class='ocrx_word' id='word_1_431' title='bbox 1273 2818 1354 2850; x_wconf 81' lang='lat' dir='ltr'>soepe</span> <span class='ocrx_word' id='word_1_432' title='bbox 1367 2813 1397 2840; x_wconf 79' lang='lat' dir='ltr'>et</span> <span class='ocrx_word' id='word_1_433' title='bbox 1410 2811 1543 2850; x_wconf 73' lang='lat' dir='ltr'>saepius.</span> <span class='ocrx_word' id='word_1_434' title='bbox 1565 2809 1615 2839; x_wconf 85' lang='lat' dir='ltr'>M.</span> 
     </span>
    </p>

    <p class='ocr_par' dir='ltr' id='par_1_16' title="bbox 1190 2851 1715 2886">
     <span class='ocr_line' id='line_1_69' title="bbox 1190 2851 1715 2886; baseline -0.006 -1"><span class='ocrx_word' id='word_1_435' title='bbox 1190 2853 1352 2885; x_wconf 74' lang='lat' dir='ltr'>Cassium.</span> <span class='ocrx_word' id='word_1_436' title='bbox 1374 2851 1441 2886; x_wconf 89' lang='lat' dir='ltr'>vid.</span> <span class='ocrx_word' id='word_1_437' title='bbox 1457 2853 1497 2885; x_wconf 94' lang='grc' dir='ltr'>Β.</span> <span class='ocrx_word' id='word_1_438' title='bbox 1521 2851 1573 2886; x_wconf 87' lang='grc' dir='ltr'>ΑΙ.</span> <span class='ocrx_word' id='word_1_439' title='bbox 1589 2854 1641 2883; x_wconf 82' lang='lat'>52.</span> <span class='ocrx_word' id='word_1_440' title='bbox 1666 2851 1715 2884; x_wconf 81' lang='lat' dir='ltr'>M.</span> 
     </span>
    </p>
   </div>
   <div class='ocr_carea' id='block_1_7' title="bbox 1918 118 1946 791">
    <p class='ocr_par' dir='ltr' id='par_1_17' title="bbox 1918 118 1946 791">
     <span class='ocr_line' id='line_1_70' title="bbox 1918 118 1946 791; baseline 0 2470"><span class='ocrx_word' id='word_1_441' title='bbox 1918 118 1946 791; x_wconf 95' lang='lat' dir='ltr'> </span> 
     </span>
    </p>
   </div>
  </div>
 </body>
</html>
