1946 3261
584 227 704 274 LIB.
737 228 796 274 V·
858 229 999 274 CAP.
1028 228 1220 274 37—40·
1578 227 1655 276 121

175 357 290 402 fama
310 355 366 401 de
386 355 550 402 Titurii
570 365 711 403 morte
733 357 919 417 perlata.
984 357 1102 400 Huic
1119 371 1295 416 quoque
1326 354 1502 408 accidit,
1536 357 1660 414 quod

175 418 259 461 fuit
280 433 466 468 necesse,
483 426 536 461 ut
551 418 749 462 nonnulli
769 417 942 467 milites,
960 416 1038 474 qui
1055 416 1303 474 lignationis
1323 415 1660 474 munitionisque

176 493 327 520 caussa
347 476 392 520 in
411 476 540 520 silvas
569 477 868 529 discessissent,
899 475 1128 534 repentino
1158 476 1357 532 equitum
1378 474 1573 518 adventu
1599 474 1662 518 in—

177 536 512 594 terciperentur.
578 535 660 578 His
688 535 1008 584 circumventis,
1045 548 1204 590 magna
1243 549 1375 577 manu
1415 534 1663 586 Eburones.

180 594 352 644 Nervii,
377 593 600 637 Advatuci
635 603 768 652 atque
798 594 955 637 horum
976 591 1169 636 omnium
1201 592 1303 634 socii
1322 601 1368 634 et
1389 592 1580 643 clientes,
1603 592 1664 636 le-

177 653 350 712 gionem
383 653 640 711 obpugnare
673 652 909 711 incipiunt:
943 651 1079 695 nostri
1110 650 1312 693 celeriter
1344 650 1400 693 ad
1423 665 1545 693 arma
1564 667 1664 696 con-

177 718 372 760 current,
409 711 577 754 vallum
618 711 927 755 conscendunt.
1003 710 1139 768 AEgre
1182 709 1217 753 is
1256 708 1347 751 dies
1386 716 1668 765 sustentatur,

178 769 298 829 quod
335 784 505 813 omnem
544 786 667 827 spem
708 770 852 813 hostes
904 771 949 814 in
990 768 1214 812 celeritate
1255 767 1480 828 ponebant
1516 775 1667 825 atque,

178 829 288 873 hanc
323 828 472 888 adepti
509 828 749 884 victoriam,
780 829 825 873 in
861 837 1125 888 perpetuum
1156 844 1200 872 se
1230 827 1326 871 fore
1358 826 1545 870 victores
1567 842 1668 871 con-

177 887 389 932 fidebant.
682 937 688 942 ⁴

236 947 309 989 40.
345 945 594 990 Mittuntur
615 945 674 990 ad
695 946 911 991 Caesarem
931 945 1159 991 confestim
1179 945 1236 989 ab
1258 944 1470 989 Cicerone
1490 944 1669 996 litterae,

179 1005 345 1064 magnis
382 1005 621 1065 propositis
658 1007 864 1064 praemiis,
898 1006 933 1049 si
955 1006 1254 1065 pertulissent.
1319 1004 1514 1048 Obsessis
1535 1005 1670 1048 omni-

178 1066 261 1109 bus
290 1064 386 1114 viis,
419 1064 536 1108 missi
567 1065 925 1125 intercipiuntur.
991 1066 1142 1109 Noctu
1164 1081 1218 1108 ex
1238 1080 1288 1107 ea
1307 1064 1503 1114 materia,
1537 1080 1670 1121 quam

178 1123 431 1168 munitionis
471 1140 618 1167 caussa
656 1133 1056 1184 comportaverant,
1094 1133 1240 1167 turres
1275 1123 1509 1167 admodum
1546 1123 1672 1166 CXX

179 1183 428 1226 excitantur
470 1182 716 1227 incredibili
761 1185 1008 1227 celeritate:
1058 1199 1157 1243 quae
1199 1182 1345 1226 deesse
1387 1182 1512 1242 operi
1553 1181 1673 1225 vide-

180 1242 360 1293 bantur,
394 1242 697 1301 perficiuntur.
763 1244 926 1287 Hostes
956 1251 1133 1302 postero
1154 1241 1240 1292 die,
1275 1241 1417 1285 multo
1437 1241 1673 1299 majoribus

180 1301 315 1359 copiis
337 1301 511 1351 coactis,
541 1310 682 1344 castra
704 1303 982 1361 obpugnant,
1008 1303 1162 1346 fossam
1186 1301 1418 1360 complent.
1484 1301 1558 1344 Ab
1579 1316 1673 1344 nos-

181 1360 261 1402 tris
283 1360 432 1402 eadem
454 1360 640 1411 ratione,
664 1377 752 1419 qua
774 1362 933 1420 pridie,
964 1362 1198 1405 resistitur:
1233 1360 1314 1403 hoc
1335 1360 1449 1403 idem
1469 1359 1674 1419 deinceps

180 1419 363 1478 reliquis
380 1417 430 1460 fit
449 1418 614 1464 diebus.
667 1420 806 1463 Nulla
828 1436 928 1479 pars
949 1420 1155 1463 nocturni
1173 1419 1385 1477 temporis
1404 1418 1460 1461 ad
1479 1419 1673 1461 laborem

180 1477 512 1521 intermittitur:
562 1493 649 1521 non
689 1479 832 1537 aegris,
873 1494 958 1522 non
997 1478 1253 1527 vulneratis,
1295 1477 1478 1519 facultas
1515 1477 1676 1536 quietis

181 1536 333 1579 datur:
379 1552 667 1594 quaecumque
706 1538 761 1580 ad
798 1537 984 1596 proximi
1021 1537 1108 1580 diei
1149 1536 1525 1595 obpugnationem
1564 1553 1676 1595 opus

183 1603 301 1646 sunt,
340 1603 472 1638 noctu
508 1604 842 1653 comparentur:
888 1597 1037 1639 multae
1074 1604 1275 1654 praeustae
1312 1595 1454 1645 sudes,
1492 1610 1676 1653 magnus

182 1653 416 1696 muralium
468 1653 661 1712 pilorum
704 1670 908 1698 numerus
954 1654 1222 1703 instituitur;
1273 1661 1420 1695 turres
1468 1655 1675 1697 contabu-

180 1712 344 1763 lantur,
363 1712 506 1772 pinnae
524 1712 757 1771 loricaeque
771 1729 825 1756 ex
839 1713 1035 1757 cratibus
1049 1712 1335 1756 adtexuntur.
1386 1711 1485 1771 Ipse
1503 1712 1676 1763 Cicero,

185 1823 300 1855 sedem
317 1822 431 1865 prodit
462 1822 498 1854 fl.
519 1823 634 1862 meva,
656 1822 715 1864 qui
744 1822 895 1856 Gandavi

184 1878 263 1900 suas
276 1868 384 1900 undas
397 1878 475 1899 cum
491 1867 605 1899 Scaldi
621 1868 757 1899 miscet.

233 1913 326 1944 Huic
349 1922 478 1954 quoque
505 1912 622 1944 accidit
653 1923 701 1943 sc.
729 1911 776 1943 id.
807 1913 897 1954 quod

187 1965 299 1998 nuper
327 1955 375 1995 (c.
392 1958 462 1996 26),
478 1955 608 1988 Sabino
623 1962 657 1988 et
673 1956 797 1988 Cottae.
846 1958 898 1988 M.

187 1999 259 2033 Alii
274 2000 385 2032 minus
400 2005 490 2032 recte
505 2001 578 2033 huc.
597 2001 685 2032 unde
702 2001 824 2032 Davis.
836 2002 898 2040 hic,

186 2049 226 2076 ut
239 2044 298 2076 Gr.
317 2045 465 2076 ἐνταῦθα.

234 2089 430 2120 Munitionis
457 2098 588 2127 caussa,
625 2094 660 2120 ut
689 2089 901 2130 conligerent

189 2132 369 2165 materiam
399 2132 588 2170 muniendi,
618 2132 654 2164 h.
672 2143 703 2165 e.
734 2134 843 2166 vallos
872 2145 900 2166 s.

190 2177 302 2219 palos.
338 2176 392 2208 Cf.
407 2187 481 2218 cap.
499 2179 553 2208 40.
579 2177 631 2208 Μ.

242 2222 368 2253 Turres
385 2222 498 2253 CXX.
536 2220 580 2252 Et
594 2220 823 2263 metaphrasis
839 2221 902 2252 ha-

189 2264 248 2296 bet
278 2264 383 2296 {naa-Bu
414 2266 465 2296 καὶ
497 2265 592 2301 εἴκοσι,
624 2275 666 2297 ne
692 2267 735 2297 de
761 2275 902 2297 numero

190 2308 338 2341 dubites.
366 2310 490 2342 Cellar.
536 2309 760 2341 Dubitaverat
784 2316 902 2341 autem

192 2353 445 2393 Hotomannus,
475 2353 557 2395 quia
594 2353 661 2396 ipsi
700 2353 902 2385 incredibile

192 2395 305 2428 visum
333 2402 415 2429 erat.
443 2399 495 2430 M.
552 2398 684 2430 Vocem
721 2399 904 2430 admodum

192 2441 346 2472 delevere
361 2442 577 2474 recentiores.
607 2444 658 2475 Ita
671 2449 783 2474 tamen
800 2442 904 2474 etiam

192 2484 289 2518 Curt.
319 2488 352 2524 4,
375 2487 408 2517 9.
438 2487 490 2526 12,
517 2489 551 2519 6.
588 2486 745 2519 Justinus
774 2488 825 2525 11,
853 2489 904 2519 14.

192 2529 312 2561 Florus
328 2533 360 2568 2,
378 2531 407 2562 6.

242 2575 382 2605 Murale
401 2574 522 2615 pilum,
549 2575 640 2616 quod
665 2575 708 2606 de
732 2584 831 2605 muro
847 2574 907 2605 de-

192 2616 320 2658 jicitur,
341 2622 379 2648 ut
395 2618 635 2651 adscendentes
658 2619 774 2650 hostes
793 2619 908 2649 detur-

198 2662 327 2694 bentur.
372 2661 428 2693 Cf.
445 2663 463 2692 '1
469 2685 479 2700 ,
501 2665 555 2701 82,
578 2665 742 2704 transjecti
762 2663 908 2694 murali-

195 2706 254 2738 bus
272 2708 360 2748 pilis.
407 2705 591 2743 Quomodo
607 2706 764 2738 differant
777 2717 798 2738 a
814 2706 908 2748 pilis,

198 2749 233 2781 in
263 2749 340 2781 acie
371 2748 514 2788 usitatis,
545 2751 596 2791 (v.
623 2752 696 2782 Ind.
724 2750 758 2782 in
786 2750 908 2792 pilum)

198 2794 327 2826 nescio.
348 2795 400 2826 Μ.
423 2794 551 2826 Forsan
566 2794 732 2834 crassitie,
746 2795 910 2836 pondere.

199 2837 252 2869 Cf.
270 2838 425 2870 Raderus
438 2839 481 2869 ad
496 2839 592 2870 Curt.
608 2841 640 2877 8,
660 2841 710 2871 10.

249 2883 374 2914 Turres
387 2883 659 2922 contabulamur,
674 2889 846 2915 struuntur
860 2888 912 2916 ta-

200 2924 319 2958 bulata
331 2927 464 2965 (Boden
475 2938 540 2958 von
555 2928 716 2965 Brccern)
731 2927 765 2958 in
778 2939 911 2960 summa

200 2972 296 3009 turri,
309 2981 350 3003 ex
363 2970 491 3012 quibus
506 2971 667 3006 tabulatis
681 2971 811 3006 milites
827 2984 912 3016 pug-

201 3020 292 3048 nant.
337 3015 393 3050 Cf.
408 3016 479 3049 Ind.
507 3017 561 3053 M.

1012 1825 1131 1856 Pinnae
1159 1824 1229 1862 (die
1247 1825 1397 1860 Zinnen)
1421 1830 1496 1855 sunt
1515 1825 1678 1865 quadrata

965 1868 1106 1910 lapidea
1119 1874 1177 1900 aut
1193 1869 1316 1909 lignea,
1330 1878 1436 1909 eaque
1451 1869 1596 1907 derecta,
1614 1869 1637 1900 i.
1647 1880 1678 1900 e.

967 1912 1081 1954 posita
1107 1913 1148 1945 ad
1167 1911 1522 1954 perpendiculunbdn
1544 1924 1678 1945 summo

965 1956 1099 1989 ambitu
1123 1967 1299 1989 murorum
1314 1963 1373 1988 aut
1388 1956 1530 1988 turrium
1545 1957 1591 1988 ita
1607 1957 1678 1989 dis-

967 2001 1093 2043 posita,
1110 2008 1146 2033 ut
1162 2002 1247 2033 inter
1260 2001 1383 2042 pinnas
1396 2000 1545 2041 singulas
1560 2000 1678 2033 relicta

967 2045 1037 2078 sint
1055 2045 1230 2077 intervalla
1246 2045 1378 2086 singula
1399 2046 1678 2083 (Schwss-schar-

967 2091 1052 2125 ten).
1098 2091 1180 2121 Post
1199 2089 1340 2131 pinnam
1360 2094 1426 2120 stat
1441 2088 1554 2128 miles,
1568 2095 1679 2122 tectus

969 2133 1083 2175 pinnae
1108 2133 1300 2175 altitudine,
1328 2139 1361 2165 et
1382 2133 1432 2165 ita
1455 2139 1547 2165 tutus
1575 2133 1682 2166 mittit

968 2178 1099 2219 lapides
1113 2185 1172 2210 aut
1187 2178 1257 2210 alia
1268 2178 1335 2210 tela
1348 2188 1408 2220 per
1422 2177 1484 2209 illa
1498 2177 1680 2210 intervalla

968 2222 1099 2254 relicta.
1137 2222 1306 2264 Exempla
1320 2229 1396 2254 sunt
1411 2222 1552 2254 castella
1567 2222 1681 2264 prisca

971 2266 1127 2298 Gothicae
1143 2272 1329 2306 structurae,
1344 2266 1474 2308 passim
1489 2266 1606 2307 obvia,
1622 2275 1681 2299 aut

969 2321 1096 2343 corona
1118 2311 1270 2351 muralis,
1293 2311 1430 2354 qualem
1446 2310 1576 2354 Cybele
1603 2323 1682 2354 ges-

966 2362 1028 2388 tat.
1052 2356 1105 2387 M.

1018 2399 1146 2432 Loricae
1155 2409 1195 2431 ex
1205 2400 1361 2439 cratibus,
1373 2405 1479 2432 crates
1492 2398 1580 2438 (sive
1592 2411 1679 2441 opus

972 2443 1101 2486 plexile
1116 2455 1135 2475 e
1151 2443 1372 2484 viminibus)
1385 2444 1513 2486 quibus
1528 2454 1679 2476 summus

970 2488 1113 2520 turrium
1138 2488 1289 2520 ambitus
1313 2488 1514 2530 praesepitur
1534 2488 1681 2519 circum-

972 2532 1077 2571 circa,
1103 2534 1158 2564 εἰη
1182 2534 1400 2575 yeslochtenes
1427 2533 1593 2565 Gelender
1618 2541 1682 2564 um

971 2577 1036 2608 den
1058 2578 1201 2609 Thurm.
1247 2577 1381 2620 Adjecti
1405 2576 1557 2608 tironum
1577 2586 1682 2609 causa

972 2621 1087 2652 locum
1113 2620 1227 2653 Curtii
1249 2622 1298 2660 (9,
1317 2624 1348 2659 4,
1366 2620 1436 2660 30),
1458 2620 1518 2662 qui
1534 2630 1605 2651 rem
1631 2621 1679 2653 ob

973 2666 1092 2697 oculos
1131 2676 1259 2707 ponere
1296 2664 1446 2696 videtur:
1491 2665 1685 2697 Aceoeander

973 2720 1071 2742 muro
1084 2710 1256 2742 admoveri
1263 2710 1360 2750 J'ubet
1373 2709 1494 2746 scalam,
1505 2709 1683 2750 evaditque

972 2756 1009 2786 in
1019 2764 1171 2785 murum.
1208 2755 1361 2794 Anqusta
1373 2754 1465 2784 muri
1475 2763 1599 2784 corona
1610 2758 1685 2786 erat

975 2798 1057 2837 (i.e.
1072 2808 1224 2829 summus
1246 2797 1397 2829 ambitus
1422 2797 1511 2828 muri
1532 2806 1597 2827 non
1612 2802 1684 2829 erat

973 2841 1092 2881 latus),
1105 2852 1172 2873 non
1180 2844 1306 2883 pinnae,
1317 2843 1400 2874 sicut
1409 2841 1498 2879 alibi,
1503 2841 1684 2882 fastifflum

973 2890 1044 2927 eju-s
1071 2886 1294 2917 distinxerant
1323 2885 1398 2924 (i.e.
1430 2895 1498 2916 non
1527 2891 1620 2917 erant
1649 2885 1683 2917 in

978 2930 1071 2963 illius
1090 2928 1177 2961 muri
1198 2939 1332 2961 summo
1348 2928 1481 2961 ambitu
1507 2939 1567 2971 per
1581 2928 1686 2962 inter-

976 2976 1066 3007 valla
1093 2973 1266 3014 dispositae
1292 2973 1419 3015 pinnae,
1442 2979 1480 3006 ut
1502 2973 1591 3005 alibi
1613 2975 1683 3014 fit);

975 3021 1032 3054 sed
1042 3023 1202 3064 perpetua
1213 3018 1296 3058 (una
1308 3018 1394 3053 serie
1405 3028 1606 3063 procurrens
1618 3018 1687 3053 cir-
