1946 3261
642 237 760 281 LIB.
795 237 932 281 CAP.
972 237 1157 280 11-1-1.
1542 239 1625 282 481

132 376 321 430 quorum
342 379 502 422 parvus
532 379 753 416 numerus,
784 380 837 407 ex
857 364 1006 407 castris
1027 364 1197 415 arcessi,
1227 372 1361 422 atque
1389 362 1625 407 ordinatim

131 423 253 480 signa
280 440 322 466 se
359 424 514 467 leniter
546 425 771 482 consequi:
820 423 912 481 ipse
951 423 1206 466 antecedere
1245 440 1344 466 cum
1377 423 1523 482 paucis
1553 439 1621 465 31·-

130 481 269 524 matis.
333 483 537 540 Jamque,
559 499 696 540 quum
724 482 879 541 procul
900 481 1030 523 hostis
1063 482 1250 539 conspici
1275 491 1434 541 posset,
1463 482 1622 525 milites

130 538 175 581 in
196 556 350 600 campo
378 542 507 600 jubet
539 542 701 608 galea-ri
727 550 771 583 et
798 541 853 583 ad
874 555 1063 598 pugnam
1083 541 1246 598 parari.
1312 541 1509 590 Quorum
1530 556 1619 584 orn-

131 598 234 642 nino
265 615 470 642 numerus
496 600 582 642 fuit
617 600 800 666 triginta
820 599 1080 650 cohortium,
1119 614 1220 641 cum
1251 598 1470 657 equitibus
1513 616 1621 658 qua-

129 656 370 715 dringentis
392 668 437 700 et
457 658 691 725 sagittariis
715 658 807 701 CL.

194 716 261 758 13.
298 716 458 759 Hostes
490 717 680 766 interim,
717 733 907 774 quorum
936 717 1043 760 Dux
1073 725 1170 759 erat
1197 716 1428 766 Labienus,
1454 724 1500 759 et
1528 717 1618 761 duo

134 774 313 824 Pacidii,
343 775 477 818 ariem
509 776 708 834 dirigunt
742 776 933 818 mirabili
968 776 1255 843 longitudine,
1289 791 1373 818 non
1402 775 1615 833 peditum,

128 832 202 875 sed
223 833 438 901 equitum,
469 835 731 884 confer;tam
765 843 809 877 et
837 835 950 878 inter
978 850 1047 877 eos
1069 835 1174 877 levis
1196 843 1428 877 armaturae
1462 835 1619 877 Numi-

129 891 205 934 das
220 900 264 934 et
276 893 522 951 sagittarios
541 895 706 952 pedites
724 895 836 937 inter
841 902 1075 961 posuerant
1093 902 1137 935 et
1156 894 1218 936 ita
1235 894 1619 943 condensaveiQant

129 959 178 992 ut
199 952 354 1010 procul
391 953 621 996 Caesariani
653 953 891 1020 pedestres
904 969 1051 1019 copias
1071 953 1420 1001 arbitrarentur3
1452 961 1497 995 et
1518 952 1621 995 dex-

128 1018 248 1053 trum
267 1027 316 1053 ac
337 1011 557 1055 sinistlum
586 1028 721 1055 cornu
748 1011 915 1070 magnis
935 1011 1133 1068 equitum
1159 1012 1293 1070 copiis
1325 987 1619 1054 firniavelQant

130 1067 312 1112 Interim
345 1071 488 1114 Caesar
519 1072 654 1114 aciem
682 1071 837 1130 dirigit
859 1071 1109 1139 simplicem,
1141 1080 1191 1114 ut
1212 1080 1401 1138 poterat,
1433 1080 1619 1138 propter

129 1129 421 1197 paucitatem:
454 1131 702 1189 sagittarios
728 1140 828 1172 ante
863 1131 1000 1172 aciem
1029 1131 1278 1173 constituit:
1313 1130 1481 1188 equites
1515 1141 1620 1173 dex-

129 1195 200 1231 tro
221 1188 480 1245 sinistroque
501 1206 637 1233 cornu
659 1189 858 1247 obponit,
879 1198 923 1231 et
944 1189 1004 1230 ita
1027 1190 1238 1247 praecipit,
1255 1198 1304 1231 ut
1321 1189 1620 1256 providerent,

127 1261 181 1288 ne
214 1247 494 1291 multitudine
527 1249 749 1307 equitatus
778 1248 967 1290 hostium
994 1248 1441 1292 ciicumvenirzentur
1476 1248 1621 1290 existi-

128 1306 276 1349 mabat
304 1307 433 1358 enim,
466 1324 509 1350 se
531 1324 630 1351 cum
657 1307 932 1366 pedestribus
967 1308 1102 1366 copiis
1133 1308 1222 1351 acie
1254 1308 1466 1350 instructa
1495 1306 1620 1350 dimi-

128 1373 346 1408 caturum.

192 1424 258 1466 14.
294 1425 444 1474 Quum
477 1424 701 1482 utrimque
739 1425 1004 1492 exspectatio
1042 1424 1183 1474 fieret,
1220 1440 1362 1482 neque
1401 1425 1547 1468 Caesar
1568 1442 1612 1468 se

130 1494 389 1533 removeret,
429 1493 473 1527 et
510 1500 608 1526 cum
642 1501 821 1527 suorum
858 1483 1077 1542 paucitate
1118 1491 1272 1527 contla
1294 1500 1494 1541 magnam
1526 1486 1615 1527 vim

128 1540 316 1585 hostium
337 1559 385 1585 ar
389 1542 520 1586 tificio
542 1543 692 1600 magis,
714 1559 846 1609 quam
868 1543 1048 1593 viribus,
1072 1543 1389 1585 decernendum
1418 1543 1613 1592 videret;

127 1601 271 1643 subito
289 1601 637 1644 adversariorum
657 1601 880 1659 equitatus
898 1618 986 1644 sese
1018 1601 1250 1644 extendere
1271 1610 1316 1643 et
1350 1602 1393 1642 111
1423 1601 1620 1644 latitudi-

127 1674 225 1701 nem
243 1676 499 1717 promovere
522 1661 741 1717 collesque
764 1660 993 1718 complecti
1017 1670 1061 1702 et
1081 1659 1260 1702 (33553115
1281 1659 1528 1716 equitatum
1548 1677 1619 1702 ex-

128 1726 309 1761 tenuare
330 1720 543 1776 simulque
564 1718 621 1761 ad
640 1719 997 1761 circumeundum
1027 1735 1278 1777 comparare
1306 1735 1348 1760 se
1375 1728 1617 1776 coeperunt.

133 1777 365 1820 Caesariani
411 1778 578 1835 equites
614 1794 767 1819 eorum
810 1778 1136 1820 multitudinem
1178 1793 1292 1835 aegre
1330 1777 1617 1820 sustinebant.

132 1836 258 1878 Acies
277 1836 450 1879 interim
478 1836 628 1878 mediae
649 1852 786 1893 quum
817 1853 1075 1879 concurrere
1096 1845 1372 1888 conarentur,
1401 1836 1546 1878 subito
1567 1854 1621 1879 ex

126 1894 347 1938 condensis
365 1895 517 1938 turmis
547 1894 714 1954 pedites
740 1895 942 1938 Numidae
964 1895 1070 1938 levis
1091 1903 1323 1937 armaturae
1343 1911 1440 1938 cum
1461 1896 1619 1953 equiti-

903 1990 962 2022 lici
977 1991 1175 2033 conjectura
1190 1989 1322 2021 addidit
1335 1989 1615 2031 Oudendorpirw,

907 2035 987 2076 quia
1004 2035 1037 2066 in
1064 2036 1164 2065 codd.
1192 2034 1279 2065 inter
1302 2034 1407 2065 verba
1430 2037 1613 2077 saqittariis

908 2084 942 2110 et
962 2081 1078 2110 Hostes
1095 2078 1216 2117 legitur
1232 2083 1262 2109 et
1291 2090 1349 2109 seu
1364 2080 1404 2109 ei.
1428 2079 1480 2109 M.

955 2124 1099 2154 Pacidii,
1124 2122 1191 2153 Alii
1209 2123 1360 2153 Pacidei.

953 2169 1071 2198 Caesar
1093 2178 1144 2198 ac.
1165 2166 1231 2198 cllr.
1259 2168 1369 2207 simpl.
1419 2167 1453 2198 Il
1482 2178 1614 2210 ranyea

906 2221 955 2241 ses
973 2215 1106 2251 'roupes
1121 2221 1180 2242 ςιιν
1193 2221 1260 2241 une
1282 2212 1371 2241 seule
1385 2212 1487 2252 Ziqne.
1511 2212 1614 2244 Gnis-

906 2255 1022 2286 chard.
1056 2255 1098 2285 T.
1127 2258 1158 2286 4.
1184 2265 1216 2295 p.
1247 2256 1320 2285 191
1346 2255 1400 2286 vel
1420 2255 1496 2286 Vol.
1527 2260 1558 2287 2.
1576 2268 1610 2298 p.

176 1991 376 2030 ordinatim,
424 1991 602 2023 ordinibus
652 1990 833 2029 instructis,

129 2033 253 2076 ταηῃέε
280 2046 322 2067 en
347 2036 492 2067 banaiae.
517 2035 748 2067 Guischardus
777 2034 836 2073 (T.

134 2082 168 2110 4.
184 2090 218 2120 p.
242 2082 300 2110 185
327 2080 415 2120 sqq.)
440 2081 490 2110 Μ.
524 2080 618 2110 Adde
636 2078 741 2110 Mem.
759 2078 835 2110 crit.

134 2135 168 2164 p.
189 2125 264 2154 511.
310 2124 389 2172 Inde
414 2124 508 2155 densi
530 2124 672 2161 οιιῖἱηθς,
688 2134 755 2154 ‘une
778 2123 839 2154 ba-

129 2169 220 2199 taille
254 2165 377 2209 ranyde
406 2178 464 2200 sur·
491 2169 527 2199 be
513 2177 662 2208 oaueoup
693 2167 734 2198 cle
762 2177 839 2207 pro-

121 2212 281 2253 fomleur,
315 2212 411 2254 cujus
440 2211 647 2243 contrarium
682 2213 756 2242 ναοὶ
785 2221 838 2241 or-

133 2256 238 2287 dines.

180 2301 329 2332 Galeari.
351 2301 387 2332 In
403 2300 521 2332 itinere
537 2300 653 2341 galeas
668 2299 840 2340 adpende-

131 2343 213 2376 bant
241 2345 283 2375 ad
303 2344 482 2376 humerum
498 2345 653 2375 dextrum
667 2348 743 2374 ante
760 2354 839 2385 pec-

132 2394 198 2419 tus.
254 2387 309 2419 Sic
340 2389 373 2420 in
403 2389 562 2420 columna
600 2388 744 2429 Trajana
776 2387 822 2419 sis

132 2437 261 2463 tuntur.

180 2477 266 2508 Cum
281 2478 445 2517 equitibus
469 2477 596 2508 CCCC.
635 2476 838 2508 Guisc'nard.

133 2519 166 2551 in
183 2520 289 2551 Mem.
317 2520 388 2552 mil.
415 2520 494 2550 Vol.
521 2522 552 2550 2.
578 2530 613 2560 p.
644 2521 787 2552 197.ch.
805 2523 836 2551 8.

133 2564 204 2606 legi
228 2564 374 2605 jubebat
398 2564 568 2596 MCCCC.
590 2564 672 2605 quia
692 2575 772 2595 mox
793 2565 835 2594 de

133 2608 293 2640 universo
316 2608 467 2649 equitatu
497 2607 626 2638 dixerat
639 2620 648 2647 ;
672 2608 839 2639 habuerat

131 2658 245 2683 autem
262 2652 296 2683 in
314 2652 431 2683 Sicilia
455 2651 532 2682 MM
550 2651 682 2693 equites
694 2657 727 2682 et
743 2662 836 2683 max-

133 2695 202 2727 ima
220 2707 297 2737 pars
311 2697 502 2728 advenerat.
539 2694 664 2726 Verum
680 2696 714 2726 in
729 2694 837 2727 Mem.

132 2740 206 2771 crit.
225 2751 258 2781 p.
275 2742 350 2771 511.
367 2741 476 2771 firmat
490 2739 675 2780 vulgatum,
703 2750 767 2770 non
785 2738 838 2770 in-

132 2783 354 2826 telligendum
368 2784 442 2815 scil.
458 2783 523 2814 nisi
536 2784 576 2814 de
595 2783 636 2814 iis
650 2783 836 2824 equitibus,

132 2838 218 2869 quos
234 2839 349 2860 secum
366 2827 486 2860 habuit
502 2827 605 2868 prius,
632 2838 734 2868 quain
758 2827 837 2858 reli-

131 2882 220 2913 quos
235 2883 254 2903 e
269 2873 389 2904 castris
402 2871 617 2904 arcessiverat
633 2871 678 2902 ob
690 2871 836 2903 Labieni

131 2925 318 2948 accessum.

177 2961 369 3004 Saqae'ttam'is
397 2962 469 2994 CL.
507 2960 692 2993 Numerum
714 2958 772 2992 CL
786 2958 835 2992 fe-

909 2300 983 2329 198.
1011 2297 1062 2329 Cf.
1080 2299 1132 2329 Al.
1150 2299 1188 2330 B.
1204 2309 1235 2329 c.
1253 2300 1306 2329 37.
1333 2299 1382 2329 vl.

952 2345 994 2373 Se
1010 2348 1197 2375 removewt.
1242 2342 1296 2373 Sic
1322 2353 1341 2373 e
1366 2343 1467 2374 codd.
1482 2349 1515 2374 et
1530 2345 1608 2375 edd.

904 2392 974 2417 vet.
1004 2386 1199 2419 emendavit
1214 2385 1374 2429 Scaliger.
1413 2386 1524 2428 Vulgo
1541 2400 1611 2420 mo-

906 2436 1003 2463 verpe.

950 2476 1057 2506 Colles
1085 2476 1265 2516 complet-cl,
1299 2475 1346 2514 ita
1375 2475 1532 2514 circuire,
1572 2483 1610 2508 ut

905 2525 1016 2550 essent
1031 2518 1133 2550 simul
1150 2520 1256 2550 colles
1272 2519 1304 2550 in
1322 2530 1363 2550 eo
1380 2520 1502 2561 spatio,
1516 2521 1609 2561 quod

903 2562 963 2594 ille
978 2569 1136 2594 extensus
1151 2563 1322 2604 equitatus
1337 2564 1539 2605 occupabat.
1558 2565 1608 2594 M.

950 2609 1147 2649 Equitatum
1163 2613 1356 2645 eucteommzt,
1378 2614 1503 2648 cogunt
1527 2618 1606 2638 eum

904 2662 940 2682 se
966 2653 1142 2682 extendere
1169 2650 1203 2682 in
1231 2651 1455 2689 latitudinem,
1479 2662 1520 2682 ne
1544 2658 1607 2683 stet

903 2696 1051 2736 amplius
1068 2697 1201 2726 densus.
1227 2696 1277 2726 M.

949 2741 1006 2771 Em
1021 2740 1191 2772 condensis
1204 2742 1333 2771 turmis.
1367 2739 1556 2770 Guischard
1571 2738 1605 2770 h.

902 2783 927 2814 1.
962 2783 1119 2824 intelligit
1157 2788 1262 2813 totam
1301 2783 1412 2814 aciem
1452 2784 1604 2824 peditum

900 2828 1131 2869 equitumque.
1187 2825 1345 2858 Memoir.
1379 2827 1453 2859 mil.
1490 2827 1532 2857 T.
1571 2830 1604 2858 2.

946 2916 1076 2951 Pedites
1105 2915 1277 2948 Numidae.
1307 2915 1420 2947 forsan
1436 2916 1562 2957 pedites
1584 2927 1605 2947 e

1373 3005 1430 3036 21
