1992 3271
593 259 596 261 Α
635 219 752 264 LIB.
783 220 823 264 Ι.
885 221 1022 265 ΟΑΡ.
1053 222 1128 272 42,
1153 222 1233 268 43.

178 344 356 405 legionis
375 347 504 391 dixit:
539 355 568 375 ⁶⁶
587 347 701 406 plus,
725 363 856 406 quam
876 346 1096 406 pollicitus
1115 357 1237 399 esset,
1262 351 1473 396 Caesarem
1492 353 1655 403 facere;

179 411 208 430 ‘⁶
265 405 492 456 ollicitum,
525 424 568 450 se
593 407 637 450 in
658 405 845 450 cohortis
864 407 1077 464 praetoriae
1094 407 1190 450 loco
1217 410 1424 454 decimam
1444 412 1656 471 legionem

179 470 209 490 ‘⁶
230 421 501 515 {abiturum
523 481 636 508 nunc
655 465 709 508 ad
728 481 892 523 equum
910 464 1188 507 rescribe1·e.’'

236 523 307 565 43.
345 524 550 566 Planicies
582 532 675 565 erat
702 539 858 581 magna
888 532 933 566 et
966 523 1010 566 in
1040 539 1090 564 ea
1115 525 1311 567 tumulus
1340 535 1535 572 terrenus
1556 531 1657 573 satis

179 580 365 637 grandis.
431 581 516 623 Hic
554 581 673 623 locus
713 598 839 638 aequo
876 581 965 624 fere
1003 581 1143 639 spatio
1183 583 1239 624 ab
1280 586 1426 627 castris
1463 589 1661 646 utrisque

178 638 344 681 aberat.
405 639 487 689 Eo,
516 648 566 682 ut
591 648 685 682 erat
711 640 892 689 dictum,
927 640 982 682 ad
1002 640 1282 697 conloquium
1300 655 1526 688 venerunt.
1581 648 1663 690 Le-

179 696 351 754 gionem
371 697 528 747 Caesar,
549 713 680 755 quam
699 699 820 756 equis
839 699 1085 748 devexerat,
1110 699 1303 756 passibus
1319 701 1514 745 ducentis
1533 705 1589 747 ab
1610 723 1662 749 eo

179 755 352 798 tumulo
392 757 631 799 constituit.
694 756 806 800 Item
843 757 1008 814 equites
1046 758 1256 800 Ariovisti
1296 760 1390 817 pari
1428 761 1660 807 intervallo

179 814 480 858 constiterunt.
543 815 805 865 Ariovistus,
850 832 903 859 ex
940 816 1061 873 equis
1108 825 1158 859 ut
1196 817 1565 875 conloquerentur
1601 831 1663 872 et,

180 881 339 928 praeter
370 889 428 923 se,
464 873 594 916 denos
628 882 679 916 ut
713 875 767 916 ad
794 874 1074 932 conloquium
1104 875 1382 927 adducerent,
1409 879 1664 935 postulavit.

181 930 276 973 Ubi
308 947 358 974 eo
393 940 572 975 ventum
606 941 685 981 est,
724 933 868 975 Caesar
899 933 1022 976 initio
1055 934 1260 976 orationis
1286 952 1362 977 sua
1392 937 1666 996 Senatusque

178 987 224 1031 in
243 1005 343 1032 eum
364 990 568 1034 beneficia
587 992 953 1041 commemoravit,
986 999 1014 1018 ⁶⁶
1039 992 1157 1049 quod
1179 1009 1255 1035 rex
1282 994 1524 1052 adpellatus
1557 1006 1666 1041 esset

181 1054 211 1073 ‘⁶
232 1063 258 1090 a
282 1049 461 1100 Senatu,
497 1050 617 1108 quod
651 1051 826 1100 amicus,
862 1050 981 1108 quod
1014 1067 1192 1093 munera
1228 1053 1486 1110 amplissima
1518 1056 1664 1098 missa:

181 1113 211 1132 “
233 1123 366 1164 quam
402 1124 492 1151 rem
527 1117 570 1151 et
608 1109 754 1166 paucis
785 1110 1010 1166 contigisse
1047 1118 1090 1152 et
1127 1126 1209 1167 pro
1242 1112 1407 1169 magnis
1441 1112 1665 1158 hominum

182 1172 212 1191 ‘⁶
235 1166 382 1209 officiis
416 1184 634 1210 consuesse
671 1168 833 1210 tribu?
864 1168 1071 1210 docebat:
1124 1176 1152 1194 ‘⁶
1176 1169 1316 1219 illum,
1351 1187 1488 1228 quum
1526 1188 1668 1231 neque

183 1230 211 1250 ⁶‘
233 1224 414 1275 aditum,
437 1243 576 1283 neque
593 1242 782 1268 caussam
804 1226 1049 1284 postulandi
1065 1228 1226 1285 justam
1247 1227 1442 1279 haberet,
1460 1230 1668 1275 beneficio

184 1290 212 1308 ‘⁶
236 1299 285 1325 ac
319 1283 580 1326 liberalitate
618 1300 695 1325 sua
731 1300 780 1325 ac
821 1285 1006 1325 Senatus
1044 1301 1093 1327 ea
1134 1286 1308 1342 praemia
1348 1293 1671 1332 consecutum.’'

185 1341 385 1384 Docebat
423 1342 568 1391 etiam,
621 1349 649 1367 ⁶⁶
673 1357 804 1398 quam
845 1350 1026 1391 veteres,
1074 1358 1293 1399 quamque
1340 1346 1468 1402 justae
1515 1364 1672 1391 caussae

186 1406 215 1424 ‘⁶
238 1400 554 1442 necessitudinis
574 1399 672 1457 ipsis
693 1416 793 1441 cum
816 1399 968 1441 AEduis
989 1400 1318 1451 intercederent,
1352 1419 1449 1460 quae
1483 1406 1670 1449 Senatus

186 1465 215 1486 ‘⁶
239 1458 449 1507 consulta,
484 1459 668 1516 quoties,
703 1474 921 1515 quamque
953 1457 1186 1500 honorifica
1214 1459 1257 1501 in
1279 1476 1348 1503 eos
1370 1462 1484 1504 facta
1503 1475 1668 1508 essent:

185 1524 216 1542 ‘⁶
240 1527 290 1559 ut
322 1517 437 1559 omni
467 1526 662 1574 tempore
695 1516 830 1558 totius
854 1516 1008 1558 Galliae
1038 1517 1330 1574 principatum
1352 1519 1485 1562 AEdui
1513 1524 1673 1565 tenuis-

185 1583 216 1601 ⁶⁶
237 1584 346 1624 sent,
385 1575 504 1632 prius
540 1575 684 1622 etiam,
725 1590 857 1631 quam
894 1583 1083 1616 nostram
1120 1575 1351 1618 amicitiam
1390 1578 1672 1635 adpetissent;

185 1641 214 1660 ‘⁶
242 1633 400 1691 Populi
434 1633 617 1675 Romani
650 1632 757 1674 hanc
790 1648 875 1674 esse
899 1633 1266 1683 consuetudinem,
1301 1643 1352 1676 ut
1383 1638 1518 1679 socios
1538 1648 1673 1696 atque

186 1700 216 1719 ‘⁶
238 1693 395 1735 amicos
415 1707 501 1734 non
523 1691 650 1734 modo
672 1691 737 1732 sui
759 1690 863 1732 nihil
892 1691 1141 1749 deperdere,
1172 1692 1243 1734 sed
1265 1693 1421 1750 gratia,
1443 1695 1672 1754 dignitate,

186 1759 216 1778 ‘⁶
238 1750 401 1794 honore
420 1750 634 1793 auctiores
655 1749 760 1791 velit
781 1763 887 1791 esse:
923 1750 1042 1806 quod
1066 1766 1166 1793 vero
1188 1751 1243 1793 ad
1263 1752 1494 1796 amicitiam
1514 1755 1676 1814 Populi

187 1818 217 1837 ⁶⁶
241 1809 424 1852 Romani
445 1808 713 1857 adtulissent,
744 1808 786 1850 id
814 1808 863 1850 iis
883 1809 1008 1866 eripi,
1042 1809 1138 1865 quis
1159 1809 1251 1867 pati
1272 1821 1413 1868 posset
1423 1814 1465 1855 T’
1519 1814 1674 1858 Postu-

185 1868 292 1911 lavit
311 1867 462 1910 deinde
483 1867 646 1916 eadem,
669 1883 766 1924 quae
785 1866 936 1924 legatis
958 1867 1000 1909 in
1018 1867 1228 1910 mandatis
1247 1868 1439 1920 dederat,
1476 1879 1504 1897 ⁶⁴
1523 1888 1575 1915 ne
1595 1883 1674 1918 aut

187 1935 216 1954 ‘⁶
243 1926 410 1975 AEduis,
431 1935 508 1968 aut
529 1942 682 1969 eorum
702 1925 823 1968 sociis
844 1925 1009 1968 bellum
1028 1926 1229 1975 inferret;
1262 1928 1427 1971 obsides
1448 1930 1670 1975 redderet:

188 1994 217 2013 ‘⁶
240 1985 275 2027 si
294 1985 459 2028 nullam
478 1994 647 2042 partem
671 1985 991 2027 Germanorum
1011 1984 1188 2027 domum
1210 1988 1429 2030 remittere
1449 1999 1606 2047 posset,
1628 2001 1674 2035 at

188 2052 218 2073 ‘⁶
241 2059 293 2087 ne
311 2060 421 2102 quos
441 2043 627 2101 amplius
648 2042 849 2085 Rhenum
871 2043 1052 2086 transire
1073 2046 1341 2102 pateretur.’'

235 2194 418 2225 Besa-tibere
431 2197 488 2231 est,
503 2191 603 2223 aliter
616 2189 773 2229 scribere,
790 2189 901 2231 scrip-

187 2242 260 2269 tum
297 2243 440 2268 mutare.
491 2236 576 2267 Cum
607 2246 687 2276 ergo
726 2235 767 2273 is,
801 2235 898 2275 cujus

188 2290 312 2312 nomen
336 2280 370 2312 111
388 2280 543 2322 peditum
558 2280 713 2320 catalogo
731 2278 895 2319 scriptum

187 2330 269 2362 erat,
298 2323 419 2356 deinde
456 2324 489 2355 in
521 2324 674 2365 equitum
703 2322 895 2363 catalogum

1002 2191 1051 2222 Ab
1072 2192 1184 2223 castris
1205 2193 1365 2235 utrisque.
1388 2194 1435 2227 al.
1461 2195 1612 2231 Ariovisti
1641 2204 1672 2232 et

962 2235 1111 2266 Caesaris.
1134 2236 1260 2272 glossa.

1004 2279 1108 2319 Equis
1122 2280 1304 2318 devea-erat,
1326 2281 1423 2322 equis
1438 2290 1554 2316 vectos
1569 2285 1611 2317 ad
1630 2285 1671 2317 il-

957 2321 1027 2353 lum
1042 2333 1146 2363 usque
1156 2324 1271 2355 10011111
1282 2335 1396 2356 secum
1409 2327 1603 2360 deduxerat.
1618 2331 1672 2361 M.

185 2367 435 2406 transcribitur,
460 2368 525 2399 hoc
553 2367 623 2398 dici
648 2372 760 2408 potest
783 2368 896 2397 rescri-

188 2412 272 2449 bere,
287 2411 367 2452 quia
381 2412 546 2453 scriptum
560 2418 717 2446 mutatur.
747 2410 809 2440 Sed
825 2410 859 2440 h.
872 2410 896 2441 l.

189 2455 330 2486 omnino
361 2455 498 2493 dicitur,
529 2454 704 2496 peditibus
734 2453 785 2485 uti
816 2454 895 2484 loco

188 2498 355 2539 equitum.
371 2500 423 2530 M.
461 2499 586 2530 Verum
601 2509 642 2530 ex
658 2508 757 2529 sensu
773 2497 897 2528 militis

190 2541 332 2573 omnino
374 2542 468 2583 prior
509 2541 715 2584 significatio
752 2540 897 2589 obtinet,

188 2585 286 2627 quasi
327 2585 361 2616 in
391 2585 523 2626 equites
553 2592 663 2617 essent
693 2584 897 2625 transcripti.

191 2629 325 2661 Samuel
351 2629 481 2660 Petitus
505 2629 589 2661 Obs.
610 2631 638 2668 l,
654 2631 685 2660 6.
711 2629 756 2660 ita
780 2629 895 2659 locum

187 2673 358 2714 explicat:
395 2673 507 2704 Caesar
535 2672 712 2714 pollicitus
749 2679 831 2710 erat,
863 2683 898 2702 se

187 2717 399 2757 legionarios
428 2716 557 2747 milites
586 2717 621 2747 in
651 2718 818 2748 Proecorioe
847 2726 898 2747 co-

187 2763 298 2799 lwrtc's,
323 2761 405 2800 i.e.,
430 2760 463 2790 111
487 2760 651 2791 clientum
667 2760 745 2790 loeo
763 2758 898 2790 habitu-

188 2815 278 2843 rum3
303 2811 337 2836 at
353 2815 440 2836 nunc
457 2804 502 2836 cul
515 2814 639 2845 equum
654 2804 806 2841 rescribit,
830 2802 895 2834 hoc

187 2855 250 2888 est,
267 2859 335 2880 non
351 2855 481 2880 tantum
504 2847 538 2878 in
554 2847 761 2884 clientelam,
785 2847 843 2877 sed
861 2846 895 2878 in

189 2891 357 2923 familiam
379 2890 541 2924 admittit.
585 2891 637 2921 Tu
654 2890 731 2921 vide
747 2893 794 2922 sis
810 2890 895 2922 Gro-

189 2946 267 2967 nov.
283 2937 324 2967 ad
340 2936 416 2968 Sen.
431 2937 472 2967 de
487 2935 599 2966 benef.
615 2938 647 2973 5,
663 2936 695 2966 6.

239 2981 412 3015 Temenus.
432 2981 478 3014 al.
492 2984 629 3013 terreus.

1004 2367 1126 2397 Demo-s·-
1172 2367 1308 2399 Graecus
1325 2367 1382 2400 δύο.

1003 2411 1223 2451 Α’νηρίἰςεὶηἰα.
1270 2412 1372 2444 Multi
1404 2415 1504 2446 codd.
1535 2418 1668 2456 amplLs-

953 2454 1045 2485 sime.
1093 2455 1211 2485 Recte.
1235 2457 1286 2487 M.
1333 2457 1383 2488 De
1410 2469 1503 2490 more
1530 2471 1563 2491 v.
1590 2459 1668 2491 Liv.

958 2499 1010 2533 30,
1045 2499 1094 2528 15.
1140 2497 1249 2530 Codd.
1277 2500 1403 2541 optimi
1435 2508 1504 2534 tam
1533 2505 1667 2545 amplis—

955 2543 1050 2572 sima.
1074 2552 1106 2572 v.
1123 2541 1213 2573 Oud.

1002 2585 1258 2627 Et—-masyni-e.
1313 2588 1448 2629 Vulgo:
1486 2594 1517 2620 et
1544 2600 1567 2620 a
1599 2590 1666 2622 Ro-

956 2631 1064 2659 manis
1082 2640 1143 2670 pro
1164 2632 1334 2662 man'mis:
1369 2639 1485 2663 contra
1508 2633 1607 2664 codd.
1632 2641 1665 2666 et

954 2677 1035 2702 vett.
1049 2673 1126 2703 edd.
1152 2674 1202 2704 M.
1249 2675 1450 2706 Emendavit
1475 2676 1592 2707 Davis.

1002 2717 1062 2747 Sui
1083 2718 1178 2755 veiha,
1200 2717 1288 2748 nihil
1311 2718 1364 2748 sui
1389 2719 1489 2759 juris,
1517 2721 1666 2753 auctori-

953 2759 1043 2797 tatis,
1058 2771 1175 2800 opum,
1190 2760 1344 2791 ditionis.
1374 2761 1411 2792 In
1424 2764 1592 2805 metaphr.
1605 2765 1664 2798 Gr.

952 2801 1024 2833 οὐδὲν
1041 2804 1091 2836 τῗῑς
1108 2804 1184 2842 &pilu
1199 2805 1396 2839 ἀποβάλλειν.
1421 2808 1473 2839 M.

999 2848 1025 2877 A
1032 2849 1175 2878 accior-es.
1191 2847 1236 2877 al.
1247 2854 1369 2880 auctos.

1002 2890 1096 2924 Quod
1109 2906 1152 2911 —
1166 2891 1367 2932 calluissent,
1381 2896 1474 2935 quod
1491 2896 1663 2937 possedis-

954 2939 1027 2964 sent
1055 2939 1140 2972 tum,
1170 2945 1248 2965 cum
1276 2936 1319 2967 ad
1347 2938 1545 2972 societatem
1575 2942 1665 2983 Pop.

955 2977 1058 3009 Rom.
1072 2978 1306 3012 accessissent.
1327 2981 1379 3013 M.

1397 3039 1427 3067 D
