1946 3261
283 215 364 259 178
715 219 799 264 DE
831 218 1034 264 BELLO
1068 220 1362 266 GALLICO.

274 347 311 367 “
335 342 577 394 tradidisse,
598 359 650 386 ne
672 344 706 387 is
724 346 1012 390 multitudinis
1038 347 1182 391 studio
1212 348 1268 391 ad
1299 345 1587 389 dimicandum
1616 344 1749 402 inpel-

279 403 315 425 “
339 400 528 452 leretur;
568 403 636 445 cui
670 404 733 446 rei
764 415 945 464 propter
976 407 1105 448 animi
1135 406 1361 449 mollitiem
1395 405 1568 448 studere
1606 418 1751 446 omnes

284 464 314 482 ·‘
339 457 523 511 videret,
546 461 664 519 quod
684 462 845 506 diutius
865 464 1058 508 laborem
1077 465 1189 508 ferre
1211 481 1296 508 non
1319 472 1503 522 possent.
1567 460 1751 506 Romani

283 520 313 540 ‘⁶
336 516 369 558 si
398 533 495 560 casu
525 520 853 573 intervenerint,
886 524 1093 573 fortunae;
1136 526 1170 566 si
1197 524 1375 582 alicujus
1404 521 1561 565 indicio
1593 518 1753 569 vocati,

281 579 313 598 ‘⁶
336 574 434 618 huic
453 576 693 622 habendam
715 581 914 639 gratiam,
936 583 1052 639 quod
1072 591 1116 625 et
1137 583 1398 641 paucitatem
1418 596 1567 624 eorum
1583 595 1637 622 ex
1657 578 1753 620 loco

279 637 311 657 ‘⁶
335 636 556 691 superiore
597 654 870 696 cognoscere,
903 648 948 681 et
981 642 1189 683 virtutem
1225 640 1460 699 despicere,
1501 636 1754 697 potuerint;

282 697 314 715 “
336 693 425 748 qui,
462 694 667 738 dimicare
702 713 786 740 non
816 698 920 748 ausi,
956 700 1146 757 turpiter
1179 716 1221 742 se
1256 699 1300 741 in
1329 707 1469 741 castra
1495 695 1753 754 receperint.

280 755 312 774 ‘⁶
335 749 569 809 Imperium
589 770 631 796 se
653 756 709 797 ab
732 756 900 798 Caesare
916 773 993 814 per
1011 758 1300 816 proditionem
1318 757 1483 799 nullum
1497 755 1755 803 desiderare,

278 814 312 833 “
335 810 452 866 quod
469 811 627 855 habere
646 813 828 856 victoria
850 825 1007 872 posset,
1029 832 1124 873 quae
1141 817 1228 874 jam
1249 824 1357 858 esset
1375 815 1456 857 sibi
1474 823 1603 871 atque
1623 811 1756 855 omni-

282 872 315 892 “
340 868 422 910 bus
455 870 593 913 Gallis
622 872 872 930 explorata:
919 875 1023 931 quin
1052 875 1183 917 etiam
1214 874 1314 932 ipsis
1344 872 1582 921 remittere,
1613 870 1647 913 si
1676 869 1759 913 sibi

285 931 319 951 “
339 927 475 986 magis
493 928 699 972 honorem
717 931 926 982 tribuere,
949 949 1076 990 quam
1098 934 1154 975 ab
1172 949 1215 975 se
1232 932 1415 974 salutem
1433 930 1626 988 accipere
1644 928 1759 972 vide-

284 989 316 1010 “
339 993 483 1028 antur.
549 987 654 1031 Haec
686 998 735 1031 ut
766 989 1072 1049 intellegatis,”
1103 991 1260 1048 inquit,
1293 998 1323 1016 ‘⁶
1346 1007 1371 1032 a
1392 1005 1459 1031 me
1480 989 1640 1032 sincere
1659 1003 1758 1046 pro-

280 1049 315 1069 “
337 1045 546 1095 nunciari,
566 1046 712 1089 audite
733 1047 948 1092 Romanos
968 1050 1167 1092 milites.”
1231 1048 1440 1092 Producit
1467 1063 1626 1096 serVOS,
1654 1062 1760 1104 quos

285 1099 334 1142 in
355 1104 634 1159 pabulatione
656 1107 801 1163 paucis
820 1115 920 1150 ante
942 1108 1094 1152 diebus
1115 1115 1342 1165 exceperat
1364 1115 1408 1149 et
1430 1107 1539 1148 fame
1564 1103 1763 1148 vinculis-

287 1174 374 1215 que
405 1163 739 1207 excruciaverat.
804 1165 881 1215 Hi,
917 1167 1005 1224 jam
1046 1176 1144 1209 ante
1178 1166 1337 1216 edocti,
1378 1181 1475 1223 quae
1506 1163 1764 1221 interrogati

286 1221 642 1274 pronunciarent,
683 1231 711 1249 “
735 1222 890 1266 milites
911 1242 955 1267 se
976 1241 1063 1268 esse
1084 1225 1369 1284 legionarios'’
1389 1223 1562 1265 dicunt:
1598 1229 1627 1248 ‘⁶
1651 1221 1762 1263 fame

294 1282 323 1301 ‘⁶
347 1286 392 1319 et
430 1278 578 1337 inopia
619 1281 828 1324 adductos
867 1282 976 1324 clam
1010 1300 1063 1325 ex
1093 1283 1242 1325 castris
1278 1282 1427 1330 exisse,
1458 1281 1491 1322 si
1533 1279 1638 1337 quid
1676 1279 1764 1321 fru-

287 1339 322 1360 “
344 1337 478 1378 menti
499 1346 574 1380 aut
603 1340 771 1396 pecoris
793 1339 836 1381 in
857 1341 972 1398 agris
991 1341 1185 1399 reperire
1209 1348 1406 1398 possent:
1440 1338 1567 1381 simili
1595 1353 1763 1381 omnem

307 1399 320 1418 ‘
343 1394 580 1437 exercitum
607 1397 751 1454 inopia
782 1399 936 1454 premi,
967 1415 1043 1442 nec
1069 1400 1158 1457 jam
1187 1398 1522 1442 viressufficere
1548 1396 1764 1454 cuiquam,

287 1456 319 1476 “
343 1466 420 1494 nec
442 1453 556 1496 ferre
578 1456 721 1512 operis
740 1456 935 1499 laborem
956 1472 1103 1516 posse:
1138 1458 1285 1515 itaque
1308 1456 1505 1500 statuisse
1528 1455 1765 1513 Imperato-

288 1516 321 1535 “
344 1526 451 1561 rem,
487 1512 521 1554 si
554 1512 660 1556 nihil
696 1514 739 1556 in
777 1515 1104 1572 obpugnatione
1137 1516 1288 1574 oppidi
1322 1514 1588 1574 profecisset,
1621 1512 1768 1556 triduo

290 1574 322 1594 “
346 1569 585 1612 exercitum
611 1571 838 1614 deducere.
906 1574 1053 1624 Haec,”
1084 1574 1241 1631 inquit,
1276 1582 1303 1600 “
1325 1590 1350 1616 a
1379 1575 1490 1622 me‚”
1534 1572 1767 1630 Vercinge-

287 1627 422 1676 toriX,
448 1635 476 1654 ‘⁶
496 1628 704 1671 beneficia
724 1630 906 1680 habetis,
929 1648 1056 1688 quem
1077 1631 1334 1690 proditionis
1356 1631 1626 1679 insimulatis,
1647 1631 1768 1688 cujus

292 1691 324 1711 ‘⁶
345 1700 480 1743 opera
501 1686 590 1728 sine
611 1695 755 1730 vestro
772 1689 977 1745 sanguine
996 1699 1165 1733 tantum
1182 1690 1415 1732 exercitum
1432 1690 1638 1732 victorem
1658 1689 1769 1731 fame

293 1749 325 1769 ‘⁶
349 1759 469 1800 paene
498 1754 765 1788 consumtum
796 1747 978 1796 videtis;
1010 1764 1154 1806 quem,
1186 1749 1375 1806 turpiter
1407 1764 1449 1790 se
1475 1763 1529 1789 ex
1559 1746 1636 1789 hac
1666 1748 1771 1805 fuga

294 1808 325 1828 ‘⁶
349 1802 645 1860 recipientem,
668 1819 719 1847 ne
740 1820 826 1862 qua
845 1805 996 1849 civitas
1017 1807 1101 1850 suis
1120 1805 1275 1850 finibus
1297 1806 1496 1865 recipiat,
1532 1822 1556 1847 a
1582 1822 1650 1848 me
1670 1820 1770 1864 pro-

292 1867 326 1887 “
350 1859 487 1902 visum
508 1863 615 1903 est.’‘

354 1918 425 1959 21.
461 1919 714 1962 Conclamat
747 1922 883 1965 omnis
914 1922 1152 1965 multitudo
1183 1931 1227 1965 et
1257 1938 1331 1965 suo
1363 1938 1482 1965 more
1513 1920 1642 1964 armis
1673 1936 1771 1964 con-

294 1985 448 2034 crepat
468 1993 478 2026 ;
510 1978 627 2035 quod
648 1978 786 2022 facere
805 1981 847 2022 in
867 1997 917 2024 eo
937 1991 1211 2031 consuerunt,
1231 1982 1348 2040 cujus
1366 1981 1603 2023 orationem
1619 1978 1773 2037 adpro—

297 2034 430 2084 bant;
463 2052 675 2079 summum
696 2053 782 2081 esse
807 2039 1209 2097 Vercingetorigem
1226 2041 1393 2089 ducem,
1415 2055 1491 2081 nec
1508 2039 1560 2082 de
1580 2039 1669 2096 ejus
1687 2037 1772 2080 fide

296 2091 616 2143 dubitandum;
649 2111 726 2137 nec
748 2097 910 2155 majore
934 2099 1099 2140 ratione
1123 2099 1287 2141 bellum
1320 2097 1611 2140 administrari
1636 2111 1770 2154 posse.

301 2153 529 2202 Statuunt‚
552 2162 602 2195 ut
623 2153 770 2197 decem
790 2156 905 2198 milia
925 2155 1143 2198 hominum
1164 2157 1333 2199 delecta
1353 2173 1405 2199 ex
1426 2156 1622 2199 omnibus
1640 2155 1775 2212 copiis

301 2210 343 2253 in
364 2210 579 2268 oppidum
609 2212 937 2264 submittantur,
970 2230 1046 2257 nec
1074 2215 1174 2258 solis
1203 2215 1476 2273 Biturigibus
1506 2229 1772 2256 communem

302 2269 481 2310 salutem
503 2269 853 2314 committendam
877 2282 1074 2321 censent;
1105 2274 1222 2331 quod
1248 2290 1376 2332 penes
1399 2289 1484 2321 eos,
1514 2272 1547 2314 si
1577 2271 1622 2314 id
1652 2272 1774 2330 oppi-

297 2327 402 2371 dum
422 2327 714 2377 retinuissent,
738 2346 945 2374 summam
963 2332 1155 2375 victoriae
1177 2342 1370 2375 constare
1392 2331 1714 2389 intellegebant.

355 2386 427 2428 222.
464 2386 686 2444 Singulari
708 2389 893 2432 militum
920 2400 1168 2434 nostrorum
1193 2391 1343 2434 virtuti
1367 2390 1541 2434 consilia
1569 2389 1776 2447 cujusque

347 2520 436 2562 Ipsis
451 2523 632 2557 remittere.
647 2533 681 2553 se
698 2533 763 2554 non
781 2535 898 2565 urgere
911 2532 942 2556 ot
958 2525 1007 2557 in·
1123 2514 1214 2560 duod
1236 2535 1333 2566 penes
1354 2536 1417 2557 eos.
1469 2524 1588 2556 Clarke
1611 2534 1652 2555 ex
1674 2524 1774 2555 codd.

305 2569 399 2601 stare,
414 2572 450 2597 ut
467 2565 533 2596 hoc
545 2566 598 2597 vel
617 2566 702 2598 illud
719 2569 870 2602 credant.
887 2580 920 2599 se
936 2570 1006 2610 pati
1077 2570 1164 2611 qzcocl
1179 2579 1272 2610 ptem?
1288 2572 1323 2600 in
1339 2580 1387 2599 en.
1434 2568 1488 2600 Sic
1506 2575 1539 2600 et
1553 2568 1698 2599 Graecus.

303 2618 364 2640 eos
375 2609 423 2641 uti
433 2620 493 2641 sua
503 2609 681 2651 opinione.
701 2612 752 2642 M.
775 2612 830 2643 Gr.
844 2613 1008 2653 συγγινώσ-
1124 2615 1159 2644 Si
1176 2614 1210 2644 iil
1227 2614 1396 2654 oppidum.
1443 2613 1481 2642 Τὸ
1497 2613 1531 2643 id
1542 2611 1687 2643 restituit
1703 2609 1776 2641 Ou-

303 2664 377 2684 κειν.
1078 2658 1177 2689 dend.
1193 2667 1234 2688 ex
1251 2657 1350 2688 codd.
1368 2662 1401 2687 et
1412 2657 1487 2687 edd.
1512 2656 1559 2687 lta
1575 2661 1608 2686 et
1624 2655 1774 2686 Gra-cus.

350 2698 436 2728 Hoec
452 2702 501 2729 ut.
523 2697 585 2728 alii
606 2698 701 2733 Quod
716 2703 763 2730 ut.
1126 2702 1475 2739 Sinqz1lmi——ri1-tuti,
1484 2709 1583 2740 quam
1597 2698 1629 2728 in
1639 2698 1775 2738 obpug-

353 2740 470 2781 Operis
492 2742 656 2779 laborem,
679 2741 795 2775 eundi.
825 2743 1008 2775 muniendi.
1078 2745 1192 2776 nando
1211 2744 1355 2775 Avarico
1373 2742 1662 2774 demonstrabant:
1688 2741 1773 2772 hanc

307 2783 529 2824 obpugnandi
548 2785 752 2816 molestiam.
776 2785 872 2817 (¹120.
886 2789 937 2817 QS.
962 2790 1009 2819 M.
1079 2788 1171 2819 enim
1194 2788 1312 2818 urbem
1334 2786 1586 2828 obpugnabant.
1608 2784 1676 2816 vid.
1700 2795 1777 2826 cap.

353 2828 408 2857 Ex.
424 2828 597 2869 hacfuqa.
645 2829 681 2860 In
697 2829 777 2860 aliis
794 2831 858 2861 hac
876 2831 986 2862 deest.
1084 2834 1122 2862 17
1140 2838 1172 2862 et
1194 2833 1231 2861 19
1249 2832 1304 2862 fin.
1330 2832 1380 2862 M.
1424 2831 1589 2862 Caeterum
1612 2835 1687 2859 ante
1709 2829 1774 2861 hoc

356 2871 503 2903 Delecra.
529 2872 646 2903 Vossii
662 2873 770 2904 codex
788 2874 913 2905 dilecti.
933 2880 973 2905 ut
991 2875 1025 2906 b.
1080 2880 1184 2916 caput
1196 2875 1353 2906 lacunam
1367 2885 1440 2906 esse
1450 2873 1776 2914 arbitmnturvulgo;

312 2913 409 2953 nisp.
428 2916 480 2945 34.
503 2916 750 2956 intevfeclisunt
765 2918 942 2948 hominnm
965 2921 1027 2949 mi-
1082 2918 1223 2950 Vossius
1246 2924 1344 2960 negat
1365 2924 1399 2951 et
1420 2917 1534 2950 omnia
1558 2917 1642 2950 bene
1664 2917 1779 2949 cohae-

310 2957 360 2990 lia
375 2956 486 2990 xxll.
509 2959 587 2992 Alia
606 2961 764 3002 exempla
783 2961 841 2993 dat
858 2960 936 2993 Oud
945 2963 1025 2994 end.
1078 2973 1147 2994 rere
1164 2962 1320 2996 ostendit.
