1946 3261
324 201 381 247 58
729 198 814 242 DE
846 195 1048 240 BELLO
1081 196 1373 241 GALLICO.

320 336 443 373 erant
473 344 525 372 ex
555 325 741 369 Cimbris
771 324 1060 381 Teutonisque
1091 325 1314 382 prognati3
1345 324 1436 381 qui,
1466 340 1601 382 quum
1628 326 1712 369 iter
1740 326 1785 369 in

322 387 585 446 provinciam
606 392 794 427 nostram
822 391 952 440 atque
974 382 1142 425 Italiam
1162 383 1367 431 facerent,
1401 383 1450 425 iis
1469 384 1784 442 inpedimentis,

321 462 417 503 quae
436 458 576 486 secum
596 458 723 500 agere
744 457 793 484 ac
814 449 989 499 portare
1010 456 1094 483 non
1116 449 1332 498 poterant,
1362 441 1470 483 citra
1493 442 1650 484 flumen
1673 442 1786 484 Rhe-

320 519 422 546 num
442 501 662 558 depositis,
682 500 884 542 custodiae
903 515 956 541 ex
972 500 1054 541 suis
1071 515 1118 541 ae
1137 499 1333 556 praesidio
1349 515 1420 541 sex
1436 500 1552 542 milia
1566 500 1785 542 hominum

325 560 448 616 [una]
474 559 756 615 reliquerunt.
820 558 896 606 Hi,
930 566 1028 615 post
1058 573 1207 600 eorum
1236 558 1403 600 obitum
1435 558 1592 600 multos
1611 573 1740 601 annos
1759 574 1787 600 a

320 617 522 660 finitumis
540 617 760 674 exagitati,
781 632 914 673 quum
936 615 1036 656 alias
1053 615 1214 656 bellum
1237 615 1457 664 inferrent,
1484 616 1585 658 alias
1604 616 1784 659 inlatum

318 675 610 723 defenderent,
645 690 846 716 consensu
883 689 1031 715 eorum
1067 673 1252 715 omnium
1282 690 1386 731 pace
1415 674 1542 723 facta,
1573 674 1685 717 hunc
1705 674 1785 716 sibi

319 733 532 777 domicilio
553 733 694 774 locum
713 732 982 788 delegerunt.

378 791 449 834 30.
483 792 549 832 Ac
570 791 710 848 primo
731 790 921 832 adventu
950 788 1160 831 exercitus
1180 788 1313 830 nostri
1344 790 1516 832 crebras
1545 806 1595 831 ex
1621 789 1784 848 oppido

320 849 584 892 excursiones
614 848 842 895 faciebant,
874 847 1150 905 parvulisque
1186 847 1347 903 proeliis
1376 863 1474 889 eum
1503 848 1656 890 nostris
1686 864 1783 891 con-

319 908 574 952 tendebant:
608 915 756 964 postea
777 905 890 947 vallo
912 905 1072 962 pedum
1093 903 1197 953 XII,
1227 905 1269 946 in
1292 905 1475 946 circuitu
1497 906 1580 947 XV
1603 905 1784 955 milium,

315 966 566 1021 ‘crebrisque
605 964 785 1006 castellis
822 963 1152 1011 circummuniti,
1188 962 1352 1020 oppido
1386 979 1470 1004 sese
1492 963 1783 1006 continebant.

321 1024 428 1072 Ubi,
464 1023 594 1065 vineis
629 1023 749 1070 actis,
778 1037 937 1079 aggere
965 1029 1200 1069 exstructo,
1232 1021 1388 1063 turrim
1410 1021 1563 1078 procul
1584 1022 1786 1064 constitui

317 1082 532 1129 viderunt,
551 1081 737 1138 primum
756 1079 939 1122 inridere
957 1095 1009 1120 ex
1026 1095 1150 1121 muro
1169 1087 1299 1135 atque
1317 1080 1574 1137 increpitare
1591 1080 1784 1128 vocibus,

319 1156 406 1196 quo
428 1148 546 1182 tanta
567 1137 820 1180 machinatio
851 1138 907 1179 ab
929 1146 1049 1179 tanto
1073 1137 1211 1194 spatio
1243 1137 1569 1179 institueretur?
1609 1139 1785 1194 quibus-

319 1213 414 1239 nam
442 1197 651 1244 manibus,
686 1204 763 1237 aut
795 1196 953 1252 quibus
989 1195 1166 1244 viribus,
1201 1195 1436 1253 praesertim
1472 1195 1660 1237 homines
1693 1204 1784 1238 tan-

318 1255 421 1298 tulae
448 1263 638 1303 staturae,
670 1255 781 1308 (nam
805 1253 1061 1310 plerumque
1085 1252 1325 1294 hominibus
1349 1253 1484 1294 Gallis
1516 1269 1604 1310 prae
1625 1254 1785 1310 magni-

318 1314 465 1356 tudine
486 1328 719 1370 corporum
740 1327 914 1353 suorum
937 1311 1124 1352 brevitas
1145 1319 1289 1352 nostra
1310 1311 1545 1352 contemtui
1566 1313 1647 1367 est)
1676 1312 1785 1354 tanti

317 1372 455 1413 oneris
476 1371 630 1413 turrim
652 1370 694 1411 in
716 1385 860 1411 muros
880 1384 966 1410 sese
987 1368 1209 1410 conlocare
1231 1368 1522 1410 confiderent?

373 1431 444 1471 31.
479 1428 571 1471 Ubi
592 1443 695 1469 vero
722 1426 884 1468 moveri
905 1434 950 1467 et
969 1427 1318 1483 adpropinquare
1339 1427 1549 1469 moenibus
1569 1427 1785 1476 viderunt,

316 1502 427 1529 nova
453 1495 585 1543 atque
606 1485 807 1528 inusitata
826 1485 966 1541 specie
985 1486 1200 1534 commoti,
1230 1485 1393 1541 legatos
1424 1484 1479 1526 ad
1503 1485 1713 1527 Caesarem
1732 1486 1786 1527 de

318 1561 421 1601 pace
442 1545 662 1592 miserunt,
692 1543 783 1600 qui,
814 1543 868 1584 ad
891 1542 1002 1584 hunc
1024 1543 1197 1584 modum
1217 1543 1372 1584 locuti:
1409 1551 1436 1567 “
1462 1543 1563 1585 Non
1583 1559 1626 1584 se
1646 1543 1786 1585 existi-

318 1611 346 1629 “
370 1619 501 1651 mare,
535 1602 748 1644 Romanos
777 1601 862 1642 sine
893 1617 976 1657 ope
1006 1600 1149 1642 divina
1177 1601 1340 1642 bellum
1366 1616 1528 1657 gerere,
1560 1601 1635 1657 qui
1655 1609 1786 1644 tantae

318 1669 346 1687 “
367 1661 604 1703 altitudinis
624 1658 950 1701 machinationes
980 1666 1100 1700 tanta
1121 1658 1340 1700 celeritate
1361 1673 1615 1715 promovere
1650 1660 1713 1714 [et
1732 1675 1786 1701 ex

317 1727 345 1745 “
371 1718 696 1776 propinquitate
727 1717 940 1774 pugnare]
976 1725 1164 1773 possent:
1204 1732 1245 1758 se
1274 1732 1435 1771 suaque
1466 1717 1606 1758 omnia
1634 1732 1785 1759 eorum

317 1786 345 1802 ‘⁶
371 1777 574 1834 potestati
611 1776 901 1833 permittere,’'
942 1774 1157 1816 dixerunt.
1221 1782 1248 1800 ‘⁶
1271 1774 1420 1815 Unum
1457 1782 1604 1831 petere
1633 1789 1682 1815 ac
1711 1774 1784 1816 de-

318 1844 346 1861 “
369 1835 560 1892 precari:
593 1835 626 1875 si
646 1833 774 1880 forte,
798 1848 878 1889 pro
899 1848 973 1873 sua
992 1831 1214 1873 clementia
1231 1847 1279 1873 ac
1295 1832 1634 1880 mansuetudine,
1655 1847 1785 1888 quam

317 1901 345 1919 ‘⁶
369 1893 448 1950 ipsi
468 1893 523 1934 ab
544 1891 634 1933 aliis
654 1891 866 1938 audirent,
897 1890 1126 1937 statuisset,
1154 1888 1406 1930 Aduatucos
1427 1905 1512 1930 esse
1535 1905 1783 1932 conservan-

317 1960 345 1977 “
369 1952 461 2000 dos,
497 1965 548 1992 ne
569 1966 610 1990 se
631 1948 756 1990 armis
777 1947 1056 2005 despoliaret:
1090 1947 1168 1988 sibi
1189 1962 1331 1989 omnes
1353 1947 1441 1988 fere
1462 1946 1678 1990 finitumos
1698 1964 1784 1990 esse

317 2018 345 2036 ‘⁴
369 2009 556 2051 inimicos
587 2023 636 2049 ac
667 2023 751 2048 suae
780 2005 932 2047 virtuti
969 2004 1182 2053 invidere;
1228 2020 1252 2046 a
1282 2004 1439 2061 quibus
1467 2021 1510 2046 se
1540 2005 1783 2057 defendere,

317 2076 345 2094 ‘⁴
370 2067 535 2109 traditis
555 2065 695 2113 armis,
715 2079 799 2106 non
817 2071 1000 2121 possent.
1055 2063 1147 2104 Sibi
1170 2071 1387 2120 praestare,
1409 2063 1441 2104 si
1462 2063 1504 2105 in
1524 2079 1621 2104 eum
1642 2079 1784 2105 casum

316 2134 345 2153 “
365 2124 696 2171 deducerentur,
731 2122 924 2179 quamvis
953 2121 1169 2163 fortunam
1199 2137 1224 2162 a
1257 2120 1427 2178 Populo
1451 2120 1644 2164 Romano
1676 2121 1785 2178 pati,

1130 2248 1369 2281 Ittsticuveretur.
1419 2247 1474 2277 Sic
1513 2246 1595 2278 boni
1633 2246 1783 2278 codices.

1083 2290 1144 2321 alii
1168 2298 1200 2322 et
1223 2291 1298 2322 edd.
1314 2297 1381 2322 vet.
1396 2292 1622 2322 instrueretur.
1648 2291 1689 2321 V.
1715 2290 1784 2322 ind.

1081 2337 1258 2365 mstituere.

363 2251 418 2283 Ea·
434 2249 586 2282 Cimbris,
599 2254 663 2278 etc.
699 2246 832 2278 Nerviis
847 2247 911 2278 hoc
928 2247 1017 2278 male

316 2293 479 2325 adscribit
501 2291 678 2333 Appianus
707 2290 741 2320 in
765 2289 917 2328 Gallicis>
940 2301 969 2320 c.
987 2294 1015 2322 4.

319 2338 443 2369 Contra'
461 2335 526 2367 Dio
544 2338 596 2372 39,
612 2337 642 2365 4.
660 2335 743 2364 bene
761 2333 871 2364 habet.

364 2381 524 2413 Cas-waliae
539 2396 582 2402 —
593 2378 758 2419 praesidio.
774 2377 820 2407 al.
836 2378 1017 2408 custodiam

317 2440 361 2446 -—
373 2424 581 2466 prm-sidium.
627 2422 690 2453 Sed
723 2420 815 2461 prius
853 2430 893 2450 ex
925 2431 1016 2451 more

318 2467 475 2499 Caesaris.
500 2466 540 2497 V.
562 2468 589 2503 1,
607 2469 636 2496 5.
654 2466 685 2503 7,
702 2466 755 2495 49.

369 2514 454 2543 l'nct.
487 2509 578 2546 Quid
590 2509 653 2540 hoc
670 2507 737 2538 sibi
754 2505 909 2537 hocloco
927 2506 1017 2537 vult?

319 2555 423 2585 Abest
445 2565 465 2585 a
488 2554 562 2584 cod.
586 2551 698 2583 Ursini
722 2556 755 2582 et
777 2550 938 2590 metaphr.
960 2549 1015 2580 Cr.

320 2600 368 2629 M.
394 2598 539 2628 Omnino
553 2597 713 2631 abundat,
729 2593 1016 2625 exterminatione

318 2641 459 2682 repetita
474 2640 565 2671 vocis
582 2637 801 2680 praecedentis
817 2643 936 2667 ortum.

364 2686 439 2715 Post
460 2695 574 2715 eorum
596 2685 728 2718 abitum,
758 2680 905 2711 Cimbris
929 2680 1017 2711 Teu-

319 2728 470 2766 tonisque
486 2738 505 2758 a
520 2726 632 2757 Mario
647 2724 759 2755 vietis.
784 2725 832 2754 M.

370 2772 462 2800 salla
472 2771 594 2809 pedum
605 2769 739 2800 XJISC.
749 2768 780 2797 in
791 2766 1013 2798 altitudinem.

320 2813 455 2844 Addidit
469 2814 531 2843 hoc
546 2812 710 2853 inetaplir.
726 2812 782 2841 Cr.
798 2811 849 2841 Cr.
863 2815 895 2847 2,
914 2816 941 2842 5.
966 2812 1014 2841 M.

366 2860 437 2891 Quo
453 2862 546 2887 mma
564 2858 673 2887 mat-lt.
697 2855 769 2886 MS.
786 2855 882 2885 codd.
898 2861 929 2885 et
941 2854 1014 2884 edd.

319 2906 385 2931 vet.
402 2901 499 2941 quud.
514 2900 621 2929 forsan
636 2900 739 2929 suerat
756 2900 831 2938 quoi
845 2897 917 2929 scil.
930 2900 1014 2934 usui,

319 2950 353 2975 ut
373 2945 403 2975 7.
421 2946 471 2974 55.
518 2942 679 2973 Celturius:
695 2940 827 2973 retinuit
844 2942 940 2982 quod.

1127 2388 1331 2427 Plerumque
1357 2385 1550 2416 hominibus.
1581 2384 1643 2416 alii
1666 2387 1784 2426 pleris-

1083 2440 1155 2470 que.
1173 2430 1252 2460 item
1270 2429 1327 2460 alii
1344 2430 1503 2459 omnibus.
1548 2429 1683 2460 Graecus
1707 2435 1782 2459 τολ-

1083 2474 1169 2507 ὶ.άκις
1188 2473 1211 2503 οἵ
1227 2474 1348 2502 Γάλλοι,

1129 2526 1172 2556 In
1190 2535 1312 2558 muros.
1337 2525 1359 2554 i.
1375 2535 1404 2555 e.
1418 2525 1512 2565 juxta
1528 2534 1653 2555 muros.
1681 2523 1782 2555 Faer-

1084 2579 1143 2599 nus
1171 2574 1202 2599 et
1230 2567 1369 2599 Ursinus
1390 2568 1476 2598 male
1504 2570 1539 2598 in
1561 2578 1670 2606 muro,
1691 2566 1781 2608 quod

1082 2614 1199 2643 refutat
1215 2611 1351 2652 Lipsius
1368 2610 1508 2652 poliorc.
1526 2614 1557 2649 2,
1576 2613 1606 2641 4.

1129 2666 1205 2695 Nun
1226 2675 1259 2695 se
1280 2666 1477 2694 emis-timum.
1521 2663 1628 2694 Codd.
1642 2662 1779 2703 quidam

1082 2708 1239 2739 omittunt
1254 2708 1450 2748 pronomen,
1461 2706 1572 2746 ellipsi
1586 2712 1757 2737 consueta.

1128 2761 1169 2790 Er
1189 2770 1230 2791 er
1251 2769 1465 2799 2:·7·0p.721.¹sm.
1513 2759 1592 2788 Ilaec
1618 2768 1637 2788 a
1665 2757 1780 2788 multis

1080 2805 1176 2833 codd.
1199 2804 1330 2837 absunt,
1354 2808 1435 2833 teste
1453 2801 1704 2842 OudendorpiO.
1727 2803 1779 2832 M.

1081 2847 1213 2878 Graecus
1229 2847 1340 2877 habet.

1125 2900 1293 2929 Audit-eut.
1342 2898 1394 2928 Sic
1427 2898 1522 2928 codd.
1555 2895 1646 2927 boni.
1678 2897 1776 2938 vulgo

1079 2942 1249 2973 ambissent..
1275 2942 1381 2973 forsan
1398 2942 1555 2973 audiv-int.
1581 2940 1664 2973 Oml.
