1946 3261
201 228 288 272 376
632 225 716 268 DE
749 222 951 267 BELLO
985 209 1198 270 CIVILJ.

205 355 360 397 clivum
385 348 552 390 incitati
571 362 716 398 cursu,
739 347 979 406 praecipites
1001 345 1282 404 Pompeianos
1300 355 1482 404 egerunt
1502 356 1547 390 et
1559 356 1683 408 terga

209 418 377 455 vertere
414 415 676 464 coegerunt:
726 406 885 463 quibus
923 405 979 447 ad
1011 404 1302 463 recipiendum
1338 414 1477 447 crates
1510 406 1685 450 directae

206 465 485 524 longuriique
518 465 678 523 objecti
713 473 757 507 et
793 463 999 507 institutae
1040 464 1160 506 fossae
1201 479 1358 522 magno
1397 463 1438 505 in
1475 464 1688 507 edimento

206 528 399 570 fuerunt.
464 523 617 566 Nostri
648 540 768 573 vero,
802 523 876 580 qui
917 523 1017 565 satis
1052 522 1273 565 habebant
1306 522 1394 564 sine
1427 481 1689 566 detrimento

209 583 442 633 discedere,
479 582 775 640 compluribus
811 581 1064 631 interfectis,
1096 582 1288 639 quinque
1324 581 1495 623 omnino
1515 596 1691 624 suorum

210 642 386 692 amissis,
409 641 669 699 quietissime
691 657 733 683 se
755 649 1030 698 receperunt,
1048 640 1282 699 paulloque
1303 639 1412 682 citra
1432 655 1531 682 eum
1548 639 1691 683 locum

212 701 386 749 morati,
408 699 502 741 aliis
521 699 834 758 comprehensis
854 699 1053 749 collibus,
1075 700 1332 742 munitiones
1352 698 1642 756 perfecerunt.

275 760 346 802 47.
381 758 492 801 Erat
511 773 623 801 nova
646 758 684 800 ei
705 758 907 800 inusitata
927 758 1034 801 belli
1066 758 1194 808 ratio,
1227 773 1361 815 quum
1394 766 1462 800 tot
1497 757 1694 800 castello-

220 834 318 862 rum
346 832 540 867 numero,
573 825 781 876 tantoque
802 817 941 875 spatio
968 826 1012 860 et
1035 817 1168 859 tantis
1187 817 1497 859 munitionibus
1526 825 1570 858 et
1600 825 1695 858 toto

219 876 454 921 obsidionis
477 891 649 935 genere,
678 885 772 919 tum
791 877 920 918 etiam
942 876 1118 933 reliquis
1140 876 1283 919 rebus.
1349 875 1479 924 Nam,
1504 875 1696 932 quicum-

219 951 306 994 que
327 934 514 977 alterum
535 935 731 978 obsidere
769 935 911 977 conati
947 944 1062 984 sunt,
1097 934 1317 993 perculsos
1347 942 1481 991 atque
1513 932 1701 976 infirmos

219 995 364 1038 hostes
385 993 548 1044 adorti,
582 1003 658 1036 aut
692 994 847 1052 proelio
881 1002 1122 1052 superatos,
1159 1001 1236 1035 aut
1270 993 1417 1050 aliqua
1453 991 1702 1035 obfensione

222 1060 444 1112 permotos
467 1053 791 1102 continuerunt,
815 1069 949 1110 quum
980 1053 1060 1111 ipsi
1083 1068 1262 1094 numero
1283 1052 1468 1094 militum
1488 1051 1701 1108 equitum-

223 1128 309 1170 que
332 1119 612 1170 praestarent:
646 1127 790 1154 caussa
813 1121 957 1154 autem
980 1111 1213 1155 obsidionis
1249 1110 1336 1153 haec
1373 1111 1463 1152 fere
1496 1126 1584 1152 esse
1606 1125 1703 1151 cou-

223 1171 379 1220 suevit,
404 1178 453 1211 ut
472 1170 688 1213 frumento
707 1170 848 1213 hostes
870 1170 1197 1229 prohibeantur.
1263 1170 1325 1211 At
1346 1177 1498 1212 contra
1515 1168 1706 1227 integras

226 1237 359 1286 atque
379 1228 609 1271 incolumes
631 1229 776 1287 copias
800 1230 944 1272 Caesar
975 1229 1175 1272 inferiore
1198 1228 1383 1270 militum
1405 1243 1587 1270 numero
1607 1243 1705 1271 con-

226 1287 426 1334 tinebat;
458 1303 592 1343 quum
624 1287 688 1330 illi
720 1289 909 1330 omnium
944 1303 1090 1330 rerum
1113 1287 1236 1345 copia
1267 1285 1566 1329 abundarent:
1632 1301 1706 1329 uo-

227 1344 334 1387 tidie
371 1345 483 1387 enim
521 1361 702 1404 magnus
742 1346 934 1403 undiquc
972 1346 1144 1388 navium
1181 1361 1381 1388 numerus
1410 1303 1709 1395 convenigliat,

231 1419 327 1460 quae
365 1412 651 1446 commeatum
684 1405 1031 1463 subp01·tarent;
1080 1420 1219 1461 neque
1260 1404 1373 1446 ullus
1413 1403 1517 1445 flare
1556 1412 1711 1448 ventus

267 1470 425 1512 oterat,
460 1462 564 1520 quin
601 1463 747 1520 aliqua
784 1480 836 1505 ex
876 1472 1002 1522 parte
1035 1463 1268 1506 secundum
1289 1477 1462 1505 cursum
1483 1461 1708 1506 haberent.

231 1477 330 1578 Fpse
370 1529 531 1570 autem,
575 1522 806 1564 consumtis
847 1523 1044 1565 omnibus
1083 1523 1209 1578 longe
1247 1521 1420 1580 lateque
1467 1521 1712 1574 frumentis,
1773 1547 1775 1549 ·

233 1579 408 1622 summis
440 1588 535 1622 erat
565 1581 607 1622 111
638 1581 869 1636 augustiis:
904 1581 978 1623 sed
1003 1590 1142 1623 tamen
1167 1580 1253 1623 haec
1275 1580 1480 1637 singulari
1502 1580 1714 1638 patientia

233 1637 392 1679 milites
414 1638 626 1680 ferebant.
692 1638 1049 1682 Recordabantur
1080 1640 1207 1689 euim,
1239 1640 1386 1681 eadem
1417 1655 1459 1681 se
1489 1639 1714 1696 superiore

235 1711 346 1738 anno
379 1696 421 1738 in
456 1695 668 1754 Hispania
706 1713 945 1756 perpessos,
983 1700 1130 1741 labore
1164 1707 1208 1740 et
1239 1697 1444 1754 patientia
1480 1697 1712 1740 maximum

237 1753 402 1796 bellum
450 1756 710 1798 confecisse:
774 1758 1071 1806 meminerant,
1112 1756 1166 1798 ad
1210 1756 1398 1799 Alesiam
1431 1771 1628 1813 magnam
1670 1774 1714 1800 se

238 1811 428 1869 inopiam
465 1829 704 1871 perpessos,
751 1815 890 1857 multo
933 1816 1061 1857 etiam
1109 1815 1312 1872 majorem
1364 1813 1419 1855 ad
1463 1815 1714 1866 Avaricum,

239 1870 521 1913 maximarum
550 1889 593 1914 se
625 1873 819 1929 gentium
843 1874 1025 1916 victores
1046 1873 1292 1915 discessisse.
1359 1871 1475 1921 Non,
1508 1873 1589 1914 illis
1619 1872 1716 1916 hor-

239 1925 372 1970 deum
414 1945 551 1985 quum
593 1928 790 1982 daretur,
844 1947 928 1974 non
980 1932 1197 1987 legumina
1244 1931 1533 1973 recusabant:
1588 1948 1718 1990 pecus

245 2001 362 2036 vero,
397 1987 519 2044 cujus
541 1989 604 2031 rei
627 2005 791 2032 summa
812 2000 906 2033 erat
928 2007 981 2033 ex
999 1990 1133 2048 Epiro
1155 1989 1294 2046 copia,
1314 2004 1470 2047 magno
1491 1989 1532 2031 in
1557 1989 1718 2034 honore

246 2043 479 2088 habebant.

301 2103 373 2146 48.
427 2104 505 2146 Est
540 2105 669 2148 etiam
709 2123 844 2165 genus
874 2108 1026 2152 radicis
1046 2107 1268 2151 inventum
1289 2107 1345 2150 ab
1366 2106 1430 2156 iis,
1452 2106 1526 2165 qui
1547 2107 1721 2152 fuerant

295 2254 442 2286 Clirum.
469 2255 543 2288 IIoc
560 2267 578 2287 a
593 2256 748 2289 Manutio
765 2263 824 2288 est.
855 2258 956 2290 1711ίῖ1·-
1026 2270 1161 2292 manum
1176 2258 1424 2301 interpolatoris
1437 2260 1578 2300 prodere
1590 2260 1722 2302 judicat

253 2307 316 2328 nus
332 2298 466 2340 legebat
478 2303 658 2339 cumulum,
686 2312 763 2332 cuni
796 2302 827 2333 in
852 2303 952 2334 MSS.
1027 2304 1211 2336 Bentleius.

254 2342 414 2373 omnibus
428 2348 461 2374 et
472 2345 548 2374 edd.
566 2344 684 2385 primis
700 2345 872 2387 sitpe'lmn,
891 2347 953 2378 sub
1071 2350 1123 2381 ,411
1144 2350 1299 2379 Alesiam.
1328 2348 1367 2379 B.
1384 2348 1426 2379 G.
1443 2348 1475 2386 7,
1492 2349 1533 2379 68
1549 2359 1619 2390 sqq.
1650 2349 1699 2380 Μ.

251 2395 321 2426 quo
337 2385 429 2417 aliud
443 2388 542 2419 latere
558 2388 702 2419 videtur.
721 2391 806 2420 Oud.
1074 2393 1318 2424 Addrarimm.
1330 2392 1416 2423 ibid.
1432 2401 1506 2433 cap.
1520 2394 1570 2424 18.
1583 2403 1655 2433 sqq.
1673 2393 1723 2424 M.

300 2431 393 2462 Citra
409 2441 487 2462 eum
500 2433 617 2463 locum.
632 2432 692 2463 alii
706 2435 804 2465 circa.
1072 2438 1113 2468 Se»
1130 2448 1163 2474 q.
1178 2448 1208 2467 r.
1225 2437 1414 2467 discessisse.
1441 2435 1515 2467 Hoc
1529 2447 1562 2468 se
1575 2436 1721 2468 deletum

299 2474 437 2507 Mai-ati.
454 2475 587 2517 Adjecit
603 2476 695 2507 Oud.
711 2488 730 2507 e
745 2478 843 2509 codd.
1025 2471 1250 2522 cupit'Davis.
1284 2479 1346 2510 Sed
1361 2479 1482 2511 similis
1493 2479 1649 2522 repetitio
1661 2490 1722 2512 oc-

305 2518 417 2559 Neque
446 2521 536 2550 uuus
557 2520 654 2561 flare
682 2525 748 2551 ete.
788 2522 957 2563 Repetunt
1023 2524 1169 2556 curritet
1186 2525 1226 2555 G.
1249 2526 1276 2556 l.
1291 2527 1344 2555 85·

258 2561 323 2593 hoc
341 2562 428 2593 Plut.
445 2561 478 2593 in
498 2564 617 2605 Pomp.
643 2573 674 2593 c.
693 2565 746 2595 65.
762 2570 793 2595 et
819 2565 851 2596 in
869 2568 956 2599 Caes.
1073 2570 1158 2600 Illis.
1175 2567 1234 2599 alii
1251 2570 1312 2599 mi.

258 2616 290 2636 C·
310 2607 361 2637 39-
378 2605 458 2637 ilem
474 2607 622 2648 Appian-
655 2606 695 2638 C·
711 2611 744 2643 9,
759 2610 812 2639 66.
1072 2614 1178 2644 Pecus
1202 2623 1290 2643 voro.
1316 2612 1348 2643 in
1365 2612 1419 2643 e‘d.
1437 2611 1480 2643 R.
1499 2610 1659 2654 Stephani
1676 2611 1724 2643 le·

305 2650 490 2681 Haberent.
532 2652 615 2693 Ipse.
671 2651 886 2685 Marciandus
924 2667 957 2696 p.
1026 2656 1115 2697 gitur
1127 2658 1296 2698 panicum.
1313 2662 1348 2687 ut
1363 2656 1404 2688 C.
1421 2660 1452 2694 2,
1468 2659 1521 2688 99.

261 2694 337 2723 973.
354 2693 606 2726 distinctionem
630 2694 684 2725 hic
711 2696 802 2727 tollit
829 2704 860 2728 et
880 2709 957 2730 mox
1075 2700 1285 2740 Qnifuerant
1305 2711 1378 2732 cum
1403 2701 1545 2731 salerio.
1587 2697 1723 2736 Qualis-

260 2736 343 2777 legit
357 2743 446 2769 essee.
489 2739 646 2770 Ceterum
664 2740 766 2777 vulgo
788 2740 961 2781 legebatur
1029 2755 1105 2775 nam
1119 2751 1167 2776 est
1180 2744 1250 2775 11111(-
1265 2743 1468 2784 descriptio?
1487 2742 1662 2781 Quisinde
1676 2742 1726 2774 in-

259 2781 406 2815 haberet.
436 2780 496 2812 ubi
524 2783 616 2823 prius
640 2783 705 2824 legi
724 2784 871 2817 debebat
886 2789 960 2818 sub-
1030 2788 1170 2825 ioniam.
1195 2787 1331 2827 quinam
1360 2787 1393 2818 111
1411 2787 1566 2819 homines
1580 2786 1726 2817 fuerint?

262 2830 421 2864 Portare!-
1031 2833 1066 2863 ln
1084 2832 1182 2863 bonis
1205 2832 1304 2862 codd.
1334 2831 1477 2873 legitur:
1512 2833 1571 2872 qm‘
1588 2830 1726 2871 fem-ant

310 2869 355 2898 In
374 2870 554 2910 Hiepania.
586 2869 639 2900 Cf.
659 2872 688 2904 l.
704 2873 756 2902 48.
791 2873 838 2905 M.
1040 2877 1215 2906 faleribus
1231 2888 1240 2906 :
1266 2876 1351 2907 unde
1366 2876 1514 2916 adparet.
1527 2874 1627 2906 verba
1645 2884 1728 2905 con-

308 2911 539 2946 Mcmineranc
564 2931 606 2937 —
632 2915 825 2949 discessisse.
879 2918 962 2954 Ilaec
1034 2926 1130 2961 rupta
1144 2930 1228 2951 esse.
1272 2919 1341 2958 Qui
1357 2919 1440 2954 vult,
1454 2918 1542 2960 legat
1557 2918 1728 2958 Voaeium.
