1946 3261
637 220 756 266 LIB.
819 221 960 267 CAP.
990 221 1179 268 44-46.
1558 225 1643 272 451

165 345 313 395 Quum
348 348 528 407 propius
563 348 799 394 Tauridem
831 349 1087 400 accessisset,
1119 349 1314 394 distensis
1334 349 1418 394 suis
1445 349 1646 402 navibus,

164 405 285 463 quod
320 414 364 448 et
398 416 630 467 tempestas
661 418 757 453 erat
786 409 1041 453 turbulenta
1067 418 1111 451 et
1140 410 1260 452 nulla
1280 410 1464 469 suspicio
1496 410 1644 461 hostis,

165 473 342 522 repente
374 466 597 510 adversam
626 469 682 511 ad
710 485 754 511 se
783 470 1026 512 venientem
1053 483 1221 518 navem,
1251 471 1461 513 antemnis
1482 469 1537 512 ad
1558 485 1646 512 me-

162 522 282 568 dium
303 525 465 568 malum
497 525 701 577 demissis,
737 528 991 571 instructam
1022 528 1425 585 propugnatoribus
1458 528 1650 572 animum

162 583 372 626 advertit.
436 585 564 634 Quod
586 586 663 628 ubi
682 587 920 645 conspexit,
942 584 1144 629 celeriter
1162 586 1257 628 vela
1273 587 1472 638 subduci,
1493 587 1650 630 demit-

161 642 284 700 tique
304 650 523 686 antemnas
550 644 679 701 jubet
709 654 754 688 et
786 646 943 689 milites
963 644 1145 688 armari:
1179 652 1240 693 et,
1278 646 1437 689 vexillo
1456 647 1648 696 sublato,

161 718 249 759 quo
268 701 495 760 pugnandi
516 701 652 745 dabat
680 704 867 763 signum,
890 721 987 763 quae
1007 703 1156 762 primae
1175 718 1306 746 naves
1325 705 1649 762 subsequeban-

162 768 252 810 tur,
280 761 391 802 idem
419 768 470 802 ut
503 761 710 813 facerent,
740 763 1025 822 significabat.
1090 763 1309 805 Parabant
1331 780 1375 806 se
1408 764 1648 813 Vatiniani‚

160 827 340 876 repente
360 819 578 877 obpressi:
613 822 755 879 parati
781 824 981 882 deinceps
1004 821 1235 864 Octaviani
1261 838 1314 864 ex
1335 830 1470 880 portu
1499 838 1650 880 proce-

159 878 337 921 debant.
401 878 640 923 Instruitur
673 882 894 940 utrimque
927 882 1058 929 acies:
1092 880 1243 924 ordine
1270 880 1480 940 disposita
1514 881 1651 939 magis

160 937 417 987 octaviana,
435 939 628 995 paratior
649 941 837 984 militum
857 940 1007 984 animis
1030 939 1278 983 Vatiniana.

217 995 288 1038 46.
325 996 540 1047 Vatinius,
572 1000 926 1055 quumanimum
947 1000 1213 1049 adverteret,
1248 1015 1390 1056 neque
1412 998 1587 1041 navium
1608 1013 1652 1041 se

159 1054 475 1115 magnitudine,
512 1072 653 1115 neque
691 1074 871 1102 numero
898 1074 1048 1117 parem
1076 1075 1178 1109 esse,
1219 1058 1414 1101 fortuitae
1442 1057 1650 1100 dimicati-

161 1115 251 1158 onis
287 1114 473 1157 fortunae
509 1131 600 1158 rem
641 1118 913 1161 committere
949 1117 1104 1160 noluit.
1170 1116 1327 1175 Itaque
1366 1116 1531 1175 primus
1574 1131 1652 1158 sua

159 1173 458 1231 quinqueremi
493 1173 537 1216 in
569 1175 889 1230 quadriremem
922 1177 1054 1234 ipsius
1089 1176 1267 1219 Octavii
1298 1176 1498 1234 inpetum
1533 1175 1651 1217 fecit.

162 1232 403 1275 Celerrime
424 1232 739 1291 fortissimeque
760 1244 912 1278 contra
933 1236 1010 1278 illo
1030 1235 1285 1293 remigante,
1309 1250 1438 1277 naves
1460 1234 1651 1277 adversae

160 1291 311 1334 rostris
350 1300 615 1335 concurrunt
657 1292 765 1335 adeo
806 1293 1096 1344 vehementer,
1136 1302 1187 1336 ut
1227 1292 1346 1336 navis
1391 1293 1650 1343 octaviana,

160 1359 302 1394 rostro
339 1350 542 1400 discusso,
592 1351 712 1409 ligno
759 1352 1067 1395 contineretur.
1148 1352 1451 1395 Committitur
1489 1352 1650 1394 acriter

157 1408 338 1467 reliquis
378 1409 481 1451 locis
518 1409 725 1467 proelium
761 1411 1123 1468 concurriturque
1161 1411 1218 1453 ad
1255 1411 1400 1453 Duces
1441 1411 1648 1453 maxime:

160 1484 274 1521 nam,
296 1483 434 1525 quum
461 1484 539 1510 suo
559 1468 743 1526 quisque
765 1469 975 1512 auxilium
1004 1469 1155 1519 ferret,
1184 1485 1389 1527 magnum
1418 1469 1653 1512 comminus

160 1528 205 1571 in
223 1535 407 1585 angusto
440 1526 549 1569 mari
579 1527 783 1584 proelium
816 1528 980 1570 factum
1001 1537 1089 1571 est:
1135 1537 1388 1586 quantoque
1413 1528 1655 1586 conjunctis

160 1586 298 1645 magis
318 1585 502 1628 navibus
522 1585 777 1643 confligendi
800 1596 990 1644 potestas
1012 1587 1219 1637 dabatur,
1255 1595 1380 1629 tanto
1408 1587 1654 1645 superiores

159 1653 285 1689 erant
323 1644 580 1693 Vatiniami;
613 1645 690 1702 qui
722 1644 975 1688 admiranda
1008 1646 1174 1688 virtute
1209 1662 1263 1688 ex
1289 1645 1374 1688 suis
1402 1645 1584 1688 navibus
1606 1645 1651 1688 in

158 1704 348 1748 hostium
399 1718 530 1745 naves
578 1703 795 1746 transilire
843 1720 929 1747 non
970 1703 1235 1747 dubitabant
1273 1713 1334 1752 et,
1379 1703 1651 1746 dimicatione

158 1770 346 1822 aequata,
388 1761 516 1819 longe
555 1763 798 1819 superiores
836 1763 1018 1813 virtut-e,
1063 1778 1155 1804 rem
1193 1762 1381 1804 feliciter
1420 1764 1648 1820 gerebant.

162 1820 437 1880 Deprimitur
457 1820 589 1877 ipsius
603 1821 775 1864 Octavii
794 1821 1103 1879 quadriremis:
1136 1821 1285 1864 multae
1310 1829 1522 1879 praeterea
1538 1822 1654 1880 capi-

159 1891 309 1929 untur,
331 1889 407 1922 aut
425 1879 574 1922 rostris
586 1881 818 1937 perforatae
831 1889 1115 1939 merguntur:
1151 1888 1501 1938 propugnatores
1521 1881 1653 1923 Octa-

157 1941 273 1983 viani
293 1938 454 1998 partim
474 1938 517 1980 in
539 1939 723 1982 navibus
737 1940 1016 1998 jugulantur,
1049 1941 1211 1997 partim
1232 1940 1275 1981 in
1302 1955 1419 1981 mare
1454 1939 1651 1997 praecipi-

159 2007 324 2042 tantur.
370 1997 469 2055 Ipse
495 1997 704 2040 Octavius
721 2015 764 2041 se
786 2000 828 2041 in
849 1999 1049 2057 scapham
1061 1999 1256 2041 confert:
1291 1997 1334 2039 in
1355 2013 1487 2056 quam
1503 1998 1651 2056 plures

159 2073 296 2115 quum
315 2055 620 2112 confugerent,
652 2056 856 2116 depressa
875 2057 1047 2116 scapha,
1080 2057 1332 2100 vulneratus
1360 2065 1502 2099 tamen
1519 2056 1650 2099 adna-

159 2125 225 2159 tat
261 2114 318 2158 ad
350 2130 475 2157 suum
509 2131 831 2174 myoparonem.
894 2118 960 2160 Eo
998 2124 1218 2174 receptuS,
1261 2132 1400 2173 quum
1441 2116 1648 2174 proelium

207 2228 391 2265 Antemnoe,
418 2225 452 2257 id
479 2231 541 2264 est,
572 2225 664 2268 ligna
681 2231 869 2258 transversa

161 2271 195 2303 in
212 2281 346 2302 summo
362 2269 466 2308 malo,
493 2270 617 2312 quibus
643 2271 757 2302 velum
783 2271 870 2301 adli-

162 2320 278 2357 gatum
323 2321 385 2352 est,
424 2324 512 2345 nunc
556 2315 590 2345 in
628 2314 741 2346 medio
776 2315 867 2345 malo

162 2360 322 2401 figuntur,
350 2364 383 2389 et
409 2358 457 2389 sic
475 2359 697 2390 demittuntur
713 2359 756 2389 ad
785 2358 870 2389 infe-

163 2404 286 2435 riorem
313 2403 440 2433 locum.
485 2403 578 2434 Idem
603 2414 684 2435 mox
701 2402 734 2434 in
762 2402 868 2433 altera

161 2448 269 2479 classe
285 2446 320 2477 fit
338 2452 421 2485 tum,
445 2457 522 2478 cum
539 2447 689 2479 maxime
707 2446 868 2488 proelium

162 2497 309 2535 paratur.
340 2491 390 2521 M.

209 2537 370 2568 Paratior
382 2550 427 2557 --·
441 2535 575 2567 animis.

161 2579 200 2611 C.
219 2582 250 2619 3,
268 2581 320 2610 85.

210 2625 367 2655 Fortuitae
391 2640 436 2646 —-
465 2623 582 2654 noluit.
635 2622 722 2653 Puto
752 2622 867 2663 legen-

162 2667 267 2699 dum:
284 2667 434 2707 fortuitae
457 2667 663 2698 dimicationi
684 2677 757 2698 rem
780 2677 867 2697 com-

162 2714 292 2743 mittere
321 2712 452 2743 maluit.
492 2711 587 2741 Hanc
617 2709 798 2741 lectionem
816 2720 866 2741 res

162 2755 236 2796 ipsa
253 2754 477 2786 necessariam
494 2754 589 2785 facit.
637 2754 782 2794 Vulgata
798 2754 868 2785 lec-

161 2799 226 2838 tio,
261 2810 379 2840 parem
404 2808 471 2830 esse
493 2798 620 2839 futura?
649 2798 867 2836 dimicationi,

154 2842 304 2884 fortunae
320 2854 392 2875 rem
406 2853 488 2874 com.
505 2843 638 2879 maluit,
653 2848 686 2873 et
704 2841 776 2882 ipsa
790 2841 865 2874 ferri

165 2892 288 2926 potest,
320 2886 382 2919 etsi
416 2895 482 2917 non
513 2885 651 2917 omnino
686 2887 866 2917 commoda

165 2936 234 2963 est:
251 2931 389 2964 codices
399 2931 536 2973 quidem
549 2930 631 2964 illud
637 2929 767 2971 futura?
783 2930 866 2964 dim.

633 2533 688 2565 Cf.
705 2533 746 2565 G.
764 2537 795 2573 8,
817 2536 865 2565 18.

932 2235 998 2257 non
1015 2223 1153 2264 habent,
1179 2224 1238 2256 sed
1257 2224 1410 2266 fortuitae
1425 2225 1505 2256 clim.
1521 2230 1554 2257 et
1570 2236 1639 2257 rur-

935 2281 991 2301 sus
1008 2268 1290 2309 servantfortunae
1305 2282 1314 2300 .·
1339 2270 1406 2300 duo
1422 2279 1489 2300 non
1505 2269 1644 2309 habent,

923 2314 1075 2354 fortuitae
1118 2313 1355 2351 dimicationis,
1404 2314 1462 2344 sed
1491 2313 1642 2354 fortuna?

934 2364 1065 2389 servant
1079 2369 1087 2387 ε
1104 2358 1191 2388 unde
1203 2357 1487 2398 putavi,fort1mae
1497 2368 1570 2388 esse
1589 2357 1640 2387 in·

934 2406 1232 2442 terpretamentum
1233 2401 1384 2442 fortuitae
1397 2402 1616 2433 dimicationi-s
1624 2413 1640 2438 ,-

934 2451 1112 2487 utrumque
1139 2446 1258 2476 saltem
1290 2446 1404 2476 locum
1430 2455 1497 2476 non
1524 2444 1639 2476 habet.

936 2488 1092 2521 Variatur
1119 2489 1223 2521 etiam
1246 2489 1277 2520 in
1305 2490 1428 2521 maluit
1458 2494 1492 2519 et
1518 2490 1636 2520 noluit.

932 2534 969 2565 In
1001 2534 1064 2565 hac
1103 2533 1305 2565 confusione
1337 2532 1520 2564 lectionum
1561 2542 1639 2573 pro-

932 2578 1046 2618 posui,
1063 2577 1145 2618 quid
1162 2577 1245 2608 mihi
1262 2576 1440 2608 verisimili
1455 2575 1635 2607 videretur.

937 2621 1092 2659 Quilibet
1109 2621 1182 2662 ipse
1207 2621 1350 2663 judicet.
1375 2621 1424 2651 M.
1463 2620 1637 2651 Bentleius

930 2665 1035 2697 etiam
1066 2671 1171 2707 putat,
1205 2666 1286 2707 fort.
1317 2665 1466 2696 dimicat.
1510 2674 1583 2695 esse
1613 2673 1634 2695 e

929 2711 1054 2752 glossa.
1068 2721 1088 2742 a
1104 2709 1202 2741 Leid.
1223 2712 1249 2740 1.
1272 2709 1381 2740 abest.

974 2756 1234 2795 Myoparonem.
1266 2753 1397 2784 Nonius
1415 2753 1465 2790 13,
1485 2752 1514 2782 6.
1539 2762 1633 2793 myo-

927 2809 1023 2839 paro.
1040 2797 1196 2829 navicula
1212 2797 1405 2837 piratarum.
1443 2795 1541 2826 Conf.
1555 2795 1631 2827 Cic.

932 2841 1030 2874 Verr.
1062 2844 1091 2881 1,
1124 2844 1175 2872 34.
1222 2840 1356 2872 Sallust.
1387 2840 1506 2881 fragm.
1536 2840 1560 2871 l.
1597 2844 1629 2872 3.

935 2886 1009 2917 Val.
1030 2886 1124 2917 Max.
1150 2888 1181 2923 2,
1198 2887 1229 2923 8,
1247 2889 1276 2916 5.
1315 2886 1430 2916 Senec.
1452 2883 1566 2915 Contr.
1596 2888 1615 2914 2

931 2929 1079 2972 Scaliger
1120 2929 1248 2961 derivat
1287 2939 1307 2959 a
1339 2928 1446 2960 simili
1482 2928 1636 2960 muribus
