1946 3261
648 274 765 320 LIB.
828 275 968 320 CAP.
1000 269 1193 318 35—37.
1573 273 1660 322 497

164 410 337 447 aetatem
357 419 477 448 arma
498 403 614 448 ferre
636 410 857 463 poterant,
892 401 1053 444 habere
1088 410 1221 460 atque
1248 404 1330 447 sub
1361 417 1538 447 manum
1568 404 1665 447 Sci-

165 463 303 521 pionis
323 464 366 506 in
396 473 536 507 castra
566 463 825 506 submittere
855 477 940 505 non
967 461 1236 504 intermittit.
1300 463 1454 522 Legati
1485 463 1661 506 interim

162 538 215 564 ex
234 522 399 581 oppido
420 523 599 570 Tisdrae‚
622 522 665 563 in
688 537 775 579 quo
796 520 932 563 tritici
954 519 1143 561 modium
1166 520 1280 562 milia
1307 522 1429 565 CCC
1461 538 1660 580 compor-

163 588 256 623 tata
285 582 460 623 fuerant
486 597 512 623 a
543 579 888 638 negotiatoribus
916 577 1078 620 Italicis
1101 579 1452 637 aratoribusque‚
1484 580 1541 623 ad
1565 581 1661 624 Cae-

162 654 302 683 sarem
342 655 514 692 venere,
556 645 584 664 ‘⁶
607 646 859 696 quantaque
896 637 1020 695 copia
1059 636 1268 679 frumenti
1306 638 1425 696 apud
1478 656 1522 681 se
1563 640 1662 690 sit‚”

162 697 346 746 docent;
397 698 613 755 simulque
652 705 795 747 orant,
838 704 938 738 “ut
972 694 1053 738 sibi
1085 695 1333 754 praesidium
1373 696 1538 746 mittat,
1572 714 1663 755 quo

163 764 192 782 ‘⁶
217 756 385 799 facilius
406 765 450 799 et
470 756 739 798 frumentum
761 764 806 798 et
825 755 958 814 copiae
979 770 1065 796 suae
1086 756 1441 796 conserventur.”
1487 756 1660 805 Quibus

163 815 311 858 Caesar
338 815 380 858 in
409 814 641 874 praesentia
674 815 835 873 gratias
865 815 957 872 agit
990 821 1020 839 ‘⁶
1041 812 1377 871 praesidiumque
1399 813 1525 857 brevi
1553 822 1661 857 tem-

161 879 192 899 “
216 890 322 932 pore
344 890 386 916 se
408 874 663 917 missurum'‘
686 873 824 922 dixit;
857 873 1192 929 cohortatusque
1210 871 1266 915 ad
1282 888 1380 915 suos
1402 873 1515 915 cives
1529 872 1661 931 jubet

159 932 388 991 proficisci.
454 933 503 975 P.
541 932 676 975 Sitius
708 931 869 983 iterim,
898 947 997 974 cum
1027 930 1163 989 copiis
1198 931 1419 975 Numidiae
1455 931 1558 974 fines
1598 932 1662 974 in-

163 1007 350 1049 gressus,
383 992 624 1041 castellum,
657 991 699 1033 in
736 999 881 1034 monte
910 991 1005 1034 loco
1034 989 1202 1032 munito
1223 989 1432 1040 locatum,
1468 990 1512 1034 in
1539 990 1662 1048 quod

161 1050 191 1093 J
197 1051 283 1093 uba
302 1050 410 1094 belli
430 1050 610 1109 gerendi
631 1050 773 1109 gratia
788 1058 833 1093 et
854 1050 1119 1092 frumentum
1138 1056 1183 1090 et
1203 1063 1270 1091 res
1287 1058 1466 1099 ceteras,
1488 1065 1586 1106 quae
1606 1049 1661 1093 ad

160 1109 329 1153 bellum
361 1110 458 1153 usui
488 1109 628 1153 solent
657 1126 762 1159 esse,
795 1114 1164 1168 comportaverat‚
1194 1107 1239 1151 vi
1269 1108 1560 1167 expugnando
1595 1116 1663 1152 est

163 1169 346 1226 potitus.

221 1228 293 1270 37.
327 1228 472 1270 Caesar
491 1234 724 1286 postquam
744 1224 988 1284 legionibus
1005 1225 1222 1269 veteranis
1238 1225 1423 1276 duabus,
1441 1226 1660 1284 equitatu,

160 1284 335 1344 levique
355 1295 592 1335 armatura,
627 1285 770 1343 copias
789 1301 885 1327 suas
906 1301 958 1327 ex
978 1285 1163 1327 secundo
1192 1293 1434 1327 commeatu
1462 1294 1661 1336 auxerat,

162 1360 293 1387 naves
314 1361 387 1387 sex
407 1345 622 1387 onerarias
643 1344 789 1386 statim
807 1343 934 1400 jubet
957 1343 1200 1402 Lilybaeum
1225 1343 1279 1386 ad
1299 1344 1518 1401 reliquum
1539 1360 1661 1387 exer-

162 1404 297 1447 citum
321 1403 705 1462 transportandum
726 1401 960 1460 proficisci:
1005 1402 1094 1460 ipse
1119 1401 1183 1444 VI
1210 1402 1307 1444 Kal.
1332 1402 1462 1445 Febr.
1486 1402 1664 1446 circiter

161 1463 313 1521 vigilia
337 1463 476 1521 prima
498 1462 702 1520 imperat,
737 1461 1029 1518 speculatores
1057 1460 1416 1519 adparitoresque
1446 1477 1590 1505 omnes
1611 1469 1664 1504 ut

160 1522 242 1565 sibi
268 1529 426 1581 praesto
453 1529 606 1564 essent.
671 1519 842 1577 Itaque,
870 1519 1068 1561 omnibus
1096 1519 1235 1561 insciis
1267 1535 1407 1576 neque
1439 1520 1661 1578 suspican-

164 1581 296 1634 tibus,
316 1580 465 1639 vigilia
482 1580 613 1622 tertia
629 1578 756 1636 jubet
773 1592 918 1620 omnes
932 1578 1119 1635 legiones
1135 1594 1187 1620 ex
1208 1578 1358 1621 castris
1379 1577 1507 1620 educi
1525 1588 1662 1636 atque

164 1655 209 1682 se
232 1638 435 1696 consequi
456 1638 513 1681 ad
534 1636 747 1696 oppidum
770 1636 1018 1694 Ruspinam
1038 1652 1202 1687 versus,
1237 1636 1281 1678 in
1312 1652 1400 1694 quo
1430 1637 1520 1695 ipse
1552 1653 1663 1695 prae-

164 1698 322 1741 sidium
352 1697 524 1746 habuit,
558 1706 602 1739 et
630 1695 748 1753 quod
780 1695 968 1752 primum
999 1694 1055 1737 ad
1086 1694 1322 1737 amicitiam
1348 1695 1440 1753 ejus
1467 1696 1660 1739 accessit.

165 1757 270 1800 Inde
303 1756 532 1814 parvulam
562 1754 887 1814 proclivitatem
912 1753 1143 1811 digressus,
1173 1754 1342 1796 sinistra
1372 1762 1499 1811 parte
1519 1755 1662 1813 campi

165 1823 352 1875 propter
371 1830 490 1857 mare
510 1814 700 1872 legiones
728 1812 865 1854 ducit.
931 1811 1017 1854 Hic
1051 1828 1225 1870 campus
1256 1812 1447 1855 mirabili
1478 1813 1664 1871 planitie

165 1883 289 1933 patet
311 1874 426 1916 milia
446 1888 648 1932 passuum
669 1871 913 1930 quindecim
932 1887 941 1920 3
985 1887 1114 1929 quem
1130 1872 1287 1929 jugum
1309 1871 1474 1929 ingens,
1506 1888 1532 1915 a
1552 1872 1663 1915 mari

166 1942 315 1977 ortum
337 1949 477 1991 neque
498 1932 559 1974 ita
580 1931 826 1990 praealtum,
851 1930 975 1974 velut
1004 1930 1166 1973 theatri
1187 1930 1318 1972 efficit
1344 1931 1543 1988 speciem.
1608 1931 1661 1974 In

165 1992 246 2035 hoc
263 1993 372 2050 jugo
394 1991 524 2035 colles
541 1998 643 2033 sunt
663 1989 819 2032 excelsi
849 1989 1002 2047 pauci;
1044 1990 1088 2031 in
1120 1988 1280 2047 quibus
1308 1988 1487 2046 singulae
1516 1998 1662 2032 turres

164 2051 435 2109 speculaeque
474 2049 656 2107 singulae
694 2055 944 2106 perveteres
984 2056 1108 2090 erant
1155 2047 1419 2090 conlocatae:
1471 2063 1662 2106 quarum

168 2110 288 2168 apud
310 2109 510 2152 ultimam
527 2106 773 2166 praesidium
792 2114 838 2150 et
858 2107 987 2150 statio
1006 2107 1092 2148 fuit
1115 2105 1345 2164 Scipionis.

217 2244 287 2276 Sub
302 2255 452 2284 manum,
469 2248 613 2286 promte,
639 2240 806 2273 celeriter.
834 2239 886 2273 Cf.

176 2287 315 2320 Sueton.
332 2290 418 2331 Aug.
436 2291 491 2320 49.
510 2290 560 2319 M.
595 2286 666 2319 Alii
680 2285 732 2316 hic
746 2290 779 2315 et
793 2285 884 2325 apud

174 2332 311 2364 Sueton.
333 2334 393 2364 sub
418 2343 536 2371 manu,
562 2337 600 2362 ut
619 2330 721 2372 apud.
747 2328 824 2360 Cic.
841 2328 884 2359 ad

173 2376 256 2407 fam.
278 2378 328 2415 10,
345 2378 399 2408 23.
410 2375 618 2419 frequentius
633 2381 744 2406 tamen
760 2372 885 2404 dicitur

173 2421 219 2452 ad
235 2431 391 2452 manum.

227 2464 365 2495 Tisdroe.
398 2463 470 2496 Alii
491 2464 621 2495 Tisdro.
651 2462 703 2493 Μ.

224 2508 269 2539 In
284 2518 363 2549 quo.
406 2507 477 2539 Alii
500 2510 536 2539 in
560 2507 664 2549 quod.
710 2503 798 2536 Dein
823 2514 884 2545 pro

175 2553 322 2584 modium
338 2551 400 2582 alii
414 2552 527 2583 modia
551 2561 613 2592 per
634 2548 886 2590 adpositionem

177 2596 234 2627 vel
252 2595 435 2627 subaudito
461 2596 520 2633 ael,
544 2601 580 2626 ut
595 2594 634 2625 C.
654 2598 686 2633 2,
709 2595 762 2624 18.
819 2592 886 2624 Sed

177 2640 267 2671 istud
282 2640 360 2670 cod.
380 2639 477 2671 Leid.
497 2641 525 2670 1.
539 2645 571 2670 et
589 2638 674 2669 Scal.

223 2684 430 2715 Aratoribus.
466 2682 520 2714 Cf.
536 2693 566 2714 e.
583 2685 636 2713 20.
666 2682 717 2713 M.

226 2729 338 2769 Copioe
366 2737 446 2759 suae.
488 2731 715 2764 commeatus,
746 2722 887 2755 cibaria.

178 2771 221 2803 V.
237 2772 309 2803 Ind.
654 2778 657 2780 ’

224 2817 338 2848 Silius,
382 2814 436 2846 Cf.
449 2824 526 2856 cap.
542 2818 597 2846 25.
624 2814 677 2845 M.

222 2861 407 2891 Castellum
419 2877 463 2882 --
474 2860 619 2891 locatum
630 2875 673 2880 —
683 2862 729 2890 est
752 2860 886 2900 potitus.

175 2903 231 2935 Sic
248 2904 346 2935 codd.
362 2903 444 2934 boni
461 2915 468 2934 :
492 2903 606 2944 vulgo,
621 2904 750 2935 castello
766 2904 886 2942 locato,

176 2958 219 2981 ex
230 2947 469 2981 emendatione
483 2957 549 2980 non
566 2947 770 2980 necessaria.
821 2948 887 2981 Po-

954 2242 1012 2273 tiri
1037 2239 1179 2281 aliquid,
1205 2239 1404 2272 tralatitium
1432 2246 1493 2272 est.
1539 2239 1661 2275 Utrum

948 2287 984 2315 in
999 2290 1117 2322 monte,
1126 2293 1170 2314 an
1181 2285 1217 2315 in
1227 2287 1347 2316 montis
1357 2286 1426 2316 loco
1440 2284 1657 2319 scribendum

950 2328 1007 2366 sit,
1020 2327 1163 2359 dubium
1182 2333 1233 2358 est
1256 2339 1318 2369 per
1331 2328 1481 2368 codices,
1508 2329 1568 2370 qui
1589 2330 1657 2362 fere

949 2377 1076 2403 montes
1099 2371 1238 2403 habent.
1269 2373 1320 2403 M.
1366 2373 1401 2404 In
1425 2374 1565 2414 vulgata
1588 2374 1659 2406 lec-

949 2416 1043 2447 tione
1065 2416 1168 2447 durus
1189 2416 1337 2447 nimium
1353 2422 1403 2448 est
1425 2417 1657 2449 ablativorum

948 2470 1142 2492 concursus.

1002 2505 1030 2535 V
1032 2505 1053 2535 Ι
1068 2505 1151 2536 Kal.
1169 2503 1270 2535 Febr.
1321 2504 1353 2535 Is
1379 2509 1429 2536 est
1452 2510 1565 2536 sextus
1585 2505 1658 2536 No-

949 2548 1099 2580 vembris
1127 2547 1215 2586 dies,
1251 2553 1409 2579 monente
1445 2549 1581 2581 Usserio
1620 2549 1656 2581 in

952 2593 1073 2624 Annal.
1100 2592 1178 2624 loco
1202 2591 1262 2622 cit.
1280 2592 1324 2622 ad
1343 2603 1374 2623 c.
1397 2594 1425 2623 1.
1449 2594 1501 2623 M.
1548 2593 1605 2624 Sic
1622 2599 1657 2625 et

950 2636 1154 2668 Guischard.
1180 2635 1261 2666 Vol.
1279 2640 1309 2666 2.
1327 2647 1362 2677 p.
1380 2638 1455 2666 227.
1481 2636 1608 2668 Verum
1622 2637 1657 2669 in

949 2679 1056 2713 Mem.
1081 2680 1156 2711 crit.
1182 2690 1218 2720 p.
1247 2681 1323 2710 388.
1348 2679 1507 2718 ostendit,
1532 2680 1660 2713 intelli-

946 2726 1092 2766 gendum
1107 2734 1181 2755 esse
1197 2723 1326 2754 XXIX.
1343 2723 1560 2756 Novembris.

996 2770 1184 2801 Parvulam
1196 2769 1454 2808 proclivitatem.
1511 2769 1578 2808 An,
1589 2781 1655 2812 per

945 2824 1045 2856 parv.
1058 2813 1196 2854 proelio.
1209 2812 1225 2841 Β
1250 2810 1300 2841 M.

998 2858 1196 2889 Conlocatae.
1232 2853 1353 2887 Editio
1376 2854 1462 2888 Ven.
1477 2858 1657 2898 praemittit

946 2906 1037 2934 ante.

1413 3005 1487 3038 ΕΚ
