1992 3271
634 164 752 221 LIB.
785 164 822 209 I.
884 166 1022 211 CAP.
1055 168 1128 219 30,
1160 168 1237 211 31²
1625 172 1684 214 23

255 291 327 335 31.
360 291 427 336 Eo
464 292 646 337 concilio
679 293 868 345 dimisso,
902 294 1031 337 iidem
1064 294 1283 354 principes
1320 293 1564 345 civitatum,
1603 296 1683 354 qui

195 359 296 394 ante
317 352 489 395 fuerant
515 353 570 395 ad
593 354 821 404 Caesarem,
843 362 1133 403 reverterunt,
1163 356 1488 413 petieruntque,
1510 355 1577 397 uti
1598 355 1683 398 sibi

197 419 362 453 secreto
392 411 437 454 in
458 412 629 455 occulto
661 412 714 454 de
746 429 822 456 sua
855 412 1134 469 omniumque
1164 413 1302 455 salute
1334 430 1433 456 cum
1469 430 1519 456 eo
1552 429 1682 472 agere

196 469 361 512 liceret.
423 471 489 513 Ea
512 486 559 512 re
591 470 824 528 inpetrata,
853 488 939 514 sese
960 486 1104 514 omnes
1126 470 1273 513 flentes
1296 471 1456 514 Caesari
1477 472 1532 515 ad
1552 473 1683 530 pedes

198 528 496 586 projecerunt:
533 536 561 555 “
581 529 683 571 Non
700 530 840 572 minus
857 547 900 573 se
917 530 961 572 id
978 529 1234 572 contendere
1251 537 1295 571 et
1311 529 1527 581 laborare,
1545 547 1597 573 ne
1615 548 1681 581 ea,

198 594 226 613 ‘⁶
251 603 348 644 quae
368 587 588 636 dixissent,
615 589 965 638 enunciarentur,
1004 604 1135 646 quam
1169 588 1236 630 uti
1270 603 1334 635 ea,
1369 605 1465 645 quae
1503 590 1681 640 vellent,

198 652 227 671 “
250 644 536 703 inpetrarent‚
559 654 795 704 propterea
816 648 949 703 quod,
972 647 1005 689 si
1023 645 1299 688 enunciatum
1320 656 1444 695 esset,
1466 664 1682 691 summum

197 702 294 745 “in
330 703 570 746 cruciatum
606 720 649 746 se
670 713 876 747 venturos
896 705 1135 746 viderent.’'
1196 702 1389 746 Locutus
1422 713 1486 747 est
1516 722 1597 764 pro
1620 707 1683 749 his

199 761 442 805 Divitiacus
485 762 675 805 AEduus:
732 770 760 788 ‘⁶
788 763 943 805 Galliae
987 762 1122 805 totius
1169 761 1374 804 factiones
1419 779 1507 805 esse
1553 764 1680 807 duas:

197 828 226 847 ‘⁶
248 821 403 863 harum
435 821 614 864 alterius
652 821 949 880 principatum
986 830 1132 864 tenere
1166 820 1348 869 AEduos,
1386 821 1565 864 alterius
1601 823 1684 865 Ar-

196 887 225 906 “
249 895 416 923 vernos.
481 880 544 923 Hi
565 896 702 938 quum
723 889 953 939 tantopere
983 880 1035 922 de
1058 888 1292 939 potentatu
1325 879 1439 921 inter
1460 896 1502 922 se
1524 881 1685 924 multos

199 946 228 965 ‘⁶
250 954 381 982 annos
403 939 726 988 contenderent,
745 939 907 982 factum
929 955 1031 989 esse,
1054 939 1119 981 uti
1146 939 1203 981 ab
1224 938 1434 981 Arvernis
1457 940 1686 997 Sequanis-

198 1004 227 1024 “
250 1014 335 1056 que
366 998 573 1040 Germani
605 998 799 1040 mercede
831 1007 1162 1040 arcesserentur.
1227 997 1403 1040 Horum
1434 998 1577 1056 primo
1606 998 1687 1040 cir-

197 1063 227 1083 “
249 1057 356 1099 citer
389 1057 508 1099 milia
539 1057 624 1099 XV
658 1056 859 1100 Rhenum
895 1058 1112 1100 transisse:
1160 1065 1445 1115 posteaquam
1463 1072 1604 1128 ‘agros
1642 1065 1687 1100 et

196 1123 226 1142 “
249 1116 418 1158 cultum
439 1125 483 1159 et
504 1116 649 1174 copias
669 1116 901 1159 Gallorum
921 1116 1111 1159 homines
1134 1115 1213 1157 feri
1235 1131 1282 1157 ac
1299 1115 1477 1157 barbam
1499 1115 1687 1158 adamas-

198 1182 227 1201 “
250 1183 358 1225 sent,
392 1175 664 1218 transductos
687 1175 855 1233 plures:
891 1192 1004 1218 nunc
1033 1192 1119 1217 esse
1153 1175 1196 1216 in
1222 1174 1367 1216 Gallia
1400 1174 1455 1216 ad
1478 1174 1513 1216 C
1538 1182 1582 1216 et
1603 1175 1687 1217 XX

198 1241 228 1260 ‘⁶
251 1234 419 1276 milium
438 1249 686 1276 numerum:
721 1251 820 1277 cum
840 1233 903 1277 his
923 1235 1088 1277 AEduos
1105 1249 1344 1291 eorumque
1366 1232 1541 1275 clientes
1558 1234 1688 1276 semel

199 1300 228 1318 ‘⁶
251 1301 384 1350 atque
431 1293 590 1335 iterum
638 1293 767 1335 armis
812 1293 1101 1342 contendisse;
1154 1308 1355 1350 magnam
1395 1292 1686 1335 calamitatem

200 1358 228 1377 ‘⁶
252 1352 400 1410 pulsos
442 1351 668 1410 accepisse,
712 1368 881 1394 omnem
930 1352 1220 1400 nobilitatem,
1265 1367 1434 1393 omnem
1475 1361 1687 1400 senatum,

198 1417 226 1436 ‘⁶
252 1426 420 1453 omnem
441 1410 685 1468 equitatum
706 1410 903 1452 amisisse.
969 1411 1140 1460 Quibus
1162 1410 1328 1467 proeliis
1349 1409 1670 1452 calamitatibus

199 1476 228 1495 “
251 1486 337 1527 que
358 1469 532 1517 fractos,
566 1469 643 1526 qui
676 1478 720 1511 et
752 1486 828 1511 sua
848 1469 1014 1513 virtute
1037 1478 1081 1511 et
1106 1468 1267 1526 Populi
1290 1468 1475 1510 Romani
1497 1467 1688 1526 hospitio

197 1536 226 1554 “
249 1538 381 1586 atque
403 1527 591 1569 amicitia
612 1528 852 1585 plurimum
874 1537 972 1570 ante
994 1528 1038 1570 in
1063 1527 1208 1568 Gallia
1238 1527 1496 1584 potuissent,
1519 1536 1690 1569 coactos

198 1593 228 1613 “
251 1603 337 1628 esse
373 1586 584 1644 Sequanis
617 1586 784 1628 obsides
815 1586 934 1635 dare,
970 1586 1256 1629 nobilissimos
1278 1585 1482 1632 civitatis,
1505 1594 1548 1626 et
1572 1585 1690 1642 jure-

197 1644 431 1703 “jurando
463 1645 685 1686 civitatem
718 1644 1006 1703 obstringere,
1040 1661 1127 1686 sese
1160 1660 1299 1702 neque
1330 1643 1498 1685 obsides
1531 1644 1691 1701 repeti·

195 1711 224 1730 ‘⁶
248 1713 386 1753 turos,
426 1718 566 1760 neque
603 1703 814 1745 auxilium
854 1719 879 1745 a
923 1703 1096 1762 Populo
1136 1702 1334 1745 Romano
1376 1701 1690 1759 inploraturOS‚

193 1770 221 1789 ‘⁶
246 1779 386 1821 neque
406 1770 694 1810 recusaturos,
714 1778 804 1820 quo
824 1762 964 1805 minus
986 1770 1202 1820 perpetuo
1220 1761 1302 1803 sub
1323 1760 1500 1803 illorum
1528 1760 1693 1803 ditione

196 1830 225 1848 ‘⁶
247 1830 380 1879 atque
422 1820 605 1879 imperio
642 1830 793 1863 essent.
858 1821 1010 1863 Unum
1051 1837 1094 1862 se
1134 1835 1221 1861 esse
1262 1835 1315 1860 ex
1356 1818 1480 1860 omni·
1511 1818 1691 1861 civitate

198 1888 226 1907 “
253 1880 513 1929 AEduorum,
548 1878 624 1938 qui
658 1879 811 1921 adduci
847 1894 933 1921 non
956 1878 1170 1936 potuerit,
1204 1885 1255 1919 ut
1284 1877 1470 1935 juraret,
1492 1886 1569 1920 aut
1591 1894 1689 1920 suos

198 1948 226 1967 ‘⁶
249 1939 409 1983 liberos
442 1937 611 1982 obsides
642 1937 780 1980 daret.
845 1937 919 1980 Ob
951 1953 1045 1980 eam
1078 1952 1169 1979 rem
1191 1952 1234 1978 se
1263 1951 1316 1978 ex
1337 1935 1514 1977 civitate
1537 1937 1687 1993 profu-

199 2007 228 2026 “
251 1999 360 2057 gisse
387 2007 431 2041 et
453 1997 640 2040 Romam
672 1996 727 2040 ad
746 2005 942 2040 senatum
963 1996 1142 2045 venisse,
1165 1994 1376 2037 auxilium
1398 1994 1687 2051 postulatum,

199 2066 227 2084 ‘⁶
251 2058 371 2116 quod
402 2057 518 2099 solus
550 2072 689 2114 neque
718 2055 1000 2114 jurejurando
1033 2071 1174 2112 neque
1204 2053 1426 2096 obsidibus
1448 2061 1686 2096 teneretur.

198 2125 227 2143 ‘⁶
254 2117 341 2159 Sed
373 2116 496 2175 pejus
526 2115 766 2157 victoribus
792 2114 1018 2173 Sequanis,
1054 2128 1187 2172 quam
1223 2111 1375 2155 AEduis
1403 2111 1545 2161 victis,
1580 2113 1688 2154 acci-

199 2184 228 2203 “
250 2175 378 2218 disse:
424 2183 661 2233 propterea
700 2173 820 2231 quod
854 2173 1118 2221 Ariovistus,
1156 2187 1233 2215 rex
1272 2172 1609 2220 Germanorum,
1642 2171 1687 2215 in

198 2243 227 2262 ‘⁶
251 2251 401 2278 eorum
422 2233 580 2276 finibus
600 2233 854 2276 consedisset
882 2232 1144 2289 tertiamque
1167 2238 1337 2289 partem
1358 2229 1453 2287 agri
1477 2230 1686 2287 Sequani,

200 2302 228 2320 ‘⁶
253 2293 329 2352 qui
361 2301 470 2336 esset
502 2292 695 2351 optimus
728 2291 864 2335 totius
888 2291 1060 2340 Galliae,
1094 2289 1391 2349 occupavisset
1423 2296 1467 2330 et
1488 2303 1602 2331 nunc
1635 2289 1689 2332 de

247 2419 447 2452 Fuerantml
460 2419 634 2457 caesarem,
643 2417 666 2450 i.
675 2429 719 2456 e.,
734 2417 824 2459 apud
834 2416 908 2448 Cae-

200 2474 318 2495 sarem.
337 2465 386 2494 M.
411 2462 465 2494 Sic
479 2465 510 2500 3,
525 2466 558 2494 9.
571 2464 615 2495 ad
628 2473 736 2494 omnes
749 2464 907 2493 nationes.

200 2508 335 2538 Terent.
346 2507 469 2538 Heaut.
482 2511 513 2545 5,
523 2511 555 2543 2,
565 2509 617 2538 26.
627 2518 692 2538 esse
702 2506 746 2537 ad
753 2516 906 2537 sororem.

249 2553 373 2582 Secreto
392 2553 428 2582 in
449 2553 579 2583 occulto.
625 2550 679 2582 Sic
695 2550 833 2591 quidem
849 2559 907 2579 co-

199 2594 313 2634 dices3
337 2595 395 2626 sed
419 2595 471 2626 vel
493 2600 622 2633 secreto,
651 2594 704 2626 vel
730 2596 765 2625 in.
788 2595 907 2625 occulto

200 2639 385 2671 tollendum
400 2649 485 2677 esse,
496 2638 572 2680 quis
586 2649 651 2670 non
665 2642 783 2679 sponte
796 2636 908 2668 videt?

202 2684 254 2715 M.
301 2683 340 2713 Τδ
364 2688 479 2714 secreto
507 2683 655 2724 glossam
681 2681 781 2723 sapit.
825 2680 908 2712 Edi-

200 2727 311 2759 tiones
337 2733 405 2758 vet.
430 2726 555 2757 habent
581 2732 696 2758 secreto
723 2731 753 2757 et
775 2726 906 2757 occulto.

200 2771 234 2803 Si
251 2778 363 2803 tamen
375 2776 554 2811 utrumque
566 2771 710 2802 retinere
719 2768 815 2806 velis,
827 2779 906 2800 cum

201 2815 292 2847 Oud.
308 2815 404 2857 prius
428 2816 470 2846 ad
493 2814 658 2852 auditum,
682 2812 850 2855 posterius
863 2813 906 2844 ad

200 2859 313 2892 visum
328 2859 463 2897 referes,
485 2865 522 2890 ut
535 2859 628 2900 apud
642 2858 716 2890 Cic.
731 2857 810 2889 Mil.
826 2868 857 2888 c.
872 2860 904 2888 5.

199 2906 313 2936 tacitas
325 2909 355 2936 et
365 2906 504 2937 occultas
517 2904 733 2936 adsensiones.

249 2949 435 2982 potentatu.
480 2947 555 2981 Liv.
571 2949 625 2985 26,
643 2950 697 2980 38.
719 2947 836 2979 aemulo
845 2957 905 2988 po-

1168 2415 1320 2447 Laetam.
1333 2414 1403 2446 div.
1418 2413 1496 2444 inst.
1512 2416 1543 2451 6,
1561 2415 1685 2488 wilig-

1624 2469 1648 2488 ‘l
1678 2481 1686 2488 .

974 2422 1127 2449 tentatas.

973 2471 1068 2493 ozor-es
1097 2466 1127 2493 et
1157 2465 1342 2502 potentatus
1374 2464 1403 2490 et
1439 2468 1556 2499 reynel.

974 2505 1213 2537 Bunemannus
1226 2504 1268 2535 ad
1286 2503 1437 2534 Laetam.
1462 2503 1513 2532 M.

1018 2550 1179 2581 Mercede.
1222 2547 1276 2578 Cf.
1295 2550 1326 2584 6,
1344 2549 1395 2577 12.
1420 2547 1470 2577 M.

1019 2595 1277 2625 Arcesserenmr.
1291 2592 1338 2623 al.
1351 2591 1596 2623 arcessit-entur.
1627 2589 1683 2620 Sic

975 2641 1006 2676 5,
1027 2639 1058 2669 1]
1071 2661 1078 2668 .
1101 2639 1260 2669 arcessiri.

1022 2683 1136 2723 Copias
1171 2682 1354 2713 Gallorum.
1391 2677 1584 2715 facultates,
1613 2677 1682 2708 fru-

972 2732 1133 2761 mentum,
1155 2731 1220 2755 etc.
1266 2722 1364 2754 Conf.
1381 2726 1413 2752 2.
1433 2723 1485 2752 10.
1501 2723 1534 2760 4,
1549 2725 1582 2753 4.
1613 2721 1681 2753 Ta-

972 2770 1033 2802 cit.
1053 2772 1081 2806 l,
1098 2771 1152 2800 68.
1169 2768 1213 2799 H.
1230 2771 1261 2804 22,
1277 2768 1331 2797 32.
1347 2768 1378 2804 3,
1396 2767 1450 2797 60.

1020 2815 1167 2846 Clientes.
1182 2811 1252 2843 vid.
1269 2811 1336 2842 ind.
1353 2810 1404 2841 M.

1018 2860 1160 2890 Romam
1176 2872 1218 2878 -
1230 2857 1363 2887 venisse.
1405 2852 1482 2885 Cic.
1504 2854 1545 2884 de
1562 2852 1679 2885 Divin.

977 2904 1006 2941 1,
1031 2903 1087 2933 41,
1113 2902 1229 2932 Dacis.
1278 2898 1394 2931 Rediit
1417 2904 1531 2932 autem
1560 2908 1595 2931 re
1627 2897 1661 2932 in

973 2947 1072 2980 fecta.
1098 2946 1141 2979 V.
1156 2943 1243 2978 infra
1258 2945 1290 2983 6,
1309 2945 1360 2975 12.
