1946 3261
638 171 755 216 LIB.
791 170 921 217 VIII.
985 173 1125 217 CAP.
1165 172 1351 218 17-19,
1653 171 1742 215 237

239 314 375 343 unum
398 301 542 345 locum
564 303 846 353 conveniunt,
860 302 979 362 quod
999 303 1261 363 plerumque
1277 301 1555 363 equestribus
1571 301 1742 362 proeliis

236 376 374 427 quum
414 371 602 421 propter
640 363 831 420 aliquem
870 363 1072 406 timorem
1107 365 1282 415 accidit,
1325 373 1422 408 tum
1454 361 1740 406 multitudine

236 435 434 479 lpsorum
453 421 764 464 detrimentum
784 421 1018 481 accipitur.

303 478 369 521 19.
405 481 554 530 Quum
588 481 808 539 dispositis
847 481 1003 524 turmis
1039 481 1084 523 in
1115 480 1256 523 vicem
1288 482 1375 523 rari
1409 481 1740 540 proeliarentur,

237 552 381 595 neque
402 540 459 582 ab
487 539 701 582 lateribus
729 540 1036 584 circumveniri
1065 556 1163 583 suos
1195 546 1473 597 paterentur,
1504 548 1742 599 erumpunt

237 598 387 648 ceteri,
427 598 596 641 Correo
631 599 865 657 proeliante
897 616 951 642 ex
980 598 1112 642 silvis.
1177 598 1252 641 Fit
1276 614 1432 657 magna
1461 600 1742 643 contentione

235 655 458 699 diversum
494 658 715 716 proelium.
781 659 913 708 Quod
941 675 1079 718 quum
1106 657 1274 701 diutius
1312 658 1406 716 pari
1438 658 1587 700 Marte
1612 659 1741 702 inire-

236 724 329 766 tur,
352 716 583 775 paullatim
605 733 658 760 ex
675 717 793 760 silvis
813 719 1024 761 instructa
1046 717 1291 761 multitudo
1308 717 1508 775 procedit
1525 716 1741 774 peditum,

235 791 336 834 quae
353 784 522 819 nostros
543 777 665 835 cogit
679 777 830 820 cedere
849 778 1018 836 equites
1036 793 1046 819 τ
1080 778 1242 835 quibus
1257 777 1459 820 celeriter
1475 777 1744 820 subveniunt

236 835 345 878 levis
364 845 600 879 armatura-3
621 835 806 894 pedites,
837 854 948 896 quos
970 845 1070 881 ante
1089 837 1280 895 legiones
1301 836 1451 879 missos
1469 835 1617 886 docui,
1649 843 1743 878 tur-

237 895 406 954 misque
437 905 688 939 nostrorum
726 896 974 956 interpositi
1001 906 1251 939 constanter
1282 895 1560 955 proeliantur.
1627 894 1746 954 Pug-

237 964 371 998 natur
403 955 674 1014 aliquamdiu
710 957 807 1014 pari
839 957 1145 1000 contentione:
1179 955 1352 1006 deinde,
1377 963 1428 997 ut
1458 954 1571 998 ratio
1592 963 1745 1013 postu-

238 1015 360 1058 labat
365 1016 543 1117 fiproelii,
565 1015 642 1074 qui
665 1015 960 1059 sustinuerant
982 1017 1144 1076 primos
1163 1016 1337 1074 inpetus
1358 1014 1628 1063 insidiarum,
1661 1012 1742 1057 hoc

237 1076 331 1134 ipso
398 1085 477 1118 unt
511 1075 772 1134 superiores,
810 1075 930 1134 quod
963 1077 1132 1119 nullum
1165 1076 1222 1118 ab
1253 1073 1557 1118 insidiantibus
1593 1073 1743 1131 inpru-

237 1135 388 1178 dentes
409 1145 669 1194 acceperant
699 1134 1026 1179 detrimentum.
1092 1134 1323 1178 Accedunt
1354 1133 1536 1192 propius
1566 1132 1742 1176 interim

237 1195 449 1254 legiones,
485 1196 717 1253 crebrique
758 1195 906 1239 eodem
947 1205 1149 1255 tempore
1188 1203 1233 1238 et
1272 1193 1428 1237 nostris
1465 1201 1510 1235 et
1545 1191 1745 1235 hostibus

238 1255 384 1297 nuncii
405 1254 682 1304 adferuntur,
706 1256 1019 1314 imperatorem
1041 1254 1264 1298 instructis
1283 1253 1419 1312 copiis
1439 1252 1598 1295 adesse.
1643 1252 1743 1302 Qua

240 1331 286 1358 re
308 1315 501 1373 cognita,
525 1315 725 1373 praesidio
746 1315 992 1358 cohortium
1014 1315 1161 1358 confisi
1183 1314 1337 1364 nostri,
1359 1312 1572 1355 acerrime
1595 1312 1744 1370 proeli-

237 1383 387 1424 antur,
410 1391 479 1424 ne,
502 1376 535 1417 si
556 1375 727 1417 tardius
751 1391 840 1417 rem
863 1375 1106 1431 gessissent,
1127 1373 1323 1417 vietoriae
1345 1371 1531 1430 gloriam
1553 1386 1744 1414 commu-

239 1434 401 1478 nicasse
428 1451 527 1477 cum
551 1435 796 1493 legionibus
818 1435 1087 1477 viderentur.
1154 1432 1316 1475 Hostes
1337 1430 1574 1474 concidunt
1591 1429 1742 1472 animis

237 1502 372 1552 atque
408 1495 640 1538 itineribus
673 1494 855 1538 diversis
897 1494 1046 1552 fugam
1089 1499 1309 1551 quaerunt.
1397 1489 1738 1548 Nequidquam:

238 1568 337 1596 narn
357 1554 518 1612 quibus
539 1554 873 1597 difficultatibus
902 1554 1100 1596 locorum
1132 1552 1350 1594 Romanos
1371 1549 1573 1592 claudere
1595 1548 1742 1590 volue-

238 1621 355 1664 rant,
396 1613 445 1656 iis
482 1613 562 1672 ipsi
603 1614 896 1657 tenebantur:
939 1613 1043 1655 victi
1077 1620 1221 1653 tamen
1254 1608 1550 1668 perculsique,
1580 1607 1744 1664 majore

237 1682 363 1731 parte
380 1673 547 1723 amissa,
571 1689 660 1731 quo
684 1673 773 1716 fors
795 1673 977 1723 tulerat,
997 1670 1261 1714 consternati
1278 1668 1559 1727 profugiunt,
1579 1667 1743 1725 partim

235 1732 352 1775 silvis
388 1733 552 1792 petitis,
585 1733 746 1791 partim
787 1732 990 1780 flumine;
1039 1731 1114 1789 qui
1147 1739 1290 1772 tamen
1325 1728 1367 1770 in
1397 1726 1504 1785 fuga
1531 1744 1556 1770 a
1585 1727 1744 1768 nostris

237 1792 397 1836 acriter
417 1792 744 1851 insequentibus
764 1791 1078 1836 conficiuntur:
1123 1805 1260 1846 quum
1289 1788 1463 1830 interim
1486 1786 1608 1828 nulla
1628 1785 1743 1828 cala-

238 1853 390 1895 mitate
411 1853 552 1896 victus
576 1852 770 1895 Correus
793 1851 1004 1895 excedere
1027 1849 1184 1909 proelio
1205 1848 1423 1905 silvasque
1445 1854 1614 1904 petere,
1647 1855 1742 1897 aut,

236 1912 525 1955 invitantibus
548 1912 704 1955 nostris
726 1911 782 1954 ad
804 1911 1086 1960 deditionem,
1119 1907 1268 1968 potuit
1296 1905 1470 1955 adduci,
1502 1906 1625 1963 quin,
1655 1904 1743 1947 for-

238 1971 398 2014 tissime
429 1972 672 2030 proeliando
707 1971 1044 2030 compluresque
1077 1967 1362 2016 vulnerando,
1392 1973 1573 2023 cogeret
1604 1963 1742 2007 elatos

240 2031 461 2075 iracundia
483 2031 671 2075 victores
690 2031 733 2075 in
756 2048 799 2074 se
823 2031 911 2075 tela
930 2029 1161 2090 conjicere.

287 2177 385 2212 Quod
394 2188 498 2219 qun-m
510 2177 631 2209 accidit
640 2181 779 2218 propter
791 2177 955 2211 timorem,

241 2221 270 2252 si
286 2222 423 2262 quando
439 2222 497 2253 fiat
521 2221 599 2255 hoc.
615 2227 650 2252 ut
667 2221 781 2262 plures
798 2219 831 2250 in
849 2229 955 2250 unum

239 2266 357 2298 locum
373 2266 587 2305 conveniant,
599 2265 722 2297 timore
731 2263 956 2301 adacti,-—-·.

243 2310 298 2341 Sic
314 2317 404 2342 recte
419 2310 607 2353 explicavit
622 2315 655 2341 et
673 2309 823 2341 defendit
840 2309 957 2340 locum

243 2354 526 2398 Oudendorpius.
556 2356 606 2387 M.

291 2401 410 2432 Correo
422 2403 613 2442 praeliante.
659 2399 753 2431 Male
771 2397 829 2429 hic
854 2396 959 2428 inter·

244 2451 401 2485 pungunt
429 2445 546 2483 vulf-ro.
614 2444 702 2476 Nam
731 2444 838 2481 ceteri,
882 2441 957 2473 scil.

242 2488 377 2529 equites
392 2490 510 2528 nostri,
520 2494 714 2531 erumpunt,
726 2488 806 2519 dum
824 2485 957 2529 primae,

241 2543 317 2574 quae
332 2539 556 2574 accesserant,
568 2539 688 2566 turmae
708 2532 861 2574 inpetum
872 2530 958 2562 Cor-

240 2577 288 2610 rci
306 2577 484 2617 sustinent,
495 2580 684 2620 proelianlis
698 2587 740 2608 eat
754 2578 855 2608 silc-Le.

290 2624 474 2654 Diversum
511 2624 683 2664 proelium,
731 2621 766 2653 in
816 2619 960 2651 diversis

240 2667 357 2708 campi
374 2666 473 2705 locis,
490 2666 628 2708 passim.
658 2665 711 2697 M.

295 2713 377 2744 Victi
401 2717 526 2744 tamen.
572 2711 738 2742 Ciaccon.
762 2708 862 2741 malit
885 2714 962 2741 tan-

243 2756 334 2795 clem,
349 2757 408 2787 sed
429 2762 547 2788 tamen
561 2756 684 2787 eodeni
700 2765 800 2786 sensu
820 2752 960 2793 dicitur,

239 2806 327 2833 teste
344 2801 473 2833 Nonio.

291 2847 516 2888 Percucsique.
554 2844 615 2876 alii
639 2844 857 2887 percussique,
877 2853 960 2886 pro-

241 2892 402 2934 culsique,
416 2891 647 2934 promel-sique.

1071 2175 1166 2206 Fors.
1189 2171 1250 2203 alii
1267 2181 1351 2203 sors.

1072 2221 1186 2253 Quum
1195 2215 1550 2256 {merim—conjicere.
1572 2212 1627 2245 Sic
1638 2211 1745 2255 scrip-

1024 2263 1108 2295 sisse
1123 2268 1311 2300 auctorem,
1326 2270 1395 2292 non
1413 2269 1550 2302 possum
1565 2258 1651 2290 mihi
1665 2269 1742 2300 per-

1026 2308 1187 2339 suadere:
1231 2315 1309 2337 nam
1341 2305 1414 2336 haec
1446 2302 1557 2335 oratio
1590 2312 1657 2335 non
1689 2310 1740 2334 est

1026 2351 1196 2390 intricata,
1211 2351 1269 2382 sed
1282 2349 1491 2392 perturbata.
1522 2347 1616 2386 Quid
1634 2346 1743 2388 scrip-

1025 2396 1119 2435 serit,
1135 2395 1273 2428 nescio:
1291 2393 1460 2436 suspicor,
1476 2392 1522 2424 sic
1540 2392 1605 2433 legi
1619 2402 1740 2433 posse:

1028 2443 1143 2477 Quum
1159 2442 1294 2473 interim
1312 2440 1412 2470 nulla
1427 2439 1622 2469 calamitate
1637 2438 1741 2467 ric-lus

1030 2486 1184 2525 correus,
1201 2490 1238 2517 ut
1252 2485 1358 2524 (hanc
1377 2481 1581 2524 particulam
1597 2480 1741 2520 absorp-

1025 2530 1070 2562 sit
1085 2529 1242 2572 superius
1255 2528 1416 2566 terbum)
1439 2526 1609 2558 err-ederet
1619 2525 1741 2566 proel’ae'o

1023 2577 1194 2616 silv—aeque
1214 2578 1347 2615 peteret,
1374 2569 1593 2602 imitantibus
1619 2571 1741 2600 nostris

1025 2620 1292 2656 atldmlicionem,
1304 2616 1401 2649 haud
1410 2614 1474 2653 (sic
1484 2613 1624 2654 quidam
1637 2613 1726 2644 codd
1734 2637 1742 2643 .

1023 2670 1057 2695 et
1074 2664 1154 2696 edd.
1171 2667 1238 2694 vet.
1257 2671 1318 2703 pro
1335 2662 1414 2697 am)
1431 2659 1578 2700 potuerit
1597 2656 1662 2695 (ita
1683 2667 1741 2688 ne—

1025 2708 1174 2740 cessario
1194 2705 1393 2747 legendum)
1416 2703 1559 2740 adduci,
1575 2701 1742 2743 quin—for-

1021 2755 1143 2786 tissime
1237 2773 1244 2781 .
1286 2750 1336 2781 M.
1405 2748 1513 2779 Nulla
1543 2747 1742 2777 calamitate

1020 2799 1112 2829 valet
1128 2807 1196 2828 non
1208 2795 1283 2826 ulla
1297 2794 1366 2825 cal.
1407 2791 1463 2823 Sic
1476 2790 1545 2822 alia
1559 2790 1742 2832 negatione

1021 2852 1088 2874 non
1114 2846 1165 2871 est
1191 2849 1290 2882 opuS.
1311 2842 1425 2881 petere
1447 2835 1575 2868 adduci
1597 2834 1618 2868 i.
1634 2846 1664 2867 e.
1695 2835 1743 2866 cul

1015 2886 1212 2929 petendum.
