1946 3261
297 184 385 228 508
518 187 574 228 A.
610 183 812 228 HIRTII
846 183 928 226 DE
961 182 1165 226 BELLO
1198 185 1528 230 AFRICANO

290 310 494 369 jumentis
514 309 824 375 occupavisset,
859 323 997 366 neque
1030 308 1209 351 militem
1237 323 1370 351 unum
1396 300 1453 352 ab
1477 309 1623 353 Sicilia
1642 319 1782 355 sustu-

294 370 424 417 lisset,
456 377 632 426 postero
660 366 729 409 die
762 366 817 409 de
838 383 945 425 sugg
949 375 1059 418 estu,
1093 368 1333 409 convocatis
1356 368 1544 410 omnium
1565 369 1780 435 legionum

294 427 496 469 Tribunis
519 426 958 492 Centurionibusque,
992 433 1020 451 ‘⁶
1043 426 1233 468 Maxime
1256 426 1454 475 vellem,”
1476 427 1634 485 inquit,
1659 436 1686 454 ‘⁶
1706 428 1780 471 ho-

294 492 323 510 ‘⁶
347 485 479 526 mines
501 501 586 528 suae
608 484 860 542 petulantiae
892 484 1118 541 nimiaeque
1151 484 1260 526 liber
1265 484 1364 526 tatis
1392 484 1626 541 aliquando
1654 485 1781 529 finem

293 549 322 568 ‘⁶
346 542 560 594 fecissent,
594 559 784 600 meaeque
807 543 1009 594 lenitatis,
1044 541 1276 609 modestiae,
1309 543 1618 609 patientiaeque
1651 545 1780 587 ratio-

292 607 439 643 “nem
476 602 737 645 habuissent
804 601 890 643 Sed
931 601 1135 658 quoniam
1173 601 1252 659 ipsi
1289 601 1368 643 sibi
1405 617 1545 659 neque
1585 602 1779 654 modum,

291 666 321 684 ‘⁶
344 675 483 716 neque
526 660 758 703 terminum
800 660 1090 708 constituunt3
1139 675 1227 716 quo
1265 659 1398 702 ceteri
1434 660 1696 703 dissimiliter
1736 678 1780 703 se

290 724 320 744 ⁶⁶
344 733 422 775 ger
425 727 514 769 ant,
537 727 707 777 egomet
727 719 817 776 ipse
840 694 1148 760 documentum
1169 734 1288 761 more
1307 718 1484 761 militari
1503 721 1777 762 constituam.

290 783 320 802 ⁶⁶
346 777 398 818 G.
431 751 613 826 Aviene,
649 777 766 834 quod
806 792 849 818 111
882 777 1010 818 Italia
1041 777 1195 819 milites
1233 777 1389 834 Populi
1412 777 1596 843 Romani
1630 787 1782 820 contra

290 841 321 861 ⁶⁶
345 834 678 894 Rempublicam
708 835 935 893 instigasti,
969 836 1227 893 iapinasque
1259 851 1338 892 pei
1360 835 1593 892 municipia
1617 836 1778 885 fecisti;

290 900 320 920 ‘⁶
343 895 547 951 quodque
568 894 670 936 mihi
693 909 841 951 reique
864 894 1047 951 publicae
1069 894 1232 935 inutilis
1251 893 1386 942 fuisti,
1404 902 1447 935 et
1470 909 1551 959 pro
1568 894 1779 936 militibus

289 959 320 978 ‘⁶
345 960 466 994 tuam
507 953 717 995 familiam
752 953 1035 1010 jumentaque
1077 952 1119 993 in
1155 967 1282 994 naves
1320 951 1566 1018 inposuisti3
1617 959 1780 1009 tuaque

288 1018 318 1036 ‘⁶
343 1027 476 1068 opera
507 1011 717 1054 militibus
744 1020 941 1077 tempore
974 1011 1207 1053 necessario
1237 1009 1503 1068 Respublica
1535 1018 1675 1059 caret;
1718 1010 1777 1053 ob

289 1073 411 1111 “eas
447 1086 514 1112 res
548 1069 791 1127 ignominiae
831 1085 975 1111 caussa
1017 1070 1073 1111 ab
1109 1069 1302 1111 exercitu
1345 1084 1440 1111 meo
1478 1076 1523 1110 te
1560 1084 1776 1118 removeo,

287 1134 317 1154 ⁶⁶
341 1127 556 1185 hodieque
589 1144 641 1169 ex
664 1127 813 1169 Africa
834 1128 998 1177 abesse,
1031 1135 1092 1177 et,
1127 1135 1339 1183 quantum
1371 1134 1532 1184 potest,
1567 1126 1779 1185 proficisci

287 1193 319 1212 ⁶⁶
338 1187 485 1244 iubeo.
551 1185 748 1242 Itemque
783 1194 842 1235 te,
883 1187 938 1228 A.
972 1186 1143 1235 Fontei,
1178 1186 1293 1242 quod
1331 1185 1552 1227 T1ibunus
1586 1185 1776 1227 militum

288 1251 317 1270 ‘⁶
338 1235 565 1286 seditiosus
598 1244 821 1301 malusque
855 1245 957 1287 civis
990 1244 1125 1293 fuisti,
1158 1245 1213 1286 ab
1242 1244 1436 1286 exercitu
1468 1243 1657 1285 dimitto.
1719 1243 1773 1286 T.

287 1310 318 1330 ‘⁶
344 1303 529 1351 Saliene,
565 1302 630 1344 Μ.
656 1302 775 1355 Tiro,
808 1303 860 1345 C.
889 1303 1099 1351 Clusinas‚
1132 1318 1283 1368 quum,
1317 1301 1524 1343 ordines
1515 1317 1558 1343 111
1585 1316 1680 1343 meo
1703 1318 1774 1344 ex-

285 1368 316 1388 ‘⁶
340 1361 479 1403 ercitu
501 1360 706 1403 beneficio
728 1376 814 1403 non
835 1361 999 1403 virtute
1022 1361 1256 1409 consecuti,
1292 1360 1352 1402 ita
1372 1375 1447 1402 vos
1468 1359 1698 1426 gesseritis,
1724 1368 1776 1403 ut

284 1427 315 1445 “
339 1435 497 1486 neque·
508 1419 627 1461 bello
662 1419 729 1461 for
734 1428 811 1467 tes,
845 1434 985 1475 neque
1006 1435 1110 1477 pace
1133 1419 1234 1461 boni
1267 1427 1345 1460 aut
1367 1418 1494 1460 utiles
1514 1417 1700 1467 fueritis,
1731 1428 1776 1462 et

282 1485 313 1504 ‘⁶
337 1478 470 1535 magis
488 1477 531 1518 in
547 1477 752 1520 seditione
771 1477 1120 1544 concitandisque
1137 1477 1346 1520 militibus
1363 1477 1564 1519 adversus
1582 1485 1698 1519 vestr
1702 1493 1775 1521 um

282 1543 313 1562 ‘⁶
339 1536 671 1602 Imperatorem,
702 1552 833 1593 quam
866 1536 1044 1594 pudoris
1077 1535 1382 1593 modestiaeque
1416 1535 1581 1578 fueritis
1613 1535 1774 1578 studio-

283 1602 314 1622 ⁶⁶
338 1610 490 1643 Siores3
538 1594 732 1652 indignos
771 1611 846 1637 vos
884 1612 971 1637 esse
1014 1595 1220 1645 subur-01,
1263 1595 1338 1651 qui
1377 1594 1418 1636 in
1453 1609 1549 1637 meo
1580 1594 1772 1638 exercitu

283 1661 315 1681 ‘⁶
340 1653 506 1695 oidines
527 1652 707 1701 ducatis,
730 1653 963 1710 missosque
986 1654 1109 1700 facio,
1132 1662 1192 1702 et,
1215 1661 1426 1711 quantum
1448 1660 1610 1710 potest,
1627 1653 1772 1696 abesse

283 1720 313 1740 ‘⁶
335 1727 389 1754 ex
411 1711 561 1753 Africa
577 1711 724 1768 jubeo.
732 1713 754 1728 ’⁹
815 1711 969 1769 Itaque
992 1711 1222 1754 transdidit
1245 1728 1315 1755 eos
1334 1711 1692 1777 Centurionibus:
1727 1718 1772 1753 et

283 1769 460 1828 singulis
490 1785 574 1811 non
595 1769 779 1827 amplius
801 1771 991 1828 singulos
1013 1770 1184 1814 additos
1211 1786 1354 1813 servos
1385 1769 1428 1811 in
1450 1770 1549 1812 navi
1569 1769 1771 1827 inponen-

281 1829 358 1872 dos
378 1827 609 1886 separatim
629 1845 760 1871 curav
765 1828 813 1871 it.

1113 1932 1260 1962 Saliene.
1307 1930 1360 1961 Cf.
1379 1940 1408 1961 0.
1425 1932 1479 1961 28.
1503 1931 1554 1961 M.

1113 1976 1156 2005 In
1183 1986 1254 2006 meo
1286 1984 1390 2005 emere.
1419 1974 1524 2014 benes-
1578 1973 1703 2005 Forsan
1731 1975 1770 2006 in

1066 2021 1221 2055 exercitu,
1236 2029 1304 2049 meo
1321 2019 1484 2056 beneficio.

279 1931 380 1962 codd.
396 1929 602 1961 addicerent.
648 1930 794 1963 Bentlei.
814 1931 883 1972 jam
903 1941 984 1961 con-

276 1975 432 2016 jectarat.

327 2020 376 2049 Ab
396 2020 511 2050 Sicilia
526 2020 722 2057 sustulisset,
746 2018 910 2060 inpositos
928 2029 986 2050 na-

280 2060 380 2093 vibus
401 2062 605 2094 deduxisset.
629 2062 679 2093 M.

328 2107 368 2136 Se
383 2112 512 2147 gerant.
558 2106 635 2137 Hoc
660 2115 693 2137 se
717 2116 736 2137 a
760 2105 861 2137 bonis
884 2107 983 2137 codd.

280 2147 399 2179 abesse
424 2155 560 2180 testatur
584 2149 774 2181 Gronovius
791 2150 934 2182 Observ.
953 2154 985 2189 4,

283 2194 335 2224 14.
383 2193 445 2223 Sed
463 2193 522 2223 alii
540 2193 623 2223 boni
639 2199 781 2224 servant.

329 2238 365 2268 C.
394 2237 527 2267 Aniene.
576 2236 652 2267 Vet-
677 2238 754 2267 edd.
779 2238 984 2277 praemittunt

282 2281 504 2321 Quapropter.

324 2325 399 2355 Mil.
415 2325 456 2356 P.
472 2325 515 2355 R.
529 2329 643 2356 contra
660 2325 774 2365 Remp.
809 2326 859 2356 Ex
871 2330 981 2356 mente

278 2367 378 2398 Gron.
405 2367 428 2398 l.
455 2378 486 2399 0.
513 2367 578 2409 legi
596 2373 709 2408 posset
723 2370 840 2400 milites
870 2375 983 2400 contra

279 2412 322 2442 R.
342 2413 384 2443 P.
404 2413 446 2443 R.
491 2411 554 2442 Sed
578 2418 613 2442 et
640 2411 729 2442 vell.
754 2416 786 2451 2,
817 2414 854 2443 16
880 2413 982 2444 habet

275 2457 433 2487 exercitus
451 2456 490 2487 P.
508 2457 549 2486 R.

322 2500 467 2530 Inutilis.
502 2499 557 2530 Sic
571 2510 631 2540 pro
643 2501 738 2531 nomio
749 2499 882 2530 Terent.
895 2501 978 2531 And.

279 2544 309 2581 1,
327 2547 357 2581 5,
375 2547 428 2573 52.
453 2541 556 2574 Ovid.
569 2544 654 2574 Met.
676 2546 724 2581 13,
738 2546 791 2575 38.
815 2544 930 2584 Nepos
947 2548 978 2583 2,

274 2588 307 2618 7.
353 2586 405 2617 Cf.
423 2585 606 2628 Scioppius
625 2587 782 2618 Verisim.
803 2589 831 2625 1,
847 2590 901 2618 20.

325 2631 465 2671 Tuaque
480 2642 591 2672 opera,
616 2641 674 2672 per
698 2631 743 2670 id,
767 2631 857 2671 quod
880 2636 913 2661 tu
930 2631 977 2661 fe-

274 2673 364 2704 cisti.
397 2675 495 2705 Hunc
513 2685 647 2706 sensum
661 2675 719 2716 qui
732 2684 798 2706 non
814 2674 978 2711 viderant,

272 2727 352 2747 mox
391 2719 615 2759 ‘'militibus-que
656 2719 842 2757 ediderunt,
880 2718 974 2759 quasi

273 2760 486 2800 Respublica
499 2762 664 2793 diceretur
672 2763 818 2794 caruisse
827 2768 860 2793 et
869 2772 974 2803 opera

271 2805 449 2845 studioque
466 2806 587 2837 Avieni
602 2812 634 2837 et
650 2807 827 2838 militibus.
851 2806 900 2836 M.

320 2849 486 2888 ontest.
532 2849 600 2881 Alii
620 2856 722 2891 potes.
770 2851 857 2881 Oud.
876 2849 973 2881 malit

264 2895 354 2932 pote,
384 2897 420 2923 ut
446 2903 502 2936 ap.
531 2894 728 2934 Varronem,
758 2893 969 2934 Ciceronem,

267 2939 398 2978 poetas.

1113 2063 1276 2094 Adi-ersus
1321 2067 1466 2092 restrum
1518 2062 1770 2103 Imperatorem.

1066 2105 1133 2136 nic
1151 2111 1230 2146 puto
1247 2104 1413 2136 excidisse
1429 2105 1567 2137 verbum
1579 2107 1768 2137 elaborat-e-

1064 2152 1150 2187 ritis,
1164 2155 1218 2180 aut
1238 2149 1347 2179 simile
1363 2148 1454 2189 quid.
1493 2149 1552 2180 Est
1565 2155 1675 2180 autem
1692 2160 1767 2181 con-

1064 2194 1268 2234 cilamle'sque
1293 2194 1451 2224 militibus
1477 2193 1644 2234 scriptura
1666 2193 1766 2224 codd.

1064 2237 1228 2274 onmium,
1252 2237 1315 2267 etsi
1331 2237 1464 2277 vulgata
1488 2236 1588 2267 lectio
1605 2242 1673 2267 erat
1688 2247 1767 2268 con-

1063 2282 1191 2312 citandi
1215 2282 1343 2312 militet.
1390 2280 1492 2311 Porro
1517 2281 1675 2312 adt-ersus
1698 2291 1765 2311 ves-

1062 2329 1152 2356 trum
1181 2330 1231 2355 est
1260 2334 1278 2354 e
1310 2323 1486 2354 Ciacconii
1523 2323 1765 2363 emendatione,

1060 2374 1140 2399 ante
1162 2378 1260 2408 quem
1284 2369 1551 2399 adt-*msaviorum
1574 2373 1763 2414 immori-rm

1061 2417 1284 2443 s.1estr07mn
1303 2411 1486 2451 legebatur.
1503 2412 1552 2442 Μ.
1584 2411 1659 2442 Non
1675 2401 1762 2452 opus

1060 2455 1217 2496 subpleto
1242 2438 1357 2493 vilerbo
1381 2461 1417 2486 ut
1441 2455 1598 2486 fulciatur
1621 2457 1656 2486 in
1678 2455 1763 2486 sedi-

1059 2502 1144 2530 tione
1167 2479 1418 2538 (concitanda);
1450 2497 1614 2539 siquidem
1642 2504 1675 2529 et
1700 2499 1761 2529 Pe-

1060 2543 1189 2574 tronius
1217 2554 1246 2574 c.
1273 2547 1326 2574 52.
1354 2543 1517 2574 studiosus
1546 2545 1582 2573 in
1611 2547 1760 2583 arqento.

1058 2586 1169 2617 Bentl.
1185 2587 1266 2618 velit
1286 2593 1315 2619 et
1331 2587 1499 2618 seditionis
1514 2586 1759 2627 comitandique

1058 2632 1181 2662 militis.

1104 2676 1224 2709 Quam.
1239 2679 1349 2715 potest.
1394 2674 1459 2705 Hic
1487 2684 1600 2705 rursus
1623 2670 1683 2702 alii
1697 2681 1756 2712 po-

1057 2720 1155 2749 testi&
1203 2716 1290 2748 Oud.
1306 2717 1402 2749 malit
1413 2723 1498 2759 pote.

1102 2763 1254 2802 Sinyulis
1268 2772 1335 2793 non
1351 2774 1383 2793 a.
1398 2763 1558 2801 sinqulos.
1604 2758 1674 2790 Alii
1690 2760 1757 2789 sin-

1053 2806 1146 2845 yulm
1162 2807 1405 2846 n.a.sinq11lis
1421 2806 1547 2837 additis
1559 2805 1672 2835 sertis.

1100 2850 1144 2880 1η
1160 2851 1250 2880 nar-i.
1281 2849 1334 2880 Sic
1354 2849 1451 2880 codd.
1465 2849 1517 2879 vel
1533 2857 1630 2878 παι-,ε
1663 2844 1755 2876 Mihi

1053 2891 1185 2926 videtur
1199 2892 1324 2926 lineola
1338 2903 1440 2936 supra
1452 2903 1471 2925 v
1475 2892 1606 2926 ocalem
1618 2888 1753 2923 omissa.
