1946 3261
100 390 130 411 “
153 394 282 436 esset;
315 386 413 444 quis
433 386 585 430 deinde
604 396 703 445 post
720 388 774 429 L.
796 386 1048 436 Lentulum,
1068 387 1120 429 C.
1143 386 1403 430 Marcellum
1421 387 1585 431 Consul

101 450 129 470 ‘⁶
154 453 284 493 esset;
318 454 460 489 tamen
482 463 526 489 se
547 446 780 489 concedere
812 446 857 488 id
890 446 1052 488 factum
1082 445 1375 502 superioribus
1402 447 1487 489 suis
1508 447 1583 489 be—

97 510 126 529 “
149 503 324 553 neficiis,
353 505 490 547 veteri
522 504 709 563 hospitio
742 512 874 562 atque
902 503 1115 553 amicitiae,
1145 503 1348 561 dignitati
1377 506 1582 563 aetatique

96 569 125 588 ‘⁶
148 561 345 612 hominis,
373 563 573 620 precibus
594 579 758 615 eorum,
783 564 860 621 qui
880 562 1134 620 frequenter
1155 562 1468 605 concurrissent
1487 564 1585 607 hos-

96 627 126 646 “
149 621 262 678 pites
293 630 424 677 atque
457 621 580 663 amici
614 622 810 664 Deiotari
845 621 901 664 ad
932 619 1279 679 deprecandum;
1323 620 1378 661 de
1411 630 1582 665 contro-

93 686 122 705 “
144 679 289 722 versiis
325 679 666 722 Tetrarcharum
702 688 854 736 postea
894 695 938 722 se
979 679 1259 738 cogniturum
1294 680 1407 720 esse’'
1445 679 1580 723 dixit:

93 736 281 794 Regium
312 737 517 780 vestitum
550 738 589 780 ei
621 739 829 781 restituit.
908 738 1143 797 Legionem
1172 744 1337 786 autem,
1369 753 1501 793 quam
1529 755 1582 781 ex

91 810 249 853 genere
269 795 428 838 civium
456 812 633 839 suorum
657 796 892 851 Deiotarus
913 805 1135 839 armatura
1154 795 1467 854 disciplinaque
1487 811 1582 838 nos-

91 862 161 896 tra
191 854 470 898 constitutam
506 855 714 906 habebat,
746 856 1077 914 equitatumque
1117 870 1284 898 omnem
1323 853 1379 897 ad
1416 854 1581 898 bellum

89 913 326 969 gerendum
344 913 560 957 adducere
578 914 718 972 jussit.

150 970 221 1014 69.
256 972 403 1021 Quum
434 972 477 1015 in
502 973 692 1016 Pontum
720 973 902 1016 venisset
935 972 1170 1031 copiasque
1198 987 1341 1015 omnes
1372 971 1416 1014 in
1444 988 1582 1017 unum

88 1028 233 1072 locum
268 1032 492 1089 coegisset,
525 1047 624 1088 quae
645 1047 824 1075 numero
859 1040 990 1089 atque
1023 1031 1330 1074 exercitatione
1361 1031 1582 1075 bellorum

90 1089 323 1132 mediocres
353 1099 495 1141 erant,
533 1091 733 1149 (excepta
764 1091 876 1134 enim
913 1090 1082 1148 legione
1114 1098 1249 1141 sexta,
1283 1106 1417 1147 quam
1437 1087 1582 1134 sec'um

87 1146 332 1191 adduxerat
354 1149 623 1192 Alexandria
645 1158 908 1200 veteranam,
939 1149 1089 1192 multis
1109 1149 1332 1191 laboribus
1355 1149 1580 1208 periculis-

86 1221 172 1263 que
193 1207 403 1259 functam,
425 1209 660 1266 multisque
681 1209 891 1251 militibus
914 1209 1075 1266 partim
1097 1207 1356 1250 difficultate
1376 1208 1582 1252 itinerum

85 1280 135 1307 ac
152 1266 493 1323 navigationum,
513 1267 673 1325 partim
686 1267 921 1311 crebritate
939 1267 1155 1310 bellorum
1170 1266 1278 1309 adeo
1293 1267 1580 1318 deminutam,

88 1332 139 1366 ut
170 1325 308 1367 minus
334 1326 434 1368 mile
462 1325 683 1369 hominum
712 1327 756 1370 in
784 1342 835 1368 ea
864 1334 995 1375 esset;
1036 1325 1216 1383 reliquae
1248 1334 1374 1368 erant
1405 1334 1492 1369 tres
1521 1327 1580 1369 le-

89 1382 252 1439 giones,
284 1399 369 1426 una
392 1385 603 1434 Deiotari,
635 1384 746 1437 duae,
778 1401 875 1442 quae
895 1384 938 1426 in
961 1400 1012 1426 eo
1034 1384 1206 1441 proelio,
1238 1385 1359 1442 quod
1382 1385 1463 1427 Cn.
1489 1386 1580 1428 Do-

87 1441 259 1485 mitium
292 1442 440 1486 fecisse
471 1459 568 1486 cum
599 1442 820 1486 Pharnace
850 1442 1109 1501 scripsimus,
1139 1442 1352 1499 fuerant,)
1382 1443 1532 1500 legati,
1555 1460 1581 1486 a

91 1499 311 1543 Pharnace
333 1501 462 1553 missi,
488 1503 701 1545 Caesarem
722 1501 886 1544 adeunt
906 1510 1040 1559 atque
1057 1501 1250 1559 inprimis
1267 1501 1579 1559 deprecantur,

88 1564 118 1583 “
142 1574 193 1601 ne
214 1560 306 1617 ejus
325 1560 536 1603 adventus
558 1561 724 1603 hostilis
745 1568 873 1602 esset:
908 1560 1128 1602 facturum
1150 1559 1262 1601 enim
1283 1560 1423 1602 omnia
1443 1561 1579 1604 Phar-

85 1624 117 1643 “
139 1633 304 1668 nacem,
322 1633 418 1674 quae
435 1619 646 1677 imperata
661 1620 848 1667 essent;'’
878 1619 1145 1675 maximeque
1162 1619 1579 1671 commemorabant,

87 1682 116 1700 “
140 1676 260 1718 nulla
299 1677 563 1720 Pharnacem
597 1678 755 1720 auxilia
791 1685 943 1720 contra
976 1678 1189 1719 Caesarem
1228 1675 1435 1733 Pompeio
1468 1677 1577 1720 dare
1630 1711 1632 1713 >

86 1740 116 1759 “
140 1734 345 1784 voluisse;
387 1752 524 1794 quum
564 1736 812 1786 Deiotarus,
849 1736 923 1794 qui
960 1735 1165 1785 dedisset,
1203 1742 1346 1777 tamen
1384 1736 1425 1778 ei
1458 1737 1579 1779 satis-

85 1800 119 1848 “‚
140 1793 353 1836 fecisset.’'

140 1852 211 1894 70.
247 1853 392 1896 Caesar
424 1853 665 1912 respondit,
702 1860 791 1897 “se
813 1854 906 1896 fore
941 1852 1227 1910 aequissimum
1262 1852 1493 1902 Pharnaci,
1526 1854 1577 1905 si,

83 1916 113 1935 “
137 1926 235 1968 quae
262 1913 559 1969 polliceretur,
584 1921 971 1971 repraesentaturus
993 1913 1148 1954 esset.⁷‘
1212 1910 1389 1954 Monuit
1410 1919 1573 1964 autem,

85 1978 135 2011 ut
165 1970 349 2021 solebat,
382 1971 561 2014 mitibus
589 1972 731 2014 verbis
759 1972 940 2029 legatos,
975 1977 1004 1995 ‘⁴
1024 1985 1076 2012 ne
1105 1979 1181 2012 aut
1206 1970 1466 2012 Deiotarum
1494 1971 1576 2013 sibi

85 2033 115 2052 ‘⁶
140 2029 394 2087 objicerent,
418 2038 496 2071 aut
516 2030 638 2072 nimis
658 2046 708 2073 eo
731 2030 1021 2088 gloriarentur
1037 2028 1261 2078 beneficio,
1282 2027 1400 2085 quod
1416 2029 1578 2072 auxilia

85 2092 113 2112 “
141 2086 347 2145 Pompeio
364 2102 449 2130 non
465 2088 692 2131 misissent:
727 2104 825 2131 nam
848 2105 890 2130 se
910 2104 1051 2145 neque
1069 2087 1271 2129 libentius
1287 2088 1429 2128 facere
1445 2087 1574 2144 quid-

84 2149 114 2171 “
138 2160 285 2202 quam,
317 2162 450 2204 quam
487 2146 755 2204 subplicibus
791 2149 1030 2205 ignoscere;
1073 2161 1212 2203 neque
1249 2146 1573 2203 provinciarum

83 2209 113 2228 “
137 2204 333 2261 publicas
355 2205 530 2262 injurias
558 2205 800 2248 condonare
822 2206 870 2248 iis
892 2222 1028 2263 posse,
1051 2204 1128 2262 qui
1148 2204 1328 2247 fuissent
1349 2204 1392 2246 in
1413 2221 1457 2247 se
1479 2206 1570 2248 offi—

82 2269 112 2289 “
135 2262 256 2307 ciosi:
302 2263 347 2306 id
386 2264 544 2322 ipsum,
584 2264 702 2322 quod
745 2271 1160 2314 commemorassent,
1197 2263 1387 2306 officium
1420 2264 1573 2306 utilius

905 2432 1015 2465 Quam.
1052 2439 1116 2462 sec.
1152 2430 1284 2462 adduoe.
1329 2430 1428 2462 Conf.
1456 2441 1486 2462 c.
1516 2433 1570 2463 33.

861 2476 1042 2506 CeHw-ius.

80 2429 201 2461 Fuerat
227 2430 319 2462 enim
344 2440 452 2472 nuper
477 2431 603 2472 duplex
628 2430 769 2462 Senatus
778 2442 788 2469 ;

81 2484 167 2506 unus
189 2475 282 2516 apud
307 2475 522 2515 Pompeium,
548 2475 632 2506 alter
655 2475 789 2513 Romae,

81 2517 206 2550 Caesari
224 2518 348 2549 favens.
373 2520 423 2549 M.

130 2563 263 2594 Consul.
307 2562 352 2593 Et
367 2562 423 2593 hic
439 2568 512 2594 erat
525 2562 650 2594 Caesar.
675 2563 725 2594 M.

132 2607 264 2638 Tamen
286 2615 330 2637 se.
376 2606 470 2638 Male
495 2606 552 2637 hic
580 2606 790 2648 praeponitur

80 2650 148 2688 sed,
163 2655 271 2681 ortum
296 2660 315 2680 e
339 2651 550 2690 praecedente
564 2657 653 2683 esset.
698 2651 788 2682 Boni

82 2694 182 2725 codd.
199 2693 370 2725 omittunt.

130 2739 206 2769 Suis
220 2739 394 2777 bemfieiis.
437 2739 489 2769 An
504 2740 570 2770 suis
586 2739 766 2769 delendum
779 2739 789 2769 ?

83 2779 118 2811 Si
141 2782 182 2813 ad
207 2782 405 2813 Deiotarum
431 2782 605 2820 referatur,
631 2783 672 2813 ad
687 2793 789 2824 quem

80 2824 290 2856 referendum
305 2831 367 2864 est,
382 2825 528 2857 debebat
542 2836 616 2856 esse
630 2829 712 2867 eJus.
738 2827 789 2858 M.

127 2868 308 2912 Leqionem
346 2875 472 2903 autem.
530 2870 617 2902 Add.
655 2881 733 2902 eam
770 2881 790 2901 e

80 2913 181 2944 codd.
211 2914 262 2945 M.

129 2958 347 2992 Constitucam
361 2958 518 2993 habebat.
551 2958 605 2992 Cf.
622 2968 654 2991 c.
667 2959 720 2991 34.
738 2958 789 2991 M.

905 2520 1107 2549 Hominum.
1155 2517 1225 2549 Alii
1240 2519 1437 2551 hominibus.

904 2564 1118 2603 Scripsimm.
1136 2573 1213 2603 cap.
1229 2565 1284 2593 40.
1306 2563 1354 2593 M.

903 2607 1108 2648 Reproesent.
1146 2607 1215 2637 vid.
1245 2607 1316 2637 Ind.
1349 2605 1396 2635 M.
1447 2604 1500 2635 Cf.
1532 2611 1566 2636 et

857 2650 948 2681 Curt.
964 2652 997 2688 6,
1016 2652 1065 2688 ll,
1082 2652 1137 2682 33.
1158 2649 1294 2681 Phaedri
1310 2649 1380 2680 fab.
1395 2650 1425 2685 3,
1440 2652 1470 2686 9,
1491 2651 1540 2679 32.

904 2694 981 2726 Non
997 2693 1140 2734 fuissent
1159 2696 1196 2725 in
1214 2704 1246 2724 se
1264 2691 1317 2732 off.
1364 2692 1566 2723 Particulam

858 2747 935 2776 non,
965 2737 1029 2768 etsi
1060 2738 1159 2768 codd.
1189 2741 1330 2774 servant,
1360 2735 1565 2776 superfluam

858 2792 942 2819 esse,
969 2786 1177 2822 agnoverunt
1208 2782 1406 2820 interpretes
1436 2789 1565 2811 omnes.

859 2824 929 2863 Qui
953 2824 986 2856 in
1002 2825 1167 2856 Caesarem
1191 2824 1363 2855 officiosus
1386 2823 1463 2861 fuit,
1485 2824 1520 2855 h.
1535 2835 1567 2854 e.

858 2869 970 2900 nullas
998 2868 1114 2910 copias
1144 2873 1261 2899 contra
1286 2877 1364 2898 eum
1397 2867 1566 2908 Pompeio

857 2913 962 2952 misit,
984 2913 1016 2944 ei
1042 2918 1154 2944 tamen
1170 2911 1281 2944 Caesar
1303 2912 1493 2943 condonare
1508 2922 1568 2943 ne-

855 2957 930 3000 quit
954 2956 1103 2999 injurias,
1129 2955 1318 2998 provinciis
1342 2955 1467 2997 Populi
1495 2957 1566 2987 Ro-
