1946 3261
255 163 341 206 ΜΞ

306 290 488 327 subductae,
509 297 577 319 uno
591 287 683 319 vallo
698 286 966 328 comprehensae,

308 338 339 372 5,
353 336 406 363 22.
441 332 485 362 cf.
511 336 542 369 5,
560 333 610 362 ll.
641 333 767 372 quintis
788 333 906 362 castris
928 342 964 362 eo

303 377 464 417 pervenit,
477 374 595 415 quinto
607 374 675 413 die,
687 384 763 405 cum
775 374 967 415 quinquies,

307 418 434 449 milites
448 418 512 449 sub
524 417 682 449 tentoriis
694 423 798 449 noctu
813 417 967 455 fuissent,

308 464 339 500 7,
351 463 404 492 36.
420 461 490 492 vid.
500 460 706 492 Ciacconius
719 462 760 492 ad
774 461 809 492 h.
820 461 843 492 1.
856 466 968 492 castra

305 507 438 543 stativa,
461 504 494 535 in
517 505 644 545 quibus
663 504 876 545 aliquamdiu
893 514 967 534 mo-

306 553 432 585 rantur,
457 547 495 579 C.
519 550 550 586 3,
576 551 628 579 31).
654 549 708 579 37.
753 548 806 579 Af.
831 550 884 578 26.
914 547 966 578 Cf.

307 591 452 632 Lips.de
462 591 536 623 mil.
547 601 632 623 rom.
649 594 681 630 5,
699 594 727 622 l.
741 597 853 623 castra
868 600 966 622 sensu

305 634 484 666 latissimo.
512 635 567 666 Af.
585 637 627 666 38

199 706 206 714 ,
264 679 383 716 Casus,
409 689 490 710 casu
512 688 638 719 mayno
663 678 793 715 accidit,
817 686 878 717 pro
899 687 966 717 quo

280 758 284 764 J
306 722 411 762 paulo
447 728 524 763 post
561 721 693 762 legitur,
730 721 869 762 Maynoe
897 720 968 761 fuit

298 766 464 806 sorlunae,
481 768 511 804 6,
527 767 580 796 30.
624 764 677 795 Cf.
694 763 779 795 ibid.
797 774 826 794 c.
843 766 897 795 35.
927 763 966 794 C.

305 811 373 845 25

267 852 462 893 Catapulta,
485 850 642 881 machina
656 849 796 888 bellica,
812 850 900 881 unde
919 850 967 881 la-

308 894 405 935 pides
433 898 640 934 torquentur.
669 893 722 925 Af.
740 896 791 924 31.
829 892 868 924 C.
888 897 918 931 2,
933 895 965 924 9.

306 938 362 969 Cf.
382 937 512 969 Vitruv.
532 939 650 974 10,15.
665 948 737 978 sqq.

264 982 480 1023 catascopus,
495 980 701 1019 nonedam-05,
714 979 785 1011 vid.
800 980 842 1010 ad
857 981 912 1012 Af.
926 982 968 1011 26

266 1026 391 1062 Causa,
410 1026 449 1055 in
468 1024 586 1056 eadem
611 1034 717 1055 causa
740 1023 968 1063 (conditione)

295 1067 450 1109 suerum,
475 1069 507 1106 4,
530 1071 561 1099 4.
608 1067 785 1098 Omittitur
809 1072 885 1107 post
910 1076 969 1107 ge-

304 1111 443 1148 nitivos,
465 1116 501 1141 ut
522 1120 600 1141 cum
619 1110 755 1142 dicitur.
777 1110 969 1142 destruendi

305 1156 413 1195 operis·
428 1163 543 1191 causa,
569 1155 610 1185 A.
631 1156 680 1185 17.
708 1157 739 1191 5,
757 1155 787 1184 8.
810 1153 879 1184 vid.
896 1153 967 1184 Ou-

305 1197 465 1237 dendorp.
493 1197 535 1227 ad
566 1200 597 1235 4,
624 1199 652 1228 1.
710 1196 765 1227 Sic
797 1203 830 1227 et
855 1196 967 1228 Graeci

306 1239 478 1277 omittunt,
490 1237 586 1271 ἕνεκα.
611 1239 664 1271 Cf.
679 1240 720 1271 C.
739 1242 767 1277 l,
781 1242 836 1271 82.
868 1241 909 1272 Α.
927 1242 967 1271 65

263 1284 416 1314 Causula
428 1284 592 1323 part-ula,
607 1282 662 1314 Af.
679 1286 719 1314 54

264 1327 506 1358 &lehem-imus
521 1327 623 1365 locus,
649 1325 846 1358 hominibus
859 1326 966 1358 abun-

305 1370 398 1408 dans,
412 1371 452 1400 A.
470 1372 489 1400 2

264 1415 401 1451 Census,
427 1423 496 1454 quo
522 1412 700 1444 hominum
727 1422 885 1445 numerus
902 1412 969 1445 ini-

305 1456 473 1494 tur,”l.‘29
515 1484 518 1485 .

263 1502 378 1535 Cento,
391 1499 494 1531 vilior
507 1509 648 1540 pannus,
658 1510 728 1541 quo
741 1501 824 1541 quid
835 1501 969 1542 tegitur,

305 1542 698 1581 ozam.oau

266 1588 460 1618 Cevw'mom'a
473 1590 600 1626 ‚tp-avis,
615 1589 647 1625 7,
664 1591 682 1618 2

267 1632 384 1662 cerrus
410 1635 536 1665 ventus,
563 1640 607 1660 ex
632 1631 750 1662 eadem
775 1631 872 1672 plaga
897 1631 968 1672 spi-

261 1705 264 1707 ,
308 1684 395 1711 rans,
406 1673 465 1714 qui
481 1683 546 1703 non
560 1679 705 1705 mutatur
719 1674 751 1705 in
764 1675 873 1713 holus,
884 1676 936 1706 Af.
947 1679 966 1705 2

266 1719 426 1755 Gerr-iens,
454 1727 594 1747 numero
618 1717 742 1757 plurali
768 1729 827 1759 pro
852 1718 968 1759 singu-

308 1761 382 1798 lari,
419 1766 456 1791 ut
492 1760 721 1801 antiquissimi
769 1763 968 1802 plerumque

308 1809 520 1844 usurparunt,
537 1804 582 1833 11.
602 1806 641 1835 20

267 1849 390 1880 Cer-cus
407 1846 438 1877 in
456 1857 489 1877 re
506 1846 656 1884 militari,
669 1848 700 1885 7,
714 1849 754 1877 72

266 1893 431 1928 Ferratus,
454 1890 492 1920 C.
513 1892 540 1927 l,
563 1891 615 1920 39.
639 1892 693 1921 48.
718 1890 775 1931 qui
791 1896 899 1931 gestat
912 1901 970 1921 ce-

309 1940 404 1971 tram,
431 1933 466 1964 h.
482 1944 512 1964 e.
539 1939 669 1964 scutum
698 1933 841 1971 loreum,
868 1933 967 1974 idque
1004 1939 1009 1941 ⁴

309 1977 429 2008 levius.
474 1976 567 2008 Serv.
584 1977 626 2007 ad
647 1976 743 2017 Virg.
763 1977 840 2008 AEn.
859 1979 890 2015 7,
906 1979 967 2007 732

270 2023 398 2054 Clmra.
412 2020 504 2051 radix
517 2021 685 2060 qua-dam,
699 2021 738 2050 C.
756 2022 786 2057 3,
802 2022 856 2051 48.
906 2020 968 2051 Sed

309 2063 413 2094 lectio
444 2069 493 2094 est
525 2063 661 2094 incerta.
698 2064 742 2094 cl'.
772 2063 968 2095 mantissam

310 2118 345 2147 p.
361 2108 424 2137 828

269 2151 406 2181 Cllmria
434 2150 560 2186 molita,
586 2148 706 2187 farina,
735 2152 763 2183 l.
787 2152 816 2180 5.
862 2151 896 2181 In
921 2162 967 2191 gr.

309 2192 516 2233 metaphrasi
557 2192 684 2231 ἄλφιτα..
739 2194 865 2224 Contra
895 2195 969 2226 Liv.

310 2239 345 2267 21
356 2260 363 2271 ,
378 2238 431 2267 49.
446 2237 506 2265 cib.
523 2240 625 2266 coela.

267 2282 403 2322 Cippus,
427 2280 459 2316 7,
473 2280 527 2310 43.
575 2279 629 2309 Pr.
644 2284 693 2309 est
716 2286 855 2310 truncus
877 2290 970 2312 erec-

308 2330 373 2361 tus,
386 2322 505 2353 deinde
519 2321 812 2362 columella‚lapis
826 2331 969 2363 erectus,

310 2367 343 2398 in
360 2365 560 2406 sepulchris.
572 2365 725 2396 terminis
739 2375 908 2406 agrorum.

268 2413 433 2447 Circinus,
459 2408 726 2446 instrumentum,
743 2420 810 2449 quo
825 2410 970 2442 circulus

310 2452 522 2485 describitur.
540 2455 567 2486 l,
583 2454 624 2482 38

269 2499 419 2533 Circiler,
432 2495 643 2531 adverbium,
659 2498 688 2532 2,
705 2496 758 2526 32.
798 2495 851 2526 ΑΓ.
871 2498 909 2527 89

267 2541 433 2572 Cir-culmi
458 2539 626 2576 dicuntur,
647 2538 705 2579 qui
730 2539 918 2570 consistunt
935 2540 967 2571 in

309 2583 447 2614 circulis
475 2581 695 2622 colloquendi
731 2592 845 2621 causa,
873 2585 915 2613 C.
944 2586 970 2617 1,

310 2629 362 2658 64.
401 2626 473 2657 Cic.
491 2625 582 2656 Brut.
601 2635 631 2656 c.
649 2629 690 2656 54

265 2670 515 2702 circumcidere
552 2671 706 2710 cespitem
739 2669 970 2709 sem-amentis,

310 2718 340 2749 5,
363 2717 417 2744 4¹2.
441 2715 654 2744 circumcisus
679 2714 782 2751 collis,
810 2712 969 2752 «ἐπίτομος,

305 2757 393 2788 steil.
413 2758 442 2793 7,
457 2757 498 2786 36

263 2799 528 2833 Οῖνυιιηιοίαιίενθ
543 2803 695 2841 arqmzto,
711 2801 742 2837 6,
757 2802 798 2831 28

917 161 1120 205 INDEX

1038 287 1255 319 Cir-cumdum
1267 287 1391 329 palude
1403 289 1500 326 silva,
1514 290 1546 327 8,
1560 290 1592 320 7.
1631 288 1689 320 Sic
1702 294 1736 320 et

1077 330 1161 361 alias
1182 331 1403 370 circumdare,
1426 336 1463 362 ut
1483 331 1604 372 oppido
1627 335 1738 364 mumi-

1078 375 1193 411 ιὶοηὲε,
1208 377 1241 412 8,
1255 375 1309 405 34.
1329 374 1590 413 multitudinem,
1605 374 1660 407 Ar.
1673 376 1715 406 ‘14

1037 418 1276 457 Circumjieere
1290 419 1412 448 milites
1426 418 1619 456 moem'busy
1626 420 1660 457 2,
1673 422 1693 450 5

1037 461 1227 498 circumiri,
1255 460 1401 500 passive,
1428 463 1459 499 3,
1475 464 1528 492 25.
1571 459 1610 491 C.
1627 461 1660 500 3,
1680 463 1735 494 94.

1039 547 1320 587 circummunire,
1333 550 1365 586 2,
1381 550 1434 580 30.
1457 548 1739 585 circummuniam

1078 590 1117 620 C.
1139 592 1166 627 l,
1185 592 1221 621 19

1039 635 1313 666 Circumscribere
1326 636 1483 676 aliquem,
1506 643 1677 672 coercere,
1696 640 1739 665 ne

1079 677 1238 750 gnojure,
1248 688 1375 720 suaque
1390 677 1549 710 libertate
1561 677 1669 720 possit
1678 677 1742 715 uti,

1110 722 1219 759 .Lae

1039 763 1297 805 Cir-cumspicere
1306 775 1350 803 se,
1364 764 1532 805 respicere
1543 765 1587 796 ad
1599 774 1648 803 se,
1660 774 1740 806 pro-

1079 807 1210 848 spicere
1225 807 1306 846 sibi,
1319 808 1373 839 Af.
1392 810 1433 838 47

1034 851 1286 884 circumvenire
1314 852 1435 883 urbem
1464 851 1568 890 vallo,
1595 850 1741 893 cingere,

1078 893 1116 924 C.
1138 895 1165 932 l,
1183 897 1232 926 18.
1278 894 1332 926 Sic
1350 895 1384 926 h.
1398 894 1422 926 l.
1436 895 1535 926 codd.

1036 937 1178 976 citatus,
1206 938 1295 970 celer
1323 941 1355 975 4,
1388 940 1434 970 10.
1464 940 1604 976 citatim,
1637 936 1741 969 celeri

1081 980 1212 1019 itinere,
1227 981 1279 1012 Af.
1297 983 1338 1013 80

1040 1023 1176 1063 Civitas,
1197 1026 1257 1057 der
1281 1027 1388 1063 Stant,
1407 1024 1529 1063 PEtat,
1547 1027 1576 1063 l,
1588 1028 1630 1056 2:
1655 1031 1739 1055 ‘nm

1078 1067 1235 1100 civitates
1249 1067 1393 1100 Gallicae
1420 1068 1454 1099 in
1472 1078 1576 1111 pagos
1596 1072 1675 1099 sunt
1686 1067 1742 1098 di-

1078 1111 1174 1149 visae,
1197 1112 1274 1153 pagi
1297 1111 1470 1143 continent
1496 1111 1637 1152 oppida.
1682 1110 1736 1141 Sic

1078 1160 1112 1185 et
1127 1158 1242 1186 cit-itas
1261 1156 1501 1193 Arvernorum,
1523 1157 1554 1192 7,
1569 1156 1601 1193 4,
1614 1158 1682 1185 etc.
1703 1159 1739 1185 et

1079 1198 1264 1239 opponitur
1280 1198 1355 1229 urbi

1039 1239 1136 1272 Clam
1154 1243 1315 1282 aliquem,
1329 1242 1373 1271 11.
1393 1243 1423 1271 3.
1441 1246 1474 1272 et
1486 1240 1584 1272 alibi.

1038 1283 1186 1315 Classem
1195 1286 1324 1325 facere,
1339 1294 1469 1326 parare,
1483 1286 1516 1323 4,
1530 1286 1569 1315 21

1038 1326 1228 1366 Classiam-si,
1241 1328 1368 1359 milites
1384 1327 1416 1358 in
1431 1327 1552 1366 classe,
1565 1329 1608 1359 A.
1624 1328 1668 1359 20

1039 1370 1223 1403 Classicum
1248 1371 1281 1402 in
1306 1381 1341 1403 re
1363 1370 1504 1402 militari
1525 1376 1576 1402 est
1596 1371 1742 1412 signum,

1077 1415 1170 1454 quod
1200 1415 1281 1446 tuba
1309 1416 1406 1446 datur
1434 1420 1495 1446 aut
1522 1423 1642 1453 cornu,
1672 1422 1739 1445 non

1080 1468 1214 1498 semper
1229 1458 1343 1499 proelii
1360 1457 1611 1496 committendi,
1633 1457 1691 1488 sed
1707 1461 1742 1487 et

1079 1501 1227 1532 aliorum
1257 1502 1481 1541 negotiorum.
1513 1500 1598 1534 ,Ubi
1626 1505 1742 1532 autem

1079 1545 1188 1583 datur,
1211 1544 1259 1576 ibi
1275 1555 1411 1576 necesse
1433 1551 1485 1577 est
1506 1544 1742 1586 imperatorem

1082 1595 1278 1628 praesentem
1303 1599 1394 1619 esse:
1419 1594 1470 1619 est
1493 1587 1582 1620 enim
1608 1587 1742 1629 signum

1080 1631 1227 1672 imperii,
1240 1631 1279 1663 C.
1296 1634 1326 1671 3,
1343 1634 1397 1663 82.
1429 1631 1550 1673 Veget.
1563 1633 1607 1663 de
1621 1641 1656 1663 re
1668 1630 1742 1663 mil.

1039 1717 1218 1757 Clamlere,
1231 1721 1316 1750 acies
1333 1719 1506 1751 clauditur
1520 1718 1654 1760 oppido,
1667 1716 1742 1749 fini-

1079 1767 1132 1792 tur
1157 1772 1262 1803 prope
1288 1772 1413 1801 muros,
1435 1771 1502 1794 non
1527 1767 1640 1803 potest
1655 1761 1743 1792 ulte-

1079 1804 1149 1835 rius
1171 1806 1321 1843 extendi,
1348 1805 1535 1846 tegiturque
1552 1814 1659 1842 muro,
1687 1804 1742 1835 Af.

1081 1850 1135 1880 59.
1182 1847 1303 1889 Veget.
1329 1849 1372 1879 de
1392 1858 1417 1879 r.
1433 1859 1480 1879 rn.
1499 1852 1530 1885 3,
1545 1849 1578 1879 6.
1601 1847 1745 1889 impedi-

1079 1897 1193 1922 memo
1211 1902 1231 1922 a
1250 1892 1408 1923 lateribus
1421 1892 1580 1923 claudere
1601 1891 1745 1932 (tegere)

1079 1945 1187 1965 manu
1201 1939 1427 1966 armatorum.

1038 1977 1292 2017 Clementer-jus
1309 1978 1429 2015 dicere,
1451 1977 1635 2015 lenissime,
1654 1976 1695 2009 C.
1711 1978 1742 2015 3,

1081 2023 1135 2052 20.
1149 2021 1465 2059 ι·Ιι»ιπε>ηιία,Ιειιὶω5
1474 2020 1694 2062 punientis,2,
1704 2022 1741 2052 14

1038 2064 1160 2095 Clivus.
1190 2064 1278 2095 Cum
1296 2064 1393 2095 multi
1410 2064 1567 2096 homines
1582 2064 1615 2095 in
1629 2063 1742 2095 Gallia

1081 2108 1224 2138 clientes
1239 2108 1338 2138 unius
1352 2107 1520 2147 dicuntur,
1534 2113 1613 2140 sunt
1628 2107 1744 2145 iidem,

1079 2151 1137 2192 qui
1157 2151 1225 2182 alio
1241 2151 1380 2182 nomine
1394 2151 1543 2183 ambacti
1555 2157 1590 2182 et
1599 2150 1742 2183 soldurii

1080 2195 1305 2235 adpellantur,
1318 2196 1409 2233 6,15.
1435 2197 1542 2236 Atque
1554 2194 1617 2226 hos
1625 2194 1744 2231 etiam,

1083 2241 1114 2275 6,
1135 2240 1182 2268 19.
1206 2244 1288 2279 puto
1303 2237 1462 2279 intelligi.
1507 2238 1572 2270 Sed
1593 2247 1673 2269 cum
1691 2238 1744 2268 in-

1082 2287 1186 2322 tcgrae
1196 2288 1313 2322 gentes
1321 2281 1479 2313 dicuntur
1487 2281 1626 2313 alterius
1633 2280 1746 2322 gentis

1081 2325 1233 2362 clientes,
1252 2324 1467 2365 intelligendi
1486 2331 1563 2356 sunt
1587 2324 1687 2362 socii,
1710 2330 1745 2355 et

1080 2369 1140 2408 qui
1153 2369 1215 2399 sub
1227 2368 1366 2399 alterius
1376 2367 1486 2409 gentis
1497 2367 1644 2409 imperio
1653 2372 1743 2405 aunt,

1082 2415 1112 2445 5.
1129 2415 1181 2443 39.
1204 2412 1263 2453 qui
1281 2411 1315 2442 in
1332 2412 1404 2452 ejus
1419 2411 1484 2442 fide
1501 2418 1588 2449 sunt,
1604 2413 1636 2448 6,
1649 2413 1682 2441 4.
1703 2421 1741 2442 se

1080 2455 1124 2486 ad
1144 2455 1334 2486 amicitiam
1359 2455 1430 2496 ejus
1454 2455 1688 2496 adgregat-unt,
1712 2455 1744 2491 6,

1085 2501 1136 2528 12.
1181 2498 1232 2529 Cf.
1259 2498 1421 2536 invicem,
1446 2500 1475 2532 l.
1504 2500 1541 2529 31
1570 2503 1607 2529 et
1630 2499 1663 2536 6,
1692 2498 1742 2528 12.

1080 2541 1139 2573 ubi
1165 2543 1283 2573 eadem
1313 2552 1367 2573 res
1394 2541 1606 2573 describitur.
1651 2539 1740 2571 Hinc

1080 2587 1240 2616 clientelae
1273 2586 1470 2623 rEduorum,
1508 2586 1539 2623 6,
1575 2587 1625 2616 12.
1663 2590 1742 2616 suut

1079 2629 1164 2660 socii
1179 2639 1310 2660 eorum.

1039 2673 1160 2704 Coacta
1177 2673 1324 2712 alimcjzes
1338 2671 1474 2714 aliquid
1482 2672 1614 2712 facere,
1628 2675 1660 2708 5,
1674 2671 1714 2700 2¹1

1039 2717 1196 2747 Coactum
1224 2716 1355 2756 (opus).
1381 2726 1401 2747 e
1432 2715 1508 2746 lanu
1538 2721 1598 2745 aut
1622 2713 1740 2756 potius

1081 2758 1173 2800 pilis,
1197 2766 1267 2791 arte
1296 2758 1453 2797 densatis,
1480 2758 1514 2788 eo*
1536 2757 1670 2795 πλε-ὂν,
1698 2756 1738 2786 C.

1079 2803 1111 2840 3,
1127 2805 1180 2834 44.
1197 2803 1412 2840 (Matr-atem
1427 2812 1494 2835 von
1510 2801 1687 2838 Hm.)
