1946 3261
283 175 363 220 166
683 179 767 222 DE
800 177 1003 223 BELLO
1036 178 1331 224 GALLICO.

274 304 410 347 sentia
442 320 484 346 se
519 304 819 356 occultasseut,
851 313 994 361 tamen
1023 307 1088 357 iis,
1119 306 1306 351 deducto
1346 305 1558 358 exercitu,
1595 322 1741 352 rerum

275 363 464 404 omnium
499 361 644 421 inopia
683 365 951 422 pereundum
990 365 1227 409 videretur.
1311 366 1378 408 Ac
1416 382 1526 424 saepe
1562 367 1605 410 in
1643 383 1744 411 eum

274 420 413 463 Iocum
452 430 629 464 ventum
660 432 740 472 est,
774 422 895 467 tanto
932 426 974 467 in
1011 425 1146 467 omnis
1182 425 1320 484 partis
1359 424 1496 468 diviso
1523 425 1741 482 equitatu,

274 486 323 520 ut
345 477 474 521 modo
495 480 632 523 visum
652 482 708 525 ab
729 499 771 525 se
794 483 1091 541 Ambiorigem
1111 483 1154 526 in
1174 486 1279 542 fuga
1299 483 1481 542 captivi,
1514 499 1591 526 nec
1614 483 1740 541 plane

271 536 402 578 etiam
420 538 556 581 abisse
581 555 633 582 ex
653 551 884 600 conspectu
905 541 1233 592 contenderent,
1263 551 1328 592 ut,
1357 558 1432 600 spe
1454 542 1741 600 consequendi

271 595 407 638 inlata
439 606 572 654 atque
613 599 781 643 infinito
819 601 969 643 labore
1010 611 1225 659 suscepto,
1263 603 1339 660 qui
1375 618 1418 644 se
1448 617 1653 643 summam
1683 601 1740 643 ab

273 654 445 698 Caesare
464 657 650 714 gratiam
671 659 853 702 inituros
873 668 1097 718 putarent,
1124 675 1244 718 paene
1265 670 1464 703 naturam
1485 660 1630 703 studio
1652 659 1743 701 vin-

269 723 431 764 cerent,
462 730 719 774 semperque
750 718 948 776 paullum
977 718 1033 760 ad
1060 734 1266 762 summam
1286 719 1539 762 felicitatem
1558 718 1742 760 defuisse

268 772 507 823 videretur,
527 784 658 834 atque
680 776 752 818 ille
774 777 950 819 latebris
969 785 1046 820 aut
1068 778 1249 820 saltibus
1269 795 1311 820 se
1332 777 1522 835 eriperet
1542 786 1586 819 et
1609 787 1741 820 noctu

267 831 509 875 occultatus
527 834 632 876 alias
653 836 848 893 regiones
868 845 1099 895 partesque
1119 845 1302 894 peteret,
1331 852 1417 879 non
1438 836 1600 894 majore
1623 834 1743 892 equi-

268 898 364 932 tum
392 891 607 948 praesidio,
640 909 771 950 quam
792 904 999 952 quatuor,
1032 896 1189 952 quibus
1208 895 1309 938 solis
1331 895 1467 937 vitam
1488 910 1607 938 suam
1628 910 1741 937 com-

269 948 445 992 mittere
463 950 667 993 audebat.

325 1008 397 1050 44.
432 1008 528 1051 Tali
553 1010 681 1053 modo
703 1011 880 1054 vastatis
900 1012 1166 1071 regionibus,
1197 1011 1437 1055 exercitum
1460 1011 1604 1053 Caesar
1633 1009 1739 1052 dua-

267 1081 363 1110 rum
401 1066 644 1111 cohortium
681 1069 836 1112 damno
880 1072 1233 1114 Durocortorum
1275 1070 1512 1112 Remorum
1552 1068 1740 1118 reducit,

265 1125 535 1183 concilioque
572 1127 615 1169 in
645 1143 743 1170 eum
772 1129 915 1171 locum
951 1130 1109 1172 Galliae
1141 1129 1321 1177 indicto,
1356 1127 1410 1169 de
1443 1126 1742 1183 conjuratione

267 1185 487 1227 Senonum
516 1193 562 1228 et
593 1186 839 1229 Carnutum
871 1188 1149 1246 quaestionem
1180 1188 1336 1230 habere
1370 1186 1583 1233 instituit3
1623 1194 1668 1227 et
1687 1186 1741 1228 de

265 1243 454 1293 Accone,
477 1245 552 1301 qui
574 1246 776 1303 princeps
796 1246 887 1303 ejus
908 1247 1072 1289 consilii
1103 1248 1261 1293 fuerat,
1296 1244 1497 1299 graviore
1527 1244 1740 1286 sententia

261 1302 565 1358 pronunciata,
601 1319 721 1346 more
755 1304 964 1360 majorum
999 1304 1260 1360 subplicium
1297 1301 1461 1344 sumsit.
1526 1301 1739 1345 Nonnulli

255 1359 467 1416 judicium
489 1361 616 1403 veriti
647 1362 943 1419 profugerunt
963 1378 973 1407 :
1017 1363 1177 1419 quibus
1198 1376 1335 1419 quum
1356 1375 1471 1418 aqua
1492 1369 1624 1418 atque
1648 1360 1738 1419 igni

259 1417 568 1468 interdixisset,
589 1419 695 1461 duas
717 1417 904 1477 legiones
926 1420 982 1462 ad
1005 1421 1107 1463 fines
1125 1420 1424 1468 Trevirorum,
1459 1419 1501 1461 in
1533 1419 1738 1477 Lingoni-

258 1477 354 1525 bus,
376 1491 448 1518 sex
481 1477 669 1534 reliquas
700 1478 743 1520 in
778 1478 997 1521 Senonum
1030 1478 1187 1521 finibus
1222 1476 1435 1534 Agendici
1470 1478 1512 1520 in
1549 1477 1738 1521 hibernis

257 1534 530 1583 conlocavit;
562 1537 868 1593 frumentoque
886 1537 1079 1580 exercitu
1102 1538 1293 1596 proviso,
1318 1543 1369 1578 ut
1398 1536 1662 1586 instituerat,
1694 1537 1736 1579 iu

256 1593 430 1637 Italiam
451 1593 505 1635 ad
526 1604 761 1637 conventus
782 1595 969 1652 agendos
989 1597 1210 1654 profectus
1231 1605 1308 1638 est.

308 1720 349 1753 Ut
383 1721 482 1752 modo
519 1721 636 1762 (paulo
673 1723 766 1759 ante)
807 1724 958 1753 rixnm—
1028 1722 1322 1764 suntaplerisque
1338 1723 1439 1754 codd.
1498 1723 1531 1753 ln
1558 1722 1734 1763 pauciori-

259 1764 371 1807 Vulgo
384 1765 583 1806 legebatur:
610 1771 644 1798 ut
657 1775 725 1797 non
738 1767 959 1808 modo—cap-
1029 1767 1093 1799 bus
1122 1772 1181 1798 met
1209 1769 1301 1799 silvi-t
1332 1766 1469 1808 legitur.
1533 1766 1613 1798 Sunt
1651 1777 1731 1808 ergo

255 1809 393 1847 lit·i,sed
403 1819 514 1840 nec-—.
539 1809 567 1840 E
581 1810 684 1841 codd.
698 1809 959 1852 Oudendorpius
1028 1811 1130 1843 verba
1146 1817 1290 1842 assueta.
1317 1811 1366 1841 M.
1396 1816 1427 1840 et
1450 1811 1565 1851 glossa
1581 1820 1719 1852 sequen-

257 1851 404 1884 restituit
428 1852 594 1884 veriorem
619 1852 815 1892 lectionem,
843 1855 959 1895 ejectis
1028 1855 1114 1886 tium
1132 1855 1323 1886 xvi-borum.
1373 1854 1500 1885 Delevi.

256 1896 372 1928 verbis
386 1907 453 1928 nrm
469 1901 503 1927 et
517 1897 584 1928 sed.
612 1897 659 1928 M.
1075 1902 1126 1930 De
1145 1900 1279 1931 fit-conv.
1322 1898 1376 1929 Cf.
1393 1909 1422 1929 c.
1442 1901 1473 1928 4.
1499 1899 1549 1930 M.

307 1940 546 1982 Ut(adeo)spe
557 1941 778 1983 concoquendi
795 1943 892 1973 insat.
911 1943 960 1973 JI.
1076 1944 1242 1983 ‚mendic-i.
1270 1942 1336 1973 Alii
1374 1942 1537 1980 rzqede'nri.
1565 1943 1715 1983 Ayedeci.

301 1985 453 2017 Latebris
478 1994 518 2015 ac
541 1986 643 2016 silvis.
693 1985 881 2029 PQsteriora
898 1986 958 2017 ab·
1077 1988 1128 2019 Ad
1143 1992 1330 2018 com-enlm.
1377 1987 1428 2016 (T.
1446 1989 1478 2024 5,
1501 1986 1527 2017 l.
