1946 3261
571 151 688 196 LIB.
720 151 782 196 II.
846 153 986 197 OAP.
1018 153 1210 196 22-24.
1582 154 1666 197 327

130 292 136 301 ²
181 285 227 320 et
257 284 492 330 vetustate,
526 295 656 338 quam
688 296 770 338 pro
805 280 972 324 meritis
1003 280 1047 322 in
1079 297 1123 322 sc·
1156 280 1361 330 civitatis,
1393 289 1668 334 conservans,

180 335 288 380 duas
308 338 370 381 ibi
391 339 579 396 legiones
600 340 797 396 praesidio
812 339 1036 398 relinquit,
1055 347 1230 383 caeteras
1247 341 1290 384 in
1312 341 1486 384 Italiam
1506 342 1643 387 mittit
1661 359 1673 386 :

180 396 270 454 ipse
292 399 350 443 ad
366 398 519 441 urbem
542 397 846 457 proficiscitur.

239 454 311 497 23.
345 455 504 500 Iisdem
525 458 800 515 temporibus
822 459 874 501 C.
902 456 1056 505 Curio,
1088 455 1133 499 in
1157 457 1352 500 Africam
1375 461 1597 517 profectus
1617 477 1673 505 ex

185 513 347 564 Sicilia,
375 525 420 558 et
441 516 530 575 jam
551 517 607 558 ab
628 516 754 560 initio
773 518 919 576 copias
943 515 993 558 P.
1019 515 1133 557 Attii
1154 516 1262 558 Vari
1280 515 1535 576 despiciens,
1564 520 1673 564 duas

181 573 369 631 legiones
385 591 439 617 ex
454 583 663 632 quatuor,
693 592 803 633 quas
826 593 852 618 a
882 576 1052 618 Caesare
1073 584 1323 633 acceperat,
1345 585 1389 618 et
1411 580 1676 638 quingentos

181 632 350 690 equites
381 633 741 692 transportabat;
786 635 1011 692 biduoque
1040 642 1085 677 et
1113 634 1317 677 noctibus
1338 636 1480 679 tribus
1500 639 1678 697 naviga-—

179 691 295 734 tione
311 693 562 742 consumtis,
581 692 759 752 adpulit
779 694 835 738 ad
857 710 958 738 eum
979 693 1141 743 locum,
1163 693 1237 751 qui
1259 693 1512 752 adpellatur
1535 697 1676 753 Aqui-

179 749 303 794 laria.
385 750 471 794 Hic
513 751 634 796 locus
675 753 796 796 abest
837 770 862 797 a
902 753 1084 812 Clupeis
1121 768 1327 812 passuum
1365 754 1497 797 XXII
1541 755 1678 806 milia,

178 808 400 866 habetque
430 826 517 854 non
547 812 862 856 incommodam
893 821 1041 856 aestate
1062 812 1291 855 stationem
1313 820 1359 855 et
1380 813 1556 857 duobus
1577 814 1681 857 emi-

179 868 382 911 nentibus
400 871 709 928 promontoriis
727 873 991 915 continetur.
1038 871 1185 930 Hujus
1201 872 1442 916 adventum
1462 872 1512 915 L.
1535 873 1682 917 Caesar

179 927 293 971 filius
314 943 413 971 cum
435 928 582 973 decem
601 930 741 987 longis
762 932 948 975 navibus
968 930 1025 974 ad
1045 931 1262 986 Clupeam
1280 932 1551 988 praestolans,
1570 948 1681 991 quas

179 1001 308 1030 naves
342 987 501 1038 Uticae,
528 1005 583 1031 ex
612 990 873 1044 praedonum
902 988 1022 1032 bello
1052 987 1308 1036 subductas,
1343 990 1394 1030 P.
1430 992 1583 1035 Attius
1616 1007 1684 1035 re-

180 1045 379 1090 finiendas
415 1044 543 1104 hujus
584 1045 690 1088 belli
732 1062 879 1088 caussa
919 1054 1167 1094 curaverat,
1209 1046 1465 1104 veritusque
1504 1050 1682 1094 navium

181 1104 508 1149 multitudinem
543 1120 597 1147 ex
627 1105 719 1147 alto
747 1104 990 1162 refugerat,
1030 1103 1305 1162 adpulsaque
1336 1105 1392 1148 ad
1465 1109 1682 1152 roximum

182 1165 308 1208 littus
338 1165 513 1208 trireme
538 1172 760 1207 constrata
792 1172 836 1206 et
868 1165 911 1206 in
938 1162 1089 1205 littore
1125 1163 1294 1213 relicta,
1326 1123 1515 1223 pedilius
1538 1167 1685 1211 Adru-

183 1232 349 1268 metum
371 1224 632 1282 profugerat
652 1239 661 1265 ε
696 1222 759 1279 (id
782 1222 999 1282 oppidum
1024 1222 1077 1264 C.
1104 1221 1331 1266 Confidius
1356 1224 1533 1284 Longus
1555 1227 1684 1271 unius

183 1283 362 1341 legionis
384 1283 584 1342 praesidio
602 1283 813 1326 tuebatur
830 1286 862 1340 2)
901 1281 1082 1340 reliquae
1105 1282 1287 1326 Caesaris
1309 1300 1438 1327 naves
1463 1286 1556 1341 eius
1577 1286 1685 1344 fuga

185 1344 479 1386 Adrumetum
498 1358 542 1385 se
565 1350 839 1401 receperunt.
877 1340 1002 1383 Hanc
1023 1349 1197 1384 secutus
1223 1341 1287 1384 M.
1313 1343 1460 1387 Rufus
1480 1334 1686 1394 Quaestor

184 1403 369 1447 navibus
388 1401 634 1450 duodecim,
667 1418 775 1459 quas
807 1399 1006 1459 praesidio
1036 1399 1244 1443 onerariis
1266 1403 1450 1446 navibus
1474 1404 1612 1447 Curio
1633 1420 1690 1449 ex

188 1461 338 1506 Sicilia
366 1460 594 1510 eduxerat,
627 1470 860 1519 postquam
891 1460 935 1502 in
967 1459 1118 1502 littore
1157 1460 1354 1504 relictam
1391 1478 1545 1505 navem
1586 1480 1688 1508 con*

185 1521 344 1581 spexit,
386 1520 496 1564 hanc
538 1521 733 1564 remulco
775 1518 990 1562 abstraxit
1010 1534 1018 1560 ε
1073 1519 1162 1578 ipse
1203 1519 1260 1562 ad
1305 1520 1544 1564 Curionem
1585 1539 1688 1567 cum

187 1582 316 1626 classe
337 1580 463 1624 redit.

244 1640 318 1684 24.
353 1640 490 1683 Curio
514 1639 718 1683 Marcum
741 1638 918 1682 Uticam
937 1636 1122 1682 navibus
1142 1637 1395 1696 praemittit:
1430 1638 1521 1698 ipse
1537 1641 1687 1685 eodem

189 1824 383 1857 donaverat.
431 1821 484 1854 lbi
513 1820 691 1854 Fabricius
713 1821 788 1853 Cic.
815 1820 898 1853 Phi-

188 1867 277 1914 lipp.
297 1870 328 1906 8,
345 1869 377 1906 6,
394 1865 551 1899 contulit.
570 1867 619 1898 M.
654 1865 739 1897 Edd.
752 1871 896 1915 vet.Jn·o

188 1915 322 1945 nomi-ne
339 1914 522 1944 venestatis.

237 1958 289 1989 Ad
304 1957 423 1988 urbem
437 1958 669 1997 proficiscitur.
710 1954 760 1987 Ibi
780 1955 898 1987 Dicta-

191 2007 305 2033 turum
323 2000 485 2041 suspecit,
497 2010 603 2041 nuper
619 2000 848 2031 eidecretam.
867 2011 898 2031 c.

191 2048 243 2077 21.
277 2045 362 2083 Quae
387 2049 500 2076 autem
526 2055 568 2076 eo
584 2050 737 2086 tempore
752 2045 835 2086 egit,
858 2054 899 2076 ca

193 2089 279 2121 infra
297 2093 328 2128 3,
348 2091 361 2120 1
380 2089 562 2120 tradentur.
595 2089 643 2120 M.

239 2135 351 2167 Curio.
396 2133 447 2164 De
473 2132 539 2164 hoc
565 2139 598 2165 et
618 2133 710 2164 Varo
733 2133 776 2165 cf.
800 2135 827 2167 1.
845 2135 898 2166 31.

238 2224 338 2256 Duas
352 2223 507 2264 leyiones.
537 2221 580 2253 Cf
607 2220 698 2253 dicta
713 2221 756 2253 ad
777 2222 806 2255 1.
823 2223 875 2252 30.

241 2267 351 2301 Birluo
381 2272 412 2299 et
438 2266 587 2299 noctibus
610 2267 732 2298 tribus.
780 2265 836 2296 Sic
865 2270 898 2296 et

195 2311 288 2344 Plin.
310 2314 361 2351 14,
378 2314 418 2342 22
436 2312 523 2351 (28),
545 2322 588 2343 ne
612 2311 689 2353 quis
704 2321 784 2342 cum
800 2309 900 2341 Ciac-

194 2355 296 2388 conio
312 2361 496 2398 argutetur.

239 2402 431 2442 Aquilaria.
469 2400 582 2442 Hujus
596 2399 688 2431 nulla
702 2397 788 2431 alibi
804 2407 902 2429 men-

193 2445 256 2478 tio.
274 2446 399 2478 Cellar.
438 2444 527 2477 Aliis
544 2446 771 2486 Anquillaria.
787 2443 899 2474 forsan

194 2489 318 2522 rectius
342 2489 404 2528 sie,
430 2495 464 2521 et
488 2489 620 2520 videtur
642 2500 662 2520 a
685 2489 820 2520 lucrosa
842 2497 903 2518 an-

193 2534 376 2578 guillarum
387 2539 528 2575 captura
539 2533 588 2565 sic
597 2533 701 2565 dicta.
719 2531 772 2564 Cf.
786 2531 900 2563 Schol.

195 2580 237 2611 ad
255 2579 381 2611 Lucan.
401 2581 433 2617 4,
449 2581 523 2609 585.
540 2583 576 2610 et
592 2577 642 2609 ibi
657 2579 901 2609 Burmannum.

241 2625 268 2655 A
297 2624 439 2664 Clupeis.
469 2621 544 2654 sitis
564 2622 609 2654 ad
633 2621 799 2653 Mercurii
827 2631 904 2662 pro-

195 2667 413 2705 montorium,
445 2677 466 2698 a
495 2665 702 2706 Carthagine
731 2665 766 2696 in
795 2670 905 2696 ortum

195 2711 364 2744 aestivum.
389 2710 467 2743 Liv.
483 2712 539 2750 27,
555 2712 610 2742 27.
627 2712 680 2750 29,
700 2713 752 2742 32.
779 2710 905 2742 cellar.

195 2756 314 2789 Ciacc.
330 2755 470 2788 volebat
485 2766 507 2787 a
524 2756 664 2797 Clupea,
686 2760 722 2786 ut
742 2760 793 2786 est
814 2754 905 2795 apud

194 2802 272 2834 Liv.
295 2802 352 2834 sed
380 2811 412 2832 v.
441 2800 589 2832 Gronov.
612 2800 656 2832 ad
685 2798 764 2832 Liv.
795 2799 829 2838 9,
857 2800 905 2831 19.

195 2844 323 2881 Graecis
336 2844 464 2880 dicitur
476 2843 598 2879 Ἀσπίς.

1016 1820 1160 1853 Λῧςισίμ.
1211 1820 1277 1851 hoc
1319 1821 1548 1854 omittendum
1592 1827 1692 1864 putat

970 1863 1096 1906 scalig.
1128 1875 1207 1896 cum
1236 1865 1326 1904 aliis,
1358 1865 1475 1898 invitis
1504 1867 1603 1899 codd.
1634 1868 1690 1899 In-

968 1910 1151 1941 commoda
1168 1909 1269 1940 statio
1286 1917 1395 1951 potest
1410 1920 1483 1941 esse
1499 1911 1628 1942 hieme.

1017 1955 1160 1986 Duobus
1185 1957 1426 1995 promontoriie,
1455 1955 1628 1996 Apollinis
1653 1960 1688 1986 et

967 1998 1143 2036 Mercurii,
1164 2009 1308 2040 quorum
1334 1999 1397 2030 hoc
1417 2009 1503 2031 nunc
1524 2001 1597 2038 Cap
1616 2001 1690 2031 Bon

967 2043 1011 2075 ab
1029 2042 1174 2081 oriente,
1201 2042 1285 2074 illud
1305 2043 1377 2084 Cap
1404 2043 1521 2075 Zibeeb
1544 2044 1686 2082 (Zebe'b)

969 2087 1013 2119 ab
1031 2087 1212 2118 occidente
1228 2086 1339 2118 sinum
1355 2086 1499 2119 claudit.
1531 2088 1691 2129 Heynius

967 2133 1026 2172 (ad
1046 2131 1138 2173 Virg.
1157 2132 1235 2163 AEu.
1258 2133 1284 2162 1.
1310 2132 1452 2163 Excurs.
1477 2134 1510 2164 6.
1535 2143 1570 2174 p.
1598 2132 1687 2171 113).

1017 2221 1057 2252 L.
1087 2221 1203 2253 Caesar
1219 2221 1327 2260 filiu-e.
1383 2220 1434 2253 De
1456 2220 1535 2261 hoc,
1559 2226 1593 2253 et
1615 2220 1688 2263 ejus

970 2270 1071 2306 patre
1086 2265 1157 2297 vid.
1179 2267 1209 2298 1.
1225 2268 1257 2297 8.
1281 2265 1332 2297 M.

1016 2308 1229 2351 Profuqerat.
1279 2309 1348 2341 Alii
1362 2309 1573 2352 perfeeqerat.

1017 2354 1102 2395 Ejus
1119 2353 1221 2397 fuya.
1275 2353 1484 2396 Intelligitur
1509 2355 1612 2395 vulgo
1641 2354 1683 2385 de

969 2397 1114 2430 Caesaris
1129 2399 1218 2441 fuga.
1250 2398 1359 2439 Negat
1375 2398 1531 2431 Jurinius
1549 2399 1684 2430 etdelet

968 2446 1053 2482 ejus,
1076 2449 1109 2475 ut
1130 2444 1173 2475 de
1193 2443 1273 2485 fuga
1295 2443 1435 2475 navium
1462 2442 1685 2484 intelligatur.

968 2488 1058 2519 Tum
1075 2497 1135 2530 pro
1152 2489 1258 2520 Hanc
1270 2488 1353 2530 legit
1371 2489 1476 2519 wa
1486 2486 1688 2519 scil.Caesa-

970 2543 1054 2563 rem.
1100 2531 1155 2563 Sic
1173 2538 1206 2564 et
1223 2532 1340 2563 Davis.
1356 2532 1496 2573 aliique.

1016 2577 1192 2609 Remulos».
1217 2587 1250 2608 v.
1268 2577 1340 2608 Ind.
1375 2576 1424 2607 Cf.
1444 2575 1564 2607 Isidor.
1585 2575 1636 2612 19,
1650 2575 1683 2605 4.

972 2618 1147 2662 Originem
1163 2620 1273 2653 Graeci
1291 2625 1425 2652 servant
1444 2619 1476 2651 in
1499 2619 1684 2662 ῥυμουλκεῖν.

975 2665 1029 2696 Cf.
1043 2666 1165 2707 Polyb.
1184 2668 1212 2704 l,
1224 2665 1278 2697 27.
1296 2665 1386 2696 Hinc
1401 2669 1435 2695 et
1445 2674 1503 2705 ap.
1517 2662 1688 2695 Ammian.

974 2709 1082 2742 Marc.
1102 2712 1154 2749 18,
1169 2713 1200 2740 5.
1217 2709 1375 2741 scribitur
1390 2709 1574 2749 rymulcws.

1027 2756 1166 2787 Uticam.
1213 2754 1296 2785 l-Iaec
1313 2758 1384 2785 tum
1400 2757 1504 2795 caput
1526 2749 1687 2795 regionis,

974 2798 1088 2831 deleta
1102 2798 1318 2840 Carthagine.

1023 2844 1188 2877 Navibus.
1241 2842 1299 2876 Sic
1329 2847 1363 2874 et
1396 2843 1425 2882 1,
1456 2842 1510 2874 31.
1540 2845 1574 2874 et
1604 2850 1685 2877 mox
