1946 3261
247 199 333 248 526
380 261 384 262 ⁷
469 207 526 248 A.
562 200 762 247 HIRTII
795 202 880 247 DE
912 200 1116 246 BELLO
1151 199 1492 249 AFRICANO.

247 344 331 373 non
352 331 522 389 placere
542 331 808 380 clamitante,
837 338 882 372 et
913 329 1043 376 etiam
1063 338 1195 388 atque
1226 330 1358 373 etiam
1385 330 1519 374 aciem
1551 336 1714 372 susten-

248 397 381 438 tante,
400 389 545 431 subito
564 389 721 432 dextro
743 404 894 439 cornu,
916 389 1075 447 injussu
1099 390 1292 438 Caesaris,
1325 389 1499 432 tubicen
1519 402 1545 431 a
1571 387 1716 431 militi·

247 448 329 489 bus
359 455 532 490 coactus
563 463 714 491 canere
747 448 894 507 coepit.
959 448 1058 497 Quo
1090 448 1221 498 facto,
1249 449 1304 491 ab
1331 447 1537 491 universis
1565 445 1715 490 cohor-

247 505 365 547 tibus
395 506 515 564 signa
547 506 591 548 in
627 505 793 550 hostem
827 523 995 565 coepere
1032 507 1214 556 inferri;
1259 522 1394 565 quum
1433 505 1718 549 Centuriones

245 572 421 621 pectore
459 564 640 608 adverso
686 566 935 609 resisterent
979 566 1111 623 vique
1148 565 1419 609 continerent
1459 565 1633 614 milites,
1663 578 1717 607 ne

245 621 408 680 injussu
429 622 711 682 Imperatoris
730 633 1050 674 concurrerent,
1072 640 1150 667 nec
1169 625 1407 682 quidquam
1430 623 1701 683 proficerent.

305 681 377 724 83.
431 681 558 731 Quod
595 692 825 741 postquam
864 683 1009 726 Caesar
1040 683 1268 732 intellexit,
1307 683 1492 726 incitatis
1529 681 1718 726 militurn

247 740 396 781 animis
416 741 555 783 resisti
575 742 696 784 nullo
718 741 846 784 modo
867 757 1003 800 posse,
1032 742 1153 800 signo
1183 741 1422 784 Felicitatis
1456 742 1574 791 dato,
1605 752 1719 799 equo

248 798 447 849 admisso,
466 799 508 842 in
528 798 690 842 hostem
714 809 865 844 contra
887 800 1102 859 principes
1123 801 1185 843 ire
1202 800 1437 843 contendit.
1501 800 1540 842 A
1562 799 1719 864 dextro

247 855 422 899 interim
450 872 582 900 cornu
616 859 856 902 funditores
893 860 1192 916 sagittariique
1229 859 1398 901 concita
1433 859 1520 901 tela
1556 860 1601 902 in
1636 859 1719 901 ele-

248 913 433 973 phantos
470 917 720 975 frequentes
757 918 967 975 injiciunt.
1048 918 1147 968 Quo
1184 918 1314 967 facto,
1345 918 1507 968 bestiae,
1538 916 1722 960 stridore

249 973 481 1017 fundarum
501 975 784 1034 lapidumque
805 976 1039 1025 deterritae,
1064 992 1151 1018 sese
1172 985 1423 1019 convertere
1444 986 1487 1020 et
1507 991 1604 1019 suos
1625 983 1722 1035 post

248 1046 292 1074 se
313 1032 562 1091 frequentes
581 1035 846 1092 stipatosque
879 1043 1100 1093 proterere
1133 1044 1178 1077 et
1208 1036 1250 1078 in
1280 1044 1428 1094 portas
1461 1033 1564 1078 valli
1600 1032 1722 1077 serni-

248 1091 383 1149 factas
431 1108 557 1134 ruere
607 1093 887 1136 contendunt.
971 1093 1082 1136 Item
1131 1094 1280 1136 Mauri
1329 1093 1511 1151 equites,
1562 1091 1638 1152 qui
1664 1090 1723 1151 'in

247 1150 398 1192 eodem
428 1166 560 1193 cornu
590 1166 687 1193 cum
719 1151 959 1210 elephantis
993 1161 1133 1201 erant,
1173 1152 1370 1210 praesidio
1397 1152 1571 1200 deserti,
1602 1149 1721 1210 prin-⁴

249 1208 365 1266 cipes
388 1209 577 1265 fugiunt.
643 1209 711 1252 Ita
732 1211 929 1254 celeriter
951 1210 1096 1253 bestiis
1118 1211 1366 1259 circumitis,
1389 1210 1575 1270 legiones
1602 1209 1720 1254 vallo

247 1264 435 1308 hostium
455 1275 555 1309 sunt
584 1268 734 1326 potitae
754 1279 814 1319 et,
847 1268 994 1328 paucis
1023 1269 1201 1319 acriter,
1223 1270 1568 1327 repugnantibus
1588 1267 1720 1312 inter-

247 1325 382 1375 fectis,
414 1325 570 1383 reliqui
592 1329 795 1372 concitati
820 1328 863 1370 in
884 1336 1040 1377 castra,
1071 1328 1183 1370 unde
1214 1327 1356 1387 pridie
1390 1337 1513 1372 erant
1545 1327 1718 1388 egressi,

246 1383 520 1442 confugiunt.

303 1442 375 1485 84.
410 1443 513 1485 Non
534 1443 710 1487 videtur
730 1461 815 1487 esse
838 1445 1259 1504 praetermittendum
1287 1445 1339 1488 de
1368 1445 1534 1489 virtute
1564 1440 1721 1510 milistks
1762 1439 1785 1489 τ’,

246 1501 438 1544 veterani
475 1502 636 1559 quintae
674 1503 867 1562 legionis.
947 1504 1076 1555 Nam,
1120 1521 1254 1563 quum
1292 1505 1334 1547 in
1373 1505 1543 1548 sinistro
1568 1519 1718 1564 ¹cornu

245 1560 516 1619 elephantuS,
546 1563 725 1606 vulnere
753 1564 862 1606 ictus
884 1571 928 1606 et
949 1563 1099 1606 dolore
1122 1564 1377 1613 concitatus,
1400 1563 1443 1606 in
1464 1563 1592 1607 lixam
1609 1564 1718 1608 iner-

245 1634 357 1661 mem
378 1619 573 1676 inpetum
610 1623 790 1672 fecisset,
823 1639 1009 1680 eumque
1040 1623 1120 1665 sub
1153 1622 1263 1680 pede
1293 1622 1533 1674 subditum,
1564 1621 1719 1666 deinde

246 1693 361 1735 genu
398 1677 579 1728 innixus,
624 1681 814 1739 pondere
851 1698 944 1731 suo,
982 1681 1231 1740 proboscide
1253 1690 1394 1724 erecta
1424 1682 1718 1740 vibrantique,

245 1737 428 1778 stridore
464 1740 650 1782 maximo
685 1748 900 1797 premeret
935 1749 1067 1798 atque
1101 1749 1314 1789 enecaret,
1364 1740 1485 1782 miles
1525 1739 1594 1782 hic
1632 1753 1717 1786 non

246 1795 391 1852 potuit
421 1797 529 1854 pati,
553 1799 658 1856 quin
683 1815 726 1841 se
752 1807 966 1840 armatum
987 1799 1132 1840 bestiae
1155 1798 1363 1841 obferret.
1429 1799 1569 1847 Quem
1600 1808 1717 1857 post-

245 1868 371 1910 quam
412 1855 663 1913 elephantus
704 1857 758 1899 ad
799 1873 841 1899 se
883 1856 969 1899 telo
1017 1857 1168 1899 infesto
1209 1857 1353 1899 venire
1395 1856 1715 1907 animadvertit,

245 1912 400 1955 relicto
437 1914 661 1965 cadavere,
707 1915 886 1958 militem
930 1915 1183 1973 proboscide
1223 1915 1463 1957 circumdat
1500 1924 1632 1974 atque
1673 1916 1716 1959 in

246 1971 430 2014 sublime
461 1974 633 2017 extollit
653 1983 880 2017 armatum.
946 1974 1033 2023 Qui
1063 1973 1105 2016 in
1127 1973 1334 2031 ejusmodi
1356 1973 1550 2031 periculo
1579 1990 1717 2032 quum

246 2039 489 2074 constanter
526 2049 549 2075 a
584 2034 738 2076 endum
772 2033 852 2075 sibi
886 2032 1066 2081 videret,
1105 2032 1250 2091 gladio
1320 2031 1602 2082 roboscidem,
1633 2049 1719 2092 qua

246 2097 339 2130 erat
380 2049 685 2141 circumcigatus,
733 2092 909 2139 caedere,
957 2100 1166 2148 quantum
1208 2049 1374 2134 viriiius
1410 2099 1601 2149 poterat,
1633 2106 1717 2136 non

246 2144 442 2189 destitit:
494 2166 582 2207 quo
619 2151 769 2193 dolore
805 2149 1019 2192 adductus
1052 2149 1318 2208 elephantus,
1360 2151 1496 2192 milite
1532 2151 1718 2209 abjecto,

247 2206 431 2248 maximo
453 2223 551 2250 cum
573 2210 758 2252 stridore
780 2225 996 2266 cursuque
1029 2224 1254 2251 conversus
1275 2209 1328 2251 ad
1349 2209 1534 2266 reliquas
1562 2209 1719 2252 bestias

247 2279 289 2305 se
312 2266 488 2322 recepit.

306 2322 377 2365 85.
412 2323 593 2367 Interim
613 2323 784 2381 Thapso
807 2325 881 2383 qui
914 2336 1037 2368 erant
1073 2325 1287 2384 praesidio,
1321 2341 1373 2368 ex
1405 2324 1571 2385 oppido
1591 2342 1718 2386 erup-

248 2381 407 2424 tionem
443 2393 572 2442 porta
608 2384 839 2426 marituma
871 2384 1035 2427 faciunt
1067 2394 1126 2435 et,
1158 2385 1246 2427 sive
1266 2393 1317 2426 ut
1337 2385 1423 2427 suis
1441 2385 1721 2443 subsidio‘oc-

295 2505 399 2545 Siqno
418 2504 517 2535 Fene.
545 2504 634 2536 doto.
672 2502 846 2534 Tesseram
884 2503 953 2536 suis
1016 2505 1316 2546 praesidiotrahunt
1330 2506 1372 2537 ad
1385 2512 1494 2545 erant,
1510 2512 1547 2538 ut
1557 2508 1718 2549 elephas·

250 2546 341 2578 dedit
357 2546 496 2578 verbum
515 2548 679 2579 Felicitas.
724 2548 899 2579 Cellarius.
1022 2551 1062 2580 tis
1078 2548 1120 2579 sit
1140 2548 1281 2580 dativus.

297 2590 500 2623 Fundarnm
567 2591 796 2632 lapidumque.
867 2591 952 2622 Cod.
1068 2595 1197 2627 Quintoe
1212 2594 1357 2633 leqiom's·
1383 2593 1482 2625 Conf.
1499 2602 1571 2627 not.
1585 2595 1628 2627 ad
1637 2605 1667 2627 c.
1683 2597 1717 2627 2.

250 2635 356 2666 Dorv.
372 2641 405 2665 et
421 2635 497 2666 edd.
511 2635 778 2676 vet.sundurum
790 2645 951 2666 saxorum
1066 2638 1269 2669 Proboxcide.
1299 2636 1409 2668 Codd.
1421 2637 1558 2678 quidam
1567 2647 1720 2681 promu-

248 2679 456 2720 plumbique.
1021 2680 1102 2711 cide.
1128 2680 1180 2711 Sic
1199 2687 1231 2711 et
1249 2680 1282 2711 in
1299 2681 1397 2712 codd.
1427 2682 1545 2714 Plinii.

297 2723 482 2754 Deterricae.
515 2722 582 2754 Alii
595 2724 795 2763 perterritae.
1066 2726 1254 2756 Armatum.
1298 2724 1365 2756 Alii
1388 2731 1553 2758 amalus.
1578 2725 1719 2768 perinde

297 2767 380 2798 Cum
396 2767 580 2807 elephantis
594 2774 659 2798 etc.
693 2766 750 2798 Sid
765 2765 865 2798 codd.
883 2772 950 2797 ret.
1018 2774 1078 2798 est.

253 2809 288 2841 In
318 2808 396 2840 aliis
424 2820 502 2841 cum
532 2811 626 2842 deest
646 2822 654 2849 ;
693 2810 778 2842 unde
807 2810 952 2842 editores
1065 2813 1139 2846 Qua
1157 2816 1229 2843 erat
1244 2813 1405 2844 circuvnd.
1422 2812 1519 2846 bene.
1533 2812 1718 2846 refertur-ad

1020 2854 1270 2896 proboscidem.
1296 2855 1364 2889 Alii
1377 2867 1456 2898 quo.
