1946 3261
625 237 745 289 LIB.
806 237 946 290 CAP.
980 237 1174 295 'Ji-74.
1566 239 1656 284 467

163 361 394 423 cumpositi
426 369 528 413 sunt
559 361 661 408 huic
696 364 864 424 oppido
902 363 1049 422 magni
1085 363 1317 423 multique,
1347 363 1538 414 intercisi
1560 366 1653 411 val-

163 423 295 475 libus,
350 422 518 469 colles.
591 439 781 483 quorum
838 423 1095 474 editissimus
1143 440 1270 476 unus,
1322 425 1415 483 qui,
1464 434 1653 494 plopter

163 481 391 527 victoriam
446 482 717 527 Mithridatis
761 491 808 527 et
856 482 1158 527 infelicitatem
1207 483 1370 528 Triarii
1414 484 1654 533 detrimen-

164 548 348 600 tumque
388 541 604 586 exercitus
651 543 805 593 nostri,
855 558 908 591 3ιι
944 541 1160 585 erio1ibus
1203 542 1311 586 locis
1351 550 1487 602 atque
1528 545 1655 589 itine-

163 600 287 650 ribus
322 617 445 668 paene
489 600 747 659 conjunctus
788 601 895 660 oppi
929 616 971 652 o,
1017 616 1221 669 magnam
1259 601 1303 644 in
1338 601 1424 652 illis
1454 603 1657 661 partibus

161 659 296 710 habet
342 659 651 709 nobilitatem:
709 675 788 703 nee
838 660 982 704 multo
1031 659 1203 719 longius
1238 659 1416 710 milibus
1447 678 1654 720 passuum

162 720 305 769 tribus
339 718 465 762 abest
496 719 556 767 ab
591 718 714 767 Zela.
790 718 922 762 Hunc
954 719 1099 769 locum
1135 719 1395 771 Pharnaces,
1429 722 1657 769 veteribus

163 787 448 846 paternorum
476 777 667 823 felicium
687 786 933 822 castrorum
962 778 1136 825 refectis
1156 779 1379 839 operibus,
1400 779 1539 839 copiis
1568 780 1657 829 suis

162 836 362 884 omnibus
380 837 629 896 occupavit.

223 896 294 940 73.
328 897 491 946 Caesar,
515 912 651 955 quum
676 897 733 941 ab
765 896 887 942 hoste
906 896 1027 942 milia
1048 912 1253 956 passuum
1281 896 1478 956 quinque
1511 904 1658 943 castra

164 955 378 1016 posuisset
409 955 667 1014 videretque
697 972 767 1000 eas
797 957 947 1007 valles,
983 957 1144 1015 quibus
1178 956 1321 1014 Regia
1352 965 1496 1000 castra
1517 956 1658 1005 muni-

165 1024 334 1066 rentur,
367 1015 522 1061 eodem
553 1016 787 1060 intervallo
807 1032 883 1059 sua
906 1025 1048 1066 castra
1080 1015 1344 1066 munituras,
1378 1017 1412 1060 si
1444 1014 1576 1059 modo
1604 1031 1658 1058 ea

165 1075 262 1119 loca
281 1074 424 1120 hostes
444 1075 613 1133 priores
635 1091 724 1119 non
743 1076 970 1134 cepissent,
993 1091 1092 1143 quae
1121 1074 1262 1118 multo
1290 1084 1416 1118 erant
1444 1075 1658 1142 propiora

166 1134 299 1193 Regis
318 1134 501 1183 castris3
532 1150 738 1193 aggerem
773 1135 1040 1202 comportari
1068 1135 1196 1201 jubet
1228 1134 1344 1178 intia
1375 1133 1653 1202 munitiones.

166 1194 267 1244 Quo
285 1193 486 1238 celeriter
507 1195 696 1243 conlato,
721 1210 920 1253 proxlma
939 1203 1082 1244 nocte,
1107 1193 1258 1252 vigilia
1275 1201 1453 1251 quarta,
1474 1193 1517 1236 le
1551 1193 1658 1237 ioni-

166 1253 249 1296 bus
271 1253 469 1299 omnibus
501 1253 728 1321 expeditis,
772 1252 1164 1312 inpedimentisque
1201 1253 1245 1296 in
1286 1253 1435 1296 castris
1474 1211 1657 1304 affictis,

165 1312 309 1379 prima
340 1311 455 1362 luce,
483 1328 625 1370 neque
652 1312 930 1370 opinantibus
964 1312 1176 1363 hostibus,
1211 1328 1311 1356 eum
1333 1313 1476 1371 ipsum
1511 1311 1659 1359 locum

165 1370 301 1428 cepit,
343 1370 387 1414 in
441 1386 530 1429 quo
578 1370 861 1415 Mithridates
904 1371 1145 1417 secundum
1186 1371 1393 1428 proelium
1449 1370 1660 1417 adversus

166 1429 388 1474 T1iarium
424 1430 605 1474 fecerat.
670 1430 773 1473 Huc
813 1445 982 1474 omnem
1025 1438 1350 1498 comportatum
1396 1446 1605 1490 aggerem
1632 1446 1659 1478 e

166 1489 316 1535 castris
337 1489 516 1532 servitia
542 1498 724 1548 agerent
754 1489 898 1548 jussit,
935 1505 990 1533 ne
1027 1489 1125 1548 quis
1161 1489 1219 1533 ab
1255 1504 1389 1548 opere
1423 1490 1546 1534 miles
1575 1489 1659 1533 dis-

166 1547 359 1598 cederet,
393 1564 531 1607 quum
566 1549 709 1607 spatio
746 1564 831 1592 non
871 1548 1057 1607 amplius
1093 1548 1197 1591 mile
1227 1563 1435 1607 passuum
1456 1548 1660 1598 intercisa

166 1608 290 1652 vallis
310 1616 452 1651 castra
472 1607 661 1651 hostium
682 1607 902 1652 divideret
931 1609 989 1653 ab
1010 1624 1144 1667 opere
1171 1607 1348 1667 incepto
1372 1608 1555 1651 Caesaris
1572 1623 1661 1652 cas-

164 1675 350 1712 trorum.

228 1726 298 1770 74.
334 1723 589 1779 PharnaceS‚
625 1740 762 1784 quum
797 1724 843 1769 id
879 1733 1062 1785 repente
1095 1725 1238 1784 prima
1258 1726 1355 1770 luce
1386 1725 1662 1771 animadver-

219 1823 324 1862 Unus.
375 1821 528 1854 Scotium
564 1827 662 1854 vocat
698 1820 880 1864 Appianus

168 1866 289 1900 Mithr.
302 1877 335 1899 c.
354 1866 429 1899 120.

219 1912 391 1951 Triarius,
404 1921 426 1944 a
440 1911 601 1951 Lucullo,
615 1909 798 1952 Tigranem
816 1911 879 1943 Ar-

169 1955 320 1996 menium
336 1961 572 1998 persequente,
600 1954 633 1987 in
652 1956 763 1987 Ponto
779 1955 880 1987 relic-

169 2006 236 2039 tus,
250 1999 381 2042 ingenti
397 2000 495 2031 clade
509 2010 531 2031 a
547 1999 748 2031 Mithridate
760 1999 880 2031 adflic-

170 2050 224 2076 tus
236 2049 300 2075 est.
331 2042 483 2085 Appian.
497 2044 537 2075 B.
550 2043 710 2075 Mithrid.
725 2053 805 2085 cap.
822 2046 878 2075 89.

173 2099 209 2130 p.
225 2088 302 2120 231.
328 2093 363 2119 et
388 2097 422 2119 c.
451 2089 526 2119 120.
550 2098 584 2129 p.
605 2088 683 2120 254.
707 2087 879 2120 Plutarch.

171 2132 307 2165 Lucuil.
321 2141 354 2164 c.
371 2133 426 2163 35.
444 2132 623 2164 Cauarius.

216 2176 455 2219 Superioribus
467 2177 546 2208 locis
558 2192 603 2198 --
616 2175 750 2217 oppido.
793 2176 879 2208 Haec

168 2220 274 2254 verba
296 2230 364 2253 non
387 2231 450 2253 suo
472 2220 551 2252 loco
568 2220 691 2262 posita,
718 2220 777 2251 sed
805 2225 883 2262 post

169 2265 312 2298 verbum
326 2265 535 2298 nobilitatem
560 2264 773 2296 conlocanda
786 2269 883 2306 puto.

172 2312 276 2343 Porro
291 2310 516 2352 superioribus
532 2310 610 2342 locis
631 2313 733 2351 atque
756 2311 886 2341 itineri-

171 2355 233 2386 bus
248 2353 405 2395 suspicor
420 2353 549 2386 dictum
567 2363 641 2385 esse
659 2364 734 2395 pro,
752 2355 882 2385 itineri-

173 2399 235 2431 bus
245 2409 308 2441 per
316 2400 491 2440 superiora
501 2399 576 2430 loc-a
589 2409 618 2430 s.
630 2398 725 2440 juga,
740 2402 779 2429 ut
793 2398 880 2429 adeo

174 2442 386 2476 editissimus
402 2442 463 2474 ille
478 2442 583 2475 collis
607 2452 704 2492 paene
720 2442 884 2484 conjunc-

172 2493 229 2519 tus
243 2485 344 2519 fuerit
358 2485 506 2529 oppido,
520 2485 601 2528 quia
613 2486 678 2518 iter
687 2486 733 2518 ab
745 2497 788 2518 eo
804 2486 883 2517 inde

173 2532 218 2564 ad
233 2530 402 2574 oppidum
416 2541 525 2573 usque
539 2530 605 2563 fuit
629 2541 693 2572 per
706 2530 885 2573 superiora

175 2576 255 2608 loca
271 2587 299 2608 s.
310 2575 404 2617 juga.
438 2574 496 2607 Sic
512 2580 547 2606 et
559 2573 769 2624 Wagnerus
760 2585 794 2607 m
809 2585 885 2607 ver-

176 2620 275 2653 sione
289 2618 490 2652 Germanica
504 2618 687 2660 expressit.
717 2621 769 2651 M.

225 2665 294 2697 Nec
306 2665 420 2696 multo.
451 2663 535 2705 Leg.
556 2673 627 2695 non
638 2675 685 2695 m.
713 2661 886 2695 Procurrit

176 2719 257 2750 ergo
274 2707 384 2740 oratio
399 2707 432 2739 in
450 2707 540 2739 hunc
555 2708 717 2739 modum:
740 2718 886 2750 quorum

178 2753 378 2789 editissimas
391 2762 492 2791 unus,
507 2753 596 2793 (qui,
606 2757 745 2794 propter
755 2753 888 2784 victori-

177 2808 237 2830 am
251 2797 475 2834 Mithridatis,
488 2796 548 2838 ins.
565 2797 626 2828 Tr.
638 2797 890 2829 detrimentum·

178 2851 244 2884 que
259 2843 425 2874 eoeercitus
438 2842 556 2879 nostri,
578 2851 743 2883 ‘maynam
763 2842 801 2872 in
820 2841 888 2871 ill-is

176 2886 330 2927 partibus
340 2886 440 2918 habet
452 2885 658 2917 nobilitatem
659 2887 698 2926 ,)
711 2886 889 2927 super-wri-

178 2930 239 2962 ἔκιε
267 2931 344 2962 locis
369 2934 473 2971 atque
497 2929 671 2962 ianm-im
688 2938 784 2973 poene
811 2939 889 2961 con-

168 2977 311 3015 junctus
319 2973 448 3016 oppido,
462 2983 531 3007 non
545 2975 705 3008 multo-
718 2974 812 3008 Zela.
834 2973 875 3008 M
878 2997 886 3005 .

994 1822 1075 1853 Huc
1088 1831 1221 1854 omnem
1238 1823 1406 1864 —ny'ussih
1450 1821 1489 1854 In
1514 1821 1568 1854 his
1591 1831 1659 1854 non

946 1865 1126 1905 habemus,
1151 1866 1285 1908 opinor,
1309 1866 1492 1908 genuinam
1518 1875 1659 1898 manum

945 1909 1136 1951 scriptoris.
1181 1911 1319 1943 Habent
1346 1912 1446 1943 codd.
1475 1910 1539 1943 alii
1570 1922 1659 1946 com-

943 1956 1105 1998 portari;
1138 1954 1199 1990 alii
1229 1961 1441 1997 aqeremur5
1478 1954 1542 1986 alii
1566 1957 1627 1995 aqi
1643 1965 1660 1994 ‚-

945 1998 1009 2031 alii
1026 2001 1230 2041 sert-niaque
1245 2002 1317 2041 αφ’.
1348 1999 1440 2037 Quia
1452 2004 1568 2030 tamen
1585 1997 1661 2030 Ou-

946 2043 1155 2084 dendorpius
1185 2043 1247 2083 sic,
1285 2049 1323 2075 ut
1344 2043 1464 2082 edidit,
1489 2052 1659 2075 consensu

948 2087 1049 2119 MSS.
1071 2088 1254 2129 legendum
1278 2087 1390 2119 dicit·
1421 2099 1544 2130 sequar
1570 2087 1662 2119 hano

947 2131 1134 2164 lectionem
1164 2131 1224 2170 ita,
1254 2136 1293 2163 ut
1323 2137 1466 2175 aym-ent
1496 2131 1530 2164 in
1558 2142 1663 2174 aqere

949 2180 1091 2207 mutem.
1138 2176 1245 2217 Aqere
1270 2186 1443 2218 ayyevem,
1471 2175 1580 2208 rarior
1607 2175 1662 2207 lo-

944 2219 1069 2260 quendi
1103 2220 1239 2259 modus,
1267 2220 1473 2262 {significan
1516 2218 1661 2259 adferre,

947 2264 1128 2302 advehere,
1174 2274 1392 2306 quocumque
1440 2265 1545 2296 modo
1587 2243 1662 2297 fieri

951 2312 1063 2349 potest
1099 2308 1280 2350 adportare
1315 2308 1493 2341 materiam
1527 2308 1663 2351 aggeris

947 2351 1116 2384 faciundi.
1160 2354 1211 2385 M.
1265 2353 1397 2385 Petavii
1424 2353 1547 2392 codex,
1579 2363 1661 2395 aye-

949 2401 1026 2428 rent
1042 2398 1158 2437 jussit.
1215 2397 1272 2430 Sic
1301 2398 1347 2430 H.
1369 2399 1423 2430 2⁷.
1447 2397 1661 2430 incenderent

941 2442 1058 2482 jussit.
1088 2440 1177 2473 Dein
1193 2453 1294 2485 aym-e
1310 2452 1473 2484 aqqerem
1487 2441 1546 2473 hic
1564 2446 1597 2472 et
1612 2440 1660 2472 Η.

953 2487 984 2516 7.
1002 2490 1040 2516 ut
1062 2496 1164 2528 aqere
1186 2489 1302 2518 vineas
1331 2486 1374 2517 G.
1391 2489 1425 2524 2,
1443 2488 1496 2517 12.
1538 2486 1660 2526 Inepte

952 2529 1108 2561 Jurinius
1135 2530 1238 2562 dabat
1267 2531 1465 2572 comportari
1500 2539 1662 2572 aqqerem

946 2584 1011 2617 per
1023 2575 1284 2616 smwitiajussit.
1299 2573 1486 2605 cellarius.
1512 2583 1663 2615 compor—

951 2620 1022 2650 tari
1035 2629 1197 2660 ayqerem
1213 2630 1231 2651 e
1251 2621 1371 2650 castris
1381 2619 1587 2659 sert-itiaque
1602 2618 1666 2660 aqi

951 2661 1225 2705 (inpelli)jussit.
1254 2662 1307 2694 Cf.
1316 2662 1406 2694 Oud.
1418 2662 1462 2694 ad
1474 2662 1565 2693 Suet
1579 2660 1659 2693 Ner.

952 2716 986 2738 c.
1002 2711 1056 2738 22.

1000 2752 1166 2783 Intercisa
1192 2751 1305 2789 vallis,
1349 2750 1385 2781 h.
1412 2760 1445 2782 e.
1477 2749 1665 2793 interjecta.

955 2794 1021 2827 Sed
1034 2797 1228 2828 intercisum
1249 2804 1318 2827 non
1345 2799 1396 2826 est
1423 2794 1662 2837 interjectum,
1653 2805 1663 2813 ·

956 2840 1072 2882 potius
1086 2839 1121 2872 id
1137 2839 1266 2871 dicitur
1278 2841 1482 2878 intercisum,
1503 2840 1594 2881 quod
1610 2838 1664 2871 in-

955 2884 1097 2916 tervallo
1114 2884 1301 2926 sejunctum
1317 2888 1351 2915 et
1369 2882 1520 2923 divisum
1542 2889 1595 2916 est
1618 2882 1666 2915 ab

954 2929 1075 2960 altero.
1102 2939 1136 2960 v.
1159 2929 1232 2960 Ind.
1254 2929 1322 2961 Aut
1343 2938 1424 2970 ergo
1452 2928 1487 2960 h·
1502 2929 1528 2960 l.
1556 2927 1665 2960 verbo

956 2972 1085 3008 abusus
1101 2978 1153 3007 est
1170 2972 1341 3017 scriptor3
1330 2973 1666 3051 ,autHagnosce-nda
