<?xml version="1.0" encoding="UTF-8"?>
<!DOCTYPE html PUBLIC "-//W3C//DTD XHTML 1.0 Transitional//EN"
    "http://www.w3.org/TR/xhtml1/DTD/xhtml1-transitional.dtd">
<html xmlns="http://www.w3.org/1999/xhtml" xml:lang="en" lang="en">
 <head>
  <title>
</title>
<meta http-equiv="Content-Type" content="text/html;charset=utf-8" />
  <meta name='ocr-system' content='tesseract 3.04.00' />
  <meta name='ocr-capabilities' content='ocr_page ocr_carea ocr_par ocr_line ocrx_word'/>
</head>
<body>
  <div class='ocr_page' id='page_1' title='image "./commentariidebel00caesuoft_0457.png"; bbox 0 0 1946 3261; ppageno 0'>
   <div class='ocr_carea' id='block_1_1' title="bbox 595 219 1672 281">
    <p class='ocr_par' dir='ltr' id='par_1_1' title="bbox 595 219 1672 281">
     <span class='ocr_line' id='line_1_1' title="bbox 595 219 1672 281; baseline -0.002 -15"><span class='ocrx_word' id='word_1_1' title='bbox 595 222 714 267; x_wconf 92' lang='lat' dir='ltr'>LIB.</span> <span class='ocrx_word' id='word_1_2' title='bbox 745 221 832 267; x_wconf 88' lang='grc' dir='ltr'><strong>ΙΙΙ.</strong></span> <span class='ocrx_word' id='word_1_3' title='bbox 893 222 1034 267; x_wconf 87' lang='lat' dir='ltr'>CAP.</span> <span class='ocrx_word' id='word_1_4' title='bbox 1071 221 1169 281; x_wconf 90' lang='lat'>110,</span> <span class='ocrx_word' id='word_1_5' title='bbox 1205 221 1301 265; x_wconf 90' lang='lat'>111.</span> <span class='ocrx_word' id='word_1_6' title='bbox 1586 219 1672 265; x_wconf 81' lang='lat'>417</span> 
     </span>
    </p>
   </div>
   <div class='ocr_carea' id='block_1_2' title="bbox 179 345 1688 2114">
    <p class='ocr_par' dir='ltr' id='par_1_2' title="bbox 180 345 1680 863">
     <span class='ocr_line' id='line_1_2' title="bbox 184 345 1675 410; baseline 0 -20"><span class='ocrx_word' id='word_1_7' title='bbox 184 348 225 390; x_wconf 93' lang='lat' dir='ltr'>in</span> <span class='ocrx_word' id='word_1_8' title='bbox 244 346 370 391; x_wconf 89' lang='lat' dir='ltr'>simili</span> <span class='ocrx_word' id='word_1_9' title='bbox 387 349 520 409; x_wconf 88' lang='lat' dir='ltr'>culpa</span> <span class='ocrx_word' id='word_1_10' title='bbox 537 351 840 401; x_wconf 82' lang='lat' dir='ltr'><strong>versabantur,</strong></span> <span class='ocrx_word' id='word_1_11' title='bbox 856 350 937 410; x_wconf 89' lang='lat' dir='ltr'>ipsi</span> <span class='ocrx_word' id='word_1_12' title='bbox 957 366 1039 409; x_wconf 89' lang='lat' dir='ltr'>pro</span> <span class='ocrx_word' id='word_1_13' title='bbox 1055 367 1134 393; x_wconf 92' lang='lat' dir='ltr'>suo</span> <span class='ocrx_word' id='word_1_14' title='bbox 1152 349 1350 409; x_wconf 87' lang='lat' dir='ltr'>periculo</span> <span class='ocrx_word' id='word_1_15' title='bbox 1366 345 1675 392; x_wconf 66' lang='lat' dir='ltr'><strong>defendebant.</strong></span> 
     </span>
     <span class='ocr_line' id='line_1_3' title="bbox 185 407 1679 467; baseline 0 -18"><span class='ocrx_word' id='word_1_16' title='bbox 185 407 247 449; x_wconf 94' lang='lat' dir='ltr'>Hi</span> <span class='ocrx_word' id='word_1_17' title='bbox 268 407 443 466; x_wconf 81' lang='lat' dir='ltr'>Regum</span> <span class='ocrx_word' id='word_1_18' title='bbox 463 410 620 453; x_wconf 89' lang='lat' dir='ltr'>amicos</span> <span class='ocrx_word' id='word_1_19' title='bbox 639 411 694 453; x_wconf 88' lang='lat' dir='ltr'>ad</span> <span class='ocrx_word' id='word_1_20' title='bbox 714 419 900 453; x_wconf 89' lang='lat' dir='ltr'>mortem</span> <span class='ocrx_word' id='word_1_21' title='bbox 918 410 1174 467; x_wconf 87' lang='lat' dir='ltr'>deposcere;</span> <span class='ocrx_word' id='word_1_22' title='bbox 1208 409 1251 452; x_wconf 93' lang='lat' dir='ltr'>hi</span> <span class='ocrx_word' id='word_1_23' title='bbox 1270 410 1386 452; x_wconf 89' lang='lat' dir='ltr'>bona</span> <span class='ocrx_word' id='word_1_24' title='bbox 1403 408 1679 466; x_wconf 86' lang='lat' dir='ltr'>locupletum</span> 
     </span>
     <span class='ocr_line' id='line_1_4' title="bbox 184 464 1679 527; baseline 0.001 -20"><span class='ocrx_word' id='word_1_25' title='bbox 184 464 377 524; x_wconf 85' lang='lat' dir='ltr'>diripere</span> <span class='ocrx_word' id='word_1_26' title='bbox 417 469 623 527; x_wconf 90' lang='lat' dir='ltr'>stipendii</span> <span class='ocrx_word' id='word_1_27' title='bbox 658 469 846 526; x_wconf 87' lang='lat' dir='ltr'>augendi</span> <span class='ocrx_word' id='word_1_28' title='bbox 884 484 1044 517; x_wconf 81' lang='lat' dir='ltr'>caussa,</span> <span class='ocrx_word' id='word_1_29' title='bbox 1081 467 1216 526; x_wconf 84' lang='lat' dir='ltr'>Regis</span> <span class='ocrx_word' id='word_1_30' title='bbox 1245 468 1424 510; x_wconf 90' lang='lat' dir='ltr'>domum</span> <span class='ocrx_word' id='word_1_31' title='bbox 1460 466 1679 517; x_wconf 88' lang='lat' dir='ltr'>obsidere,</span> 
     </span>
     <span class='ocr_line' id='line_1_5' title="bbox 185 523 1679 585; baseline 0 -18"><span class='ocrx_word' id='word_1_32' title='bbox 185 523 342 582; x_wconf 84' lang='lat' dir='ltr'>Regno</span> <span class='ocrx_word' id='word_1_33' title='bbox 371 528 588 585; x_wconf 80' lang='lat' dir='ltr'>expellere</span> <span class='ocrx_word' id='word_1_34' title='bbox 621 527 744 576; x_wconf 89' lang='lat' dir='ltr'>alios,</span> <span class='ocrx_word' id='word_1_35' title='bbox 775 527 882 570; x_wconf 89' lang='lat' dir='ltr'>alios</span> <span class='ocrx_word' id='word_1_36' title='bbox 902 541 1127 574; x_wconf 85' lang='lat' dir='ltr'>arcessere,</span> <span class='ocrx_word' id='word_1_37' title='bbox 1161 535 1308 569; x_wconf 90' lang='lat' dir='ltr'>vetere</span> <span class='ocrx_word' id='word_1_38' title='bbox 1331 526 1522 583; x_wconf 90' lang='lat' dir='ltr'>quodam</span> <span class='ocrx_word' id='word_1_39' title='bbox 1545 526 1679 568; x_wconf 83' lang='lat' dir='ltr'>Alex-</span> 
     </span>
     <span class='ocr_line' id='line_1_6' title="bbox 180 583 1680 643; baseline 0.001 -18"><span class='ocrx_word' id='word_1_40' title='bbox 180 583 352 626; x_wconf 73' lang='lat' dir='ltr'>andrhfi</span> <span class='ocrx_word' id='word_1_41' title='bbox 385 587 600 629; x_wconf 66' lang='lat' dir='ltr'>exercstus</span> <span class='ocrx_word' id='word_1_42' title='bbox 639 586 859 635; x_wconf 68' lang='lat' dir='ltr'>insffltuto,</span> <span class='ocrx_word' id='word_1_43' title='bbox 901 594 1227 627; x_wconf 82' lang='lat' dir='ltr'>consueverant.</span> <span class='ocrx_word' id='word_1_44' title='bbox 1290 585 1429 628; x_wconf 77' lang='lat' dir='ltr'>IErant</span> <span class='ocrx_word' id='word_1_45' title='bbox 1465 594 1680 643; x_wconf 56' lang='lat' dir='ltr'>prasterea</span> 
     </span>
     <span class='ocr_line' id='line_1_7' title="bbox 181 641 1680 701; baseline 0.001 -17"><span class='ocrx_word' id='word_1_46' title='bbox 181 642 379 699; x_wconf 89' lang='lat' dir='ltr'>equitum</span> <span class='ocrx_word' id='word_1_47' title='bbox 413 645 532 686; x_wconf 89' lang='lat' dir='ltr'>milia</span> <span class='ocrx_word' id='word_1_48' title='bbox 563 644 667 687; x_wconf 92' lang='lat' dir='ltr'>duo.</span> <span class='ocrx_word' id='word_1_49' title='bbox 732 644 1091 686; x_wconf 86' lang='lat' dir='ltr'>Inveteraverant</span> <span class='ocrx_word' id='word_1_50' title='bbox 1126 641 1171 683; x_wconf 93' lang='lat' dir='ltr'>hi</span> <span class='ocrx_word' id='word_1_51' title='bbox 1202 659 1348 686; x_wconf 89' lang='lat' dir='ltr'>omnes</span> <span class='ocrx_word' id='word_1_52' title='bbox 1378 644 1680 701; x_wconf 86' lang='lat' dir='ltr'>compluribus</span> 
     </span>
     <span class='ocr_line' id='line_1_8' title="bbox 181 699 1679 760; baseline 0.001 -18"><span class='ocrx_word' id='word_1_53' title='bbox 181 701 456 745; x_wconf 75' lang='lat' dir='ltr'>Alexandriae</span> <span class='ocrx_word' id='word_1_54' title='bbox 470 703 613 751; x_wconf 90' lang='lat' dir='ltr'>bellis,</span> <span class='ocrx_word' id='word_1_55' title='bbox 630 702 913 745; x_wconf 72' lang='lat' dir='ltr'>Ptolemaeum</span> <span class='ocrx_word' id='word_1_56' title='bbox 930 710 1102 760; x_wconf 89' lang='lat' dir='ltr'>patrem</span> <span class='ocrx_word' id='word_1_57' title='bbox 1119 700 1161 742; x_wconf 93' lang='lat' dir='ltr'>in</span> <span class='ocrx_word' id='word_1_58' title='bbox 1182 699 1383 757; x_wconf 86' lang='lat' dir='ltr'>Regnum</span> <span class='ocrx_word' id='word_1_59' title='bbox 1400 701 1679 752; x_wconf 83' lang='lat' dir='ltr'>reduxerant,</span> 
     </span>
     <span class='ocr_line' id='line_1_9' title="bbox 182 758 1678 818; baseline 0.001 -17"><span class='ocrx_word' id='word_1_60' title='bbox 182 759 333 801; x_wconf 90' lang='lat' dir='ltr'>Bibuli</span> <span class='ocrx_word' id='word_1_61' title='bbox 349 759 460 803; x_wconf 92' lang='lat' dir='ltr'>filios</span> <span class='ocrx_word' id='word_1_62' title='bbox 479 761 588 804; x_wconf 91' lang='lat' dir='ltr'>duos</span> <span class='ocrx_word' id='word_1_63' title='bbox 610 761 935 810; x_wconf 83' lang='lat' dir='ltr'>interfecerant,</span> <span class='ocrx_word' id='word_1_64' title='bbox 953 760 1071 803; x_wconf 89' lang='lat' dir='ltr'>bella</span> <span class='ocrx_word' id='word_1_65' title='bbox 1089 774 1190 803; x_wconf 86' lang='lat' dir='ltr'>cum</span> <span class='ocrx_word' id='word_1_66' title='bbox 1207 758 1429 817; x_wconf 78' lang='lat' dir='ltr'>AEgyptiis</span> <span class='ocrx_word' id='word_1_67' title='bbox 1443 769 1678 818; x_wconf 86' lang='lat' dir='ltr'>gesserant.</span> 
     </span>
     <span class='ocr_line' id='line_1_10' title="bbox 183 817 1018 863; baseline 0.002 -4"><span class='ocrx_word' id='word_1_68' title='bbox 183 817 314 859; x_wconf 90' lang='lat' dir='ltr'>Hunc</span> <span class='ocrx_word' id='word_1_69' title='bbox 335 835 461 862; x_wconf 92' lang='lat' dir='ltr'>usum</span> <span class='ocrx_word' id='word_1_70' title='bbox 481 820 546 863; x_wconf 90' lang='lat' dir='ltr'>rei</span> <span class='ocrx_word' id='word_1_71' title='bbox 565 820 766 862; x_wconf 89' lang='lat' dir='ltr'>militaris</span> <span class='ocrx_word' id='word_1_72' title='bbox 783 819 1018 862; x_wconf 85' lang='lat' dir='ltr'>habebant.</span> 
     </span>
    </p>

    <p class='ocr_par' dir='ltr' id='par_1_3' title="bbox 179 875 1688 2114">
     <span class='ocr_line' id='line_1_11' title="bbox 244 875 1681 937; baseline 0.001 -19"><span class='ocrx_word' id='word_1_73' title='bbox 244 876 459 921; x_wconf 63' lang='lat' dir='ltr'>lll.I{ss</span> <span class='ocrx_word' id='word_1_74' title='bbox 496 879 630 937; x_wconf 72' lang='lat' dir='ltr'>copfis</span> <span class='ocrx_word' id='word_1_75' title='bbox 670 878 805 922; x_wconf 89' lang='lat' dir='ltr'>fidens</span> <span class='ocrx_word' id='word_1_76' title='bbox 844 878 1054 927; x_wconf 61' lang='lat' dir='ltr'>Achsshss,</span> <span class='ocrx_word' id='word_1_77' title='bbox 1096 875 1452 935; x_wconf 64' lang='lat' dir='ltr'>paucstaunnque</span> <span class='ocrx_word' id='word_1_78' title='bbox 1491 877 1681 920; x_wconf 69' lang='lat' dir='ltr'>unhunn</span> 
     </span>
     <span class='ocr_line' id='line_1_12' title="bbox 181 935 1680 996; baseline 0.002 -19"><span class='ocrx_word' id='word_1_79' title='bbox 181 935 363 979; x_wconf 81' lang='lat' dir='ltr'>Caesaris</span> <span class='ocrx_word' id='word_1_80' title='bbox 385 937 640 996; x_wconf 86' lang='lat' dir='ltr'>despiciens,</span> <span class='ocrx_word' id='word_1_81' title='bbox 668 939 913 996; x_wconf 87' lang='lat' dir='ltr'>occupabat</span> <span class='ocrx_word' id='word_1_82' title='bbox 936 936 1262 985; x_wconf 84' lang='lat' dir='ltr'>Alexandriam,</span> <span class='ocrx_word' id='word_1_83' title='bbox 1297 943 1457 993; x_wconf 88' lang='lat' dir='ltr'>praeter</span> <span class='ocrx_word' id='word_1_84' title='bbox 1480 951 1577 978; x_wconf 88' lang='lat' dir='ltr'>eam</span> <span class='ocrx_word' id='word_1_85' title='bbox 1602 953 1680 995; x_wconf 92' lang='lat' dir='ltr'>op-</span> 
     </span>
     <span class='ocr_line' id='line_1_13' title="bbox 181 993 1680 1055; baseline 0.001 -19"><span class='ocrx_word' id='word_1_86' title='bbox 181 993 274 1053; x_wconf 89' lang='lat' dir='ltr'>pidi</span> <span class='ocrx_word' id='word_1_87' title='bbox 296 1005 484 1053; x_wconf 83' lang='lat' dir='ltr'>partem,</span> <span class='ocrx_word' id='word_1_88' title='bbox 513 1013 646 1055; x_wconf 91' lang='lat' dir='ltr'>quam</span> <span class='ocrx_word' id='word_1_89' title='bbox 679 997 822 1040; x_wconf 84' lang='lat' dir='ltr'>Caesar</span> <span class='ocrx_word' id='word_1_90' title='bbox 855 1012 954 1039; x_wconf 91' lang='lat' dir='ltr'>cum</span> <span class='ocrx_word' id='word_1_91' title='bbox 983 995 1196 1038; x_wconf 86' lang='lat' dir='ltr'>militibus</span> <span class='ocrx_word' id='word_1_92' title='bbox 1224 994 1418 1043; x_wconf 89' lang='lat' dir='ltr'>tenebat,</span> <span class='ocrx_word' id='word_1_93' title='bbox 1453 994 1594 1052; x_wconf 90' lang='lat' dir='ltr'>primo</span> <span class='ocrx_word' id='word_1_94' title='bbox 1618 996 1680 1038; x_wconf 90' lang='lat' dir='ltr'>in-</span> 
     </span>
     <span class='ocr_line' id='line_1_14' title="bbox 179 1052 1681 1113; baseline 0.001 -18"><span class='ocrx_word' id='word_1_95' title='bbox 179 1062 288 1112; x_wconf 89' lang='lat' dir='ltr'>petu</span> <span class='ocrx_word' id='word_1_96' title='bbox 324 1055 500 1098; x_wconf 90' lang='lat' dir='ltr'>domum</span> <span class='ocrx_word' id='word_1_97' title='bbox 533 1057 625 1113; x_wconf 85' lang='lat' dir='ltr'>ejus</span> <span class='ocrx_word' id='word_1_98' title='bbox 658 1055 905 1113; x_wconf 88' lang='lat' dir='ltr'>inrumpere</span> <span class='ocrx_word' id='word_1_99' title='bbox 936 1063 1135 1098; x_wconf 85' lang='lat' dir='ltr'>conatus:</span> <span class='ocrx_word' id='word_1_100' title='bbox 1165 1054 1241 1097; x_wconf 88' lang='lat' dir='ltr'>sed</span> <span class='ocrx_word' id='word_1_101' title='bbox 1273 1053 1434 1102; x_wconf 87' lang='lat' dir='ltr'>Caesar,</span> <span class='ocrx_word' id='word_1_102' title='bbox 1461 1052 1681 1112; x_wconf 87' lang='lat' dir='ltr'>dispositis</span> 
     </span>
     <span class='ocr_line' id='line_1_15' title="bbox 181 1112 1681 1173; baseline 0.001 -19"><span class='ocrx_word' id='word_1_103' title='bbox 181 1128 262 1170; x_wconf 89' lang='lat' dir='ltr'>per</span> <span class='ocrx_word' id='word_1_104' title='bbox 282 1113 372 1156; x_wconf 91' lang='lat' dir='ltr'>vias</span> <span class='ocrx_word' id='word_1_105' title='bbox 393 1115 662 1165; x_wconf 84' lang='lat' dir='ltr'>cohortibus,</span> <span class='ocrx_word' id='word_1_106' title='bbox 684 1115 884 1173; x_wconf 90' lang='lat' dir='ltr'>inpetum</span> <span class='ocrx_word' id='word_1_107' title='bbox 905 1115 997 1172; x_wconf 75' lang='lat' dir='ltr'>ejus</span> <span class='ocrx_word' id='word_1_108' title='bbox 1018 1113 1237 1156; x_wconf 84' lang='lat' dir='ltr'>sustinuit.</span> <span class='ocrx_word' id='word_1_109' title='bbox 1300 1112 1551 1170; x_wconf 87' lang='lat' dir='ltr'>Eodemque</span> <span class='ocrx_word' id='word_1_110' title='bbox 1574 1121 1681 1156; x_wconf 89' lang='lat' dir='ltr'>tem-</span> 
     </span>
     <span class='ocr_line' id='line_1_16' title="bbox 180 1172 1682 1232; baseline 0.002 -18"><span class='ocrx_word' id='word_1_111' title='bbox 180 1187 287 1230; x_wconf 89' lang='lat' dir='ltr'>pore</span> <span class='ocrx_word' id='word_1_112' title='bbox 322 1183 569 1230; x_wconf 87' lang='lat' dir='ltr'>pugnatum</span> <span class='ocrx_word' id='word_1_113' title='bbox 601 1183 666 1216; x_wconf 88' lang='lat' dir='ltr'>est</span> <span class='ocrx_word' id='word_1_114' title='bbox 697 1174 752 1216; x_wconf 92' lang='lat' dir='ltr'>ad</span> <span class='ocrx_word' id='word_1_115' title='bbox 783 1182 986 1232; x_wconf 87' lang='lat' dir='ltr'>portum;</span> <span class='ocrx_word' id='word_1_116' title='bbox 1018 1189 1067 1215; x_wconf 88' lang='lat' dir='ltr'>ac</span> <span class='ocrx_word' id='word_1_117' title='bbox 1102 1173 1231 1231; x_wconf 85' lang='lat' dir='ltr'>longe</span> <span class='ocrx_word' id='word_1_118' title='bbox 1262 1172 1494 1214; x_wconf 76' lang='lat' dir='ltr'>maximam</span> <span class='ocrx_word' id='word_1_119' title='bbox 1526 1188 1578 1213; x_wconf 91' lang='lat' dir='ltr'>ea</span> <span class='ocrx_word' id='word_1_120' title='bbox 1612 1189 1682 1216; x_wconf 87' lang='lat' dir='ltr'>res</span> 
     </span>
     <span class='ocr_line' id='line_1_17' title="bbox 181 1230 1682 1289; baseline 0.002 -17"><span class='ocrx_word' id='word_1_121' title='bbox 181 1230 346 1273; x_wconf 84' lang='lat' dir='ltr'>adtulit</span> <span class='ocrx_word' id='word_1_122' title='bbox 363 1232 693 1276; x_wconf 86' lang='lat' dir='ltr'>dimicationem.</span> <span class='ocrx_word' id='word_1_123' title='bbox 759 1232 903 1275; x_wconf 87' lang='lat' dir='ltr'>Simul</span> <span class='ocrx_word' id='word_1_124' title='bbox 923 1232 1052 1281; x_wconf 90' lang='lat' dir='ltr'>enim,</span> <span class='ocrx_word' id='word_1_125' title='bbox 1083 1231 1274 1274; x_wconf 89' lang='lat' dir='ltr'>diductis</span> <span class='ocrx_word' id='word_1_126' title='bbox 1295 1230 1448 1289; x_wconf 81' lang='lat' dir='ltr'>ecpiis‚</span> <span class='ocrx_word' id='word_1_127' title='bbox 1479 1230 1682 1289; x_wconf 91' lang='lat' dir='ltr'>pluribus</span> 
     </span>
     <span class='ocr_line' id='line_1_18' title="bbox 181 1289 1683 1349; baseline 0.001 -18"><span class='ocrx_word' id='word_1_128' title='bbox 181 1289 260 1331; x_wconf 90' lang='lat' dir='ltr'>viis</span> <span class='ocrx_word' id='word_1_129' title='bbox 283 1291 566 1349; x_wconf 84' lang='lat' dir='ltr'>pugnabatur</span> <span class='ocrx_word' id='word_1_130' title='bbox 588 1300 632 1334; x_wconf 92' lang='lat' dir='ltr'>et</span> <span class='ocrx_word' id='word_1_131' title='bbox 654 1307 808 1349; x_wconf 87' lang='lat' dir='ltr'>magna</span> <span class='ocrx_word' id='word_1_132' title='bbox 829 1291 1108 1333; x_wconf 88' lang='lat' dir='ltr'>multitudine</span> <span class='ocrx_word' id='word_1_133' title='bbox 1137 1306 1264 1333; x_wconf 89' lang='lat' dir='ltr'>naves</span> <span class='ocrx_word' id='word_1_134' title='bbox 1290 1289 1442 1347; x_wconf 83' lang='lat' dir='ltr'>longas</span> <span class='ocrx_word' id='word_1_135' title='bbox 1463 1305 1683 1349; x_wconf 87' lang='lat' dir='ltr'>occupare</span> 
     </span>
     <span class='ocr_line' id='line_1_19' title="bbox 183 1347 1685 1407; baseline 0.002 -18"><span class='ocrx_word' id='word_1_136' title='bbox 183 1347 326 1391; x_wconf 87' lang='lat' dir='ltr'>hostes</span> <span class='ocrx_word' id='word_1_137' title='bbox 346 1350 634 1400; x_wconf 86' lang='lat' dir='ltr'>conabantur,</span> <span class='ocrx_word' id='word_1_138' title='bbox 666 1366 853 1407; x_wconf 88' lang='lat' dir='ltr'>quarum</span> <span class='ocrx_word' id='word_1_139' title='bbox 876 1359 1000 1392; x_wconf 89' lang='lat' dir='ltr'>erant</span> <span class='ocrx_word' id='word_1_140' title='bbox 1021 1349 1344 1407; x_wconf 80' lang='lat' dir='ltr'>quinquaginta</span> <span class='ocrx_word' id='word_1_141' title='bbox 1364 1348 1525 1391; x_wconf 79' lang='lat' dir='ltr'>auxilio</span> <span class='ocrx_word' id='word_1_142' title='bbox 1547 1350 1685 1393; x_wconf 85' lang='lat' dir='ltr'>missae</span> 
     </span>
     <span class='ocr_line' id='line_1_20' title="bbox 181 1407 1682 1468; baseline 0.003 -20"><span class='ocrx_word' id='word_1_143' title='bbox 181 1407 238 1449; x_wconf 90' lang='lat' dir='ltr'>ad</span> <span class='ocrx_word' id='word_1_144' title='bbox 259 1407 531 1466; x_wconf 90' lang='lat' dir='ltr'>Pompeium,</span> <span class='ocrx_word' id='word_1_145' title='bbox 553 1409 800 1468; x_wconf 87' lang='lat' dir='ltr'>proelioque</span> <span class='ocrx_word' id='word_1_146' title='bbox 818 1409 861 1450; x_wconf 90' lang='lat' dir='ltr'>in</span> <span class='ocrx_word' id='word_1_147' title='bbox 880 1407 1100 1451; x_wconf 88' lang='lat' dir='ltr'>Thessalia</span> <span class='ocrx_word' id='word_1_148' title='bbox 1117 1408 1234 1450; x_wconf 86' lang='lat' dir='ltr'>facto</span> <span class='ocrx_word' id='word_1_149' title='bbox 1251 1407 1428 1449; x_wconf 91' lang='lat' dir='ltr'>domum</span> <span class='ocrx_word' id='word_1_150' title='bbox 1446 1407 1682 1453; x_wconf 86' lang='lat' dir='ltr'>redierant.</span> 
     </span>
     <span class='ocr_line' id='line_1_21' title="bbox 184 1465 1685 1525; baseline 0.002 -18"><span class='ocrx_word' id='word_1_151' title='bbox 184 1465 278 1508; x_wconf 91' lang='lat' dir='ltr'>Illae</span> <span class='ocrx_word' id='word_1_152' title='bbox 318 1467 514 1511; x_wconf 89' lang='lat' dir='ltr'>triremes</span> <span class='ocrx_word' id='word_1_153' title='bbox 555 1484 700 1511; x_wconf 92' lang='lat' dir='ltr'>omnes</span> <span class='ocrx_word' id='word_1_154' title='bbox 740 1476 786 1510; x_wconf 89' lang='lat' dir='ltr'>et</span> <span class='ocrx_word' id='word_1_155' title='bbox 828 1468 1175 1525; x_wconf 86' lang='lat' dir='ltr'>quinqueremes,</span> <span class='ocrx_word' id='word_1_156' title='bbox 1214 1475 1330 1524; x_wconf 86' lang='lat' dir='ltr'>aptae</span> <span class='ocrx_word' id='word_1_157' title='bbox 1370 1466 1685 1524; x_wconf 83' lang='lat' dir='ltr'>instructaeque</span> 
     </span>
     <span class='ocr_line' id='line_1_22' title="bbox 183 1524 1684 1584; baseline 0.001 -17"><span class='ocrx_word' id='word_1_158' title='bbox 183 1525 386 1568; x_wconf 90' lang='lat' dir='ltr'>omnibus</span> <span class='ocrx_word' id='word_1_159' title='bbox 407 1527 538 1569; x_wconf 90' lang='lat' dir='ltr'>rebus</span> <span class='ocrx_word' id='word_1_160' title='bbox 569 1527 622 1570; x_wconf 91' lang='lat' dir='ltr'>ad</span> <span class='ocrx_word' id='word_1_161' title='bbox 644 1526 952 1584; x_wconf 83' lang='lat' dir='ltr'>navigandum.</span> <span class='ocrx_word' id='word_1_162' title='bbox 1019 1526 1185 1569; x_wconf 87' lang='lat' dir='ltr'>Praeter</span> <span class='ocrx_word' id='word_1_163' title='bbox 1210 1524 1285 1567; x_wconf 86' lang='lat' dir='ltr'>has</span> <span class='ocrx_word' id='word_1_164' title='bbox 1315 1524 1412 1567; x_wconf 83' lang='lat' dir='ltr'>duae</span> <span class='ocrx_word' id='word_1_165' title='bbox 1443 1533 1487 1567; x_wconf 89' lang='lat' dir='ltr'>et</span> <span class='ocrx_word' id='word_1_166' title='bbox 1508 1525 1684 1583; x_wconf 83' lang='lat' dir='ltr'>viginti,</span> 
     </span>
     <span class='ocr_line' id='line_1_23' title="bbox 184 1585 1687 1642; baseline 0.001 -16"><span class='ocrx_word' id='word_1_167' title='bbox 184 1599 282 1641; x_wconf 88' lang='lat' dir='ltr'>quae</span> <span class='ocrx_word' id='word_1_168' title='bbox 304 1585 494 1642; x_wconf 89' lang='lat' dir='ltr'>praesidii</span> <span class='ocrx_word' id='word_1_169' title='bbox 515 1601 662 1629; x_wconf 87' lang='lat' dir='ltr'>caussa</span> <span class='ocrx_word' id='word_1_170' title='bbox 686 1585 964 1627; x_wconf 86' lang='lat' dir='ltr'>Alexandriae</span> <span class='ocrx_word' id='word_1_171' title='bbox 984 1601 1074 1627; x_wconf 92' lang='lat' dir='ltr'>esse</span> <span class='ocrx_word' id='word_1_172' title='bbox 1095 1593 1422 1632; x_wconf 89' lang='lat' dir='ltr'>consueverant,</span> <span class='ocrx_word' id='word_1_173' title='bbox 1454 1592 1687 1628; x_wconf 85' lang='lat' dir='ltr'>constratae</span> 
     </span>
     <span class='ocr_line' id='line_1_24' title="bbox 184 1642 1685 1703; baseline 0.001 -19"><span class='ocrx_word' id='word_1_174' title='bbox 184 1657 348 1686; x_wconf 91' lang='lat' dir='ltr'>omnes:</span> <span class='ocrx_word' id='word_1_175' title='bbox 384 1660 491 1702; x_wconf 91' lang='lat' dir='ltr'>quas</span> <span class='ocrx_word' id='word_1_176' title='bbox 517 1645 551 1687; x_wconf 91' lang='lat' dir='ltr'>si</span> <span class='ocrx_word' id='word_1_177' title='bbox 574 1644 916 1703; x_wconf 90' lang='lat' dir='ltr'>occupavissent,</span> <span class='ocrx_word' id='word_1_178' title='bbox 953 1642 1084 1686; x_wconf 90' lang='lat' dir='ltr'>classe</span> <span class='ocrx_word' id='word_1_179' title='bbox 1114 1642 1274 1686; x_wconf 86' lang='lat' dir='ltr'>Caesari</span> <span class='ocrx_word' id='word_1_180' title='bbox 1307 1649 1476 1699; x_wconf 87' lang='lat' dir='ltr'>erepta,</span> <span class='ocrx_word' id='word_1_181' title='bbox 1501 1652 1685 1700; x_wconf 90' lang='lat' dir='ltr'>portum</span> 
     </span>
     <span class='ocr_line' id='line_1_25' title="bbox 184 1701 1688 1761; baseline 0 -17"><span class='ocrx_word' id='word_1_182' title='bbox 184 1718 235 1744; x_wconf 87' lang='lat' dir='ltr'>ac</span> <span class='ocrx_word' id='word_1_183' title='bbox 256 1718 374 1745; x_wconf 87' lang='lat' dir='ltr'>mare</span> <span class='ocrx_word' id='word_1_184' title='bbox 395 1711 540 1746; x_wconf 91' lang='lat' dir='ltr'>totum</span> <span class='ocrx_word' id='word_1_185' title='bbox 568 1703 612 1746; x_wconf 91' lang='lat' dir='ltr'>in</span> <span class='ocrx_word' id='word_1_186' title='bbox 631 1720 708 1745; x_wconf 88' lang='lat' dir='ltr'>sua</span> <span class='ocrx_word' id='word_1_187' title='bbox 730 1711 946 1761; x_wconf 88' lang='lat' dir='ltr'>potestate</span> <span class='ocrx_word' id='word_1_188' title='bbox 974 1701 1200 1751; x_wconf 85' lang='lat' dir='ltr'>haberent,</span> <span class='ocrx_word' id='word_1_189' title='bbox 1230 1709 1473 1744; x_wconf 90' lang='lat' dir='ltr'>commeatu</span> <span class='ocrx_word' id='word_1_190' title='bbox 1495 1702 1688 1744; x_wconf 87' lang='lat' dir='ltr'>auxiliis-</span> 
     </span>
     <span class='ocr_line' id='line_1_26' title="bbox 185 1760 1685 1821; baseline 0.001 -19"><span class='ocrx_word' id='word_1_191' title='bbox 185 1776 270 1818; x_wconf 92' lang='lat' dir='ltr'>que</span> <span class='ocrx_word' id='word_1_192' title='bbox 314 1762 526 1805; x_wconf 85' lang='lat' dir='ltr'>Caesarem</span> <span class='ocrx_word' id='word_1_193' title='bbox 568 1761 866 1821; x_wconf 88' lang='lat' dir='ltr'>prohiberent.</span> <span class='ocrx_word' id='word_1_194' title='bbox 946 1760 1102 1819; x_wconf 90' lang='lat' dir='ltr'>Itaque</span> <span class='ocrx_word' id='word_1_195' title='bbox 1142 1769 1265 1803; x_wconf 89' lang='lat' dir='ltr'>tanta</span> <span class='ocrx_word' id='word_1_196' title='bbox 1300 1768 1365 1802; x_wconf 91' lang='lat' dir='ltr'>est</span> <span class='ocrx_word' id='word_1_197' title='bbox 1405 1760 1685 1804; x_wconf 89' lang='lat' dir='ltr'>contentione</span> 
     </span>
     <span class='ocr_line' id='line_1_27' title="bbox 186 1819 1687 1879; baseline 0 -17"><span class='ocrx_word' id='word_1_198' title='bbox 186 1827 349 1870; x_wconf 87' lang='lat' dir='ltr'>actum,</span> <span class='ocrx_word' id='word_1_199' title='bbox 378 1830 544 1879; x_wconf 90' lang='lat' dir='ltr'>quanta</span> <span class='ocrx_word' id='word_1_200' title='bbox 572 1822 644 1879; x_wconf 84' lang='lat' dir='ltr'>agi</span> <span class='ocrx_word' id='word_1_201' title='bbox 666 1820 837 1870; x_wconf 87' lang='lat' dir='ltr'>debuit,</span> <span class='ocrx_word' id='word_1_202' title='bbox 868 1836 1006 1878; x_wconf 90' lang='lat' dir='ltr'>quum</span> <span class='ocrx_word' id='word_1_203' title='bbox 1032 1820 1106 1862; x_wconf 91' lang='lat' dir='ltr'>ille</span> <span class='ocrx_word' id='word_1_204' title='bbox 1134 1819 1319 1862; x_wconf 89' lang='lat' dir='ltr'>celerem</span> <span class='ocrx_word' id='word_1_205' title='bbox 1346 1819 1389 1861; x_wconf 91' lang='lat' dir='ltr'>in</span> <span class='ocrx_word' id='word_1_206' title='bbox 1410 1835 1460 1861; x_wconf 88' lang='lat' dir='ltr'>ea</span> <span class='ocrx_word' id='word_1_207' title='bbox 1481 1835 1529 1861; x_wconf 93' lang='lat' dir='ltr'>re</span> <span class='ocrx_word' id='word_1_208' title='bbox 1550 1820 1687 1862; x_wconf 91' lang='lat' dir='ltr'>victo-</span> 
     </span>
     <span class='ocr_line' id='line_1_28' title="bbox 187 1877 1687 1928; baseline 0.001 -8"><span class='ocrx_word' id='word_1_209' title='bbox 187 1878 312 1928; x_wconf 91' lang='lat' dir='ltr'>riam,</span> <span class='ocrx_word' id='word_1_210' title='bbox 335 1878 380 1922; x_wconf 91' lang='lat' dir='ltr'>hi</span> <span class='ocrx_word' id='word_1_211' title='bbox 400 1879 587 1923; x_wconf 90' lang='lat' dir='ltr'>salutem</span> <span class='ocrx_word' id='word_1_212' title='bbox 605 1896 726 1922; x_wconf 88' lang='lat' dir='ltr'>suam</span> <span class='ocrx_word' id='word_1_213' title='bbox 747 1879 975 1922; x_wconf 90' lang='lat' dir='ltr'>consistere</span> <span class='ocrx_word' id='word_1_214' title='bbox 995 1878 1212 1921; x_wconf 84' lang='lat' dir='ltr'>viderent.</span> <span class='ocrx_word' id='word_1_215' title='bbox 1268 1877 1358 1920; x_wconf 85' lang='lat' dir='ltr'>Sed</span> <span class='ocrx_word' id='word_1_216' title='bbox 1381 1894 1471 1920; x_wconf 89' lang='lat' dir='ltr'>rem</span> <span class='ocrx_word' id='word_1_217' title='bbox 1493 1879 1687 1922; x_wconf 88' lang='lat' dir='ltr'>obtinuit</span> 
     </span>
     <span class='ocr_line' id='line_1_29' title="bbox 188 1937 1687 1997; baseline 0 -17"><span class='ocrx_word' id='word_1_218' title='bbox 188 1937 353 1988; x_wconf 88' lang='lat' dir='ltr'>Caesar;</span> <span class='ocrx_word' id='word_1_219' title='bbox 387 1954 618 1997; x_wconf 89' lang='lat' dir='ltr'>omnesque</span> <span class='ocrx_word' id='word_1_220' title='bbox 641 1955 710 1981; x_wconf 84' lang='lat' dir='ltr'>eas</span> <span class='ocrx_word' id='word_1_221' title='bbox 732 1953 859 1981; x_wconf 87' lang='lat' dir='ltr'>naves</span> <span class='ocrx_word' id='word_1_222' title='bbox 880 1947 923 1981; x_wconf 89' lang='lat' dir='ltr'>et</span> <span class='ocrx_word' id='word_1_223' title='bbox 945 1938 1150 1995; x_wconf 87' lang='lat' dir='ltr'>reliquas,</span> <span class='ocrx_word' id='word_1_224' title='bbox 1183 1954 1279 1995; x_wconf 93' lang='lat' dir='ltr'>quae</span> <span class='ocrx_word' id='word_1_225' title='bbox 1301 1946 1427 1979; x_wconf 89' lang='lat' dir='ltr'>erant</span> <span class='ocrx_word' id='word_1_226' title='bbox 1456 1937 1499 1978; x_wconf 90' lang='lat' dir='ltr'>in</span> <span class='ocrx_word' id='word_1_227' title='bbox 1520 1938 1687 1980; x_wconf 82' lang='lat' dir='ltr'>navali-</span> 
     </span>
     <span class='ocr_line' id='line_1_30' title="bbox 187 1996 1688 2054; baseline 0.001 -16"><span class='ocrx_word' id='word_1_228' title='bbox 187 1997 284 2047; x_wconf 91' lang='lat' dir='ltr'>bus,</span> <span class='ocrx_word' id='word_1_229' title='bbox 321 1997 526 2047; x_wconf 90' lang='lat' dir='ltr'>incendit,</span> <span class='ocrx_word' id='word_1_230' title='bbox 566 1997 687 2054; x_wconf 91' lang='lat' dir='ltr'>quod</span> <span class='ocrx_word' id='word_1_231' title='bbox 728 2006 818 2040; x_wconf 89' lang='lat' dir='ltr'>tam</span> <span class='ocrx_word' id='word_1_232' title='bbox 856 1997 942 2040; x_wconf 89' lang='lat' dir='ltr'>late</span> <span class='ocrx_word' id='word_1_233' title='bbox 976 1996 1091 2038; x_wconf 90' lang='lat' dir='ltr'>tueri</span> <span class='ocrx_word' id='word_1_234' title='bbox 1127 2006 1216 2038; x_wconf 92' lang='lat' dir='ltr'>tam</span> <span class='ocrx_word' id='word_1_235' title='bbox 1255 2012 1394 2053; x_wconf 87' lang='lat' dir='ltr'>parva</span> <span class='ocrx_word' id='word_1_236' title='bbox 1429 2011 1560 2037; x_wconf 92' lang='lat' dir='ltr'>manu</span> <span class='ocrx_word' id='word_1_237' title='bbox 1599 2011 1688 2040; x_wconf 90' lang='lat' dir='ltr'>non</span> 
     </span>
     <span class='ocr_line' id='line_1_31' title="bbox 189 2054 1626 2114; baseline -0.002 -15"><span class='ocrx_word' id='word_1_238' title='bbox 189 2064 382 2114; x_wconf 88' lang='lat' dir='ltr'>poterat,</span> <span class='ocrx_word' id='word_1_239' title='bbox 404 2056 714 2114; x_wconf 87' lang='lat' dir='ltr'>confestimque</span> <span class='ocrx_word' id='word_1_240' title='bbox 733 2056 786 2098; x_wconf 87' lang='lat' dir='ltr'>ad</span> <span class='ocrx_word' id='word_1_241' title='bbox 811 2056 1003 2100; x_wconf 89' lang='lat' dir='ltr'>Pharum</span> <span class='ocrx_word' id='word_1_242' title='bbox 1025 2055 1209 2098; x_wconf 86' lang='lat' dir='ltr'>navibus</span> <span class='ocrx_word' id='word_1_243' title='bbox 1228 2054 1387 2097; x_wconf 88' lang='lat' dir='ltr'>milites</span> <span class='ocrx_word' id='word_1_244' title='bbox 1408 2054 1626 2113; x_wconf 80' lang='lat' dir='ltr'>exposuit.</span> 
     </span>
    </p>
   </div>
   <div class='ocr_carea' id='block_1_3' title="bbox 973 2181 1691 2269">
    <p class='ocr_par' dir='ltr' id='par_1_4' title="bbox 973 2181 1691 2269">
     <span class='ocr_line' id='line_1_32' title="bbox 974 2181 1691 2222; baseline 0.004 -8"><span class='ocrx_word' id='word_1_245' title='bbox 974 2182 1116 2214; x_wconf 71' lang='lat' dir='ltr'>tenebat.</span> <span class='ocrx_word' id='word_1_246' title='bbox 1164 2181 1280 2213; x_wconf 76' lang='lat' dir='ltr'>Primo</span> <span class='ocrx_word' id='word_1_247' title='bbox 1296 2183 1413 2222; x_wconf 74' lang='lat' dir='ltr'>inpetu</span> <span class='ocrx_word' id='word_1_248' title='bbox 1428 2197 1473 2203; x_wconf 90' lang='lat'>——</span> <span class='ocrx_word' id='word_1_249' title='bbox 1488 2186 1629 2215; x_wconf 64' lang='lat' dir='ltr'>conatus</span> <span class='ocrx_word' id='word_1_250' title='bbox 1643 2189 1691 2217; x_wconf 81' lang='lat' dir='ltr'>est</span> 
     </span>
     <span class='ocr_line' id='line_1_33' title="bbox 973 2225 1666 2269; baseline 0.001 -11"><span class='ocrx_word' id='word_1_251' title='bbox 973 2227 1028 2258; x_wconf 89' lang='lat' dir='ltr'>vel</span> <span class='ocrx_word' id='word_1_252' title='bbox 1043 2229 1220 2267; x_wconf 80' lang='lat' dir='ltr'>primoque</span> <span class='ocrx_word' id='word_1_253' title='bbox 1234 2226 1374 2257; x_wconf 80' lang='lat' dir='ltr'>domum</span> <span class='ocrx_word' id='word_1_254' title='bbox 1390 2225 1519 2258; x_wconf 92' lang='lat' dir='ltr'>omisso</span> <span class='ocrx_word' id='word_1_255' title='bbox 1535 2229 1666 2269; x_wconf 71' lang='lat' dir='ltr'>inpetu.</span> 
     </span>
    </p>
   </div>
   <div class='ocr_carea' id='block_1_4' title="bbox 195 2182 906 2262">
    <p class='ocr_par' dir='ltr' id='par_1_5' title="bbox 195 2182 906 2262">
     <span class='ocr_line' id='line_1_34' title="bbox 195 2182 906 2261; baseline -0.003 -44"><span class='ocrx_word' id='word_1_256' title='bbox 195 2229 204 2261; x_wconf 66' lang='lat'>¹</span> <span class='ocrx_word' id='word_1_257' title='bbox 240 2186 309 2218; x_wconf 83' lang='lat' dir='ltr'>Pro</span> <span class='ocrx_word' id='word_1_258' title='bbox 333 2196 391 2218; x_wconf 74' lang='lat' dir='ltr'>suo</span> <span class='ocrx_word' id='word_1_259' title='bbox 407 2186 569 2228; x_wconf 79' lang='lat' dir='ltr'>periculo,</span> <span class='ocrx_word' id='word_1_260' title='bbox 592 2190 630 2217; x_wconf 91' lang='lat' dir='ltr'>ut</span> <span class='ocrx_word' id='word_1_261' title='bbox 653 2194 750 2216; x_wconf 89' lang='lat' dir='ltr'>suum</span> <span class='ocrx_word' id='word_1_262' title='bbox 774 2182 906 2225; x_wconf 86' lang='lat' dir='ltr'>pericu-</span> 
     </span>
     <span class='ocr_line' id='line_1_35' title="bbox 210 2231 354 2262; baseline 0 -1"><span class='ocrx_word' id='word_1_263' title='bbox 210 2240 278 2261; x_wconf 88' lang='lat' dir='ltr'>um.</span> <span class='ocrx_word' id='word_1_264' title='bbox 304 2231 354 2262; x_wconf 90' lang='lat' dir='ltr'>M.</span> 
     </span>
    </p>
   </div>
   <div class='ocr_carea' id='block_1_5' title="bbox 193 2271 908 2980">
    <p class='ocr_par' dir='ltr' id='par_1_6' title="bbox 193 2271 905 2401">
     <span class='ocr_line' id='line_1_36' title="bbox 240 2271 905 2314; baseline -0.003 -9"><span class='ocrx_word' id='word_1_265' title='bbox 240 2276 343 2312; x_wconf 73' lang='lat' dir='ltr'>Alios,</span> <span class='ocrx_word' id='word_1_266' title='bbox 370 2275 454 2306; x_wconf 77' lang='lat' dir='ltr'>alios</span> <span class='ocrx_word' id='word_1_267' title='bbox 477 2284 653 2306; x_wconf 69' lang='lat' dir='ltr'>arcessere.</span> <span class='ocrx_word' id='word_1_268' title='bbox 698 2273 734 2304; x_wconf 92' lang='lat' dir='ltr'>In</span> <span class='ocrx_word' id='word_1_269' title='bbox 762 2271 905 2314; x_wconf 91' lang='lat' dir='ltr'>quibus-</span> 
     </span>
     <span class='ocr_line' id='line_1_37' title="bbox 193 2316 905 2359; baseline -0.003 -10"><span class='ocrx_word' id='word_1_270' title='bbox 193 2319 270 2349; x_wconf 89' lang='lat' dir='ltr'>dam</span> <span class='ocrx_word' id='word_1_271' title='bbox 287 2318 381 2359; x_wconf 88' lang='lat' dir='ltr'>prius</span> <span class='ocrx_word' id='word_1_272' title='bbox 396 2320 481 2350; x_wconf 68' lang='lat' dir='ltr'>alios</span> <span class='ocrx_word' id='word_1_273' title='bbox 503 2320 608 2350; x_wconf 81' lang='lat' dir='ltr'>deest.</span> <span class='ocrx_word' id='word_1_274' title='bbox 655 2316 698 2348; x_wconf 92' lang='lat' dir='ltr'>V.</span> <span class='ocrx_word' id='word_1_275' title='bbox 714 2322 785 2348; x_wconf 89' lang='lat' dir='ltr'>not.</span> <span class='ocrx_word' id='word_1_276' title='bbox 802 2317 846 2348; x_wconf 87' lang='lat' dir='ltr'>ad</span> <span class='ocrx_word' id='word_1_277' title='bbox 863 2316 905 2348; x_wconf 88' lang='lat' dir='ltr'>G.</span> 
     </span>
     <span class='ocr_line' id='line_1_38' title="bbox 197 2365 466 2401; baseline 0.004 -8"><span class='ocrx_word' id='word_1_278' title='bbox 197 2365 274 2401; x_wconf 89' lang='lat'>],8.</span> <span class='ocrx_word' id='word_1_279' title='bbox 294 2366 324 2401; x_wconf 78' lang='lat'>3,</span> <span class='ocrx_word' id='word_1_280' title='bbox 342 2365 395 2393; x_wconf 81' lang='lat'>21.</span> <span class='ocrx_word' id='word_1_281' title='bbox 412 2366 466 2394; x_wconf 75' lang='lat'>25.</span> 
     </span>
    </p>

    <p class='ocr_par' dir='ltr' id='par_1_7' title="bbox 193 2405 907 2527">
     <span class='ocr_line' id='line_1_39' title="bbox 241 2405 907 2447; baseline -0.006 -9"><span class='ocrx_word' id='word_1_282' title='bbox 241 2407 519 2439; x_wconf 66' lang='lat' dir='ltr'>lavem-aceram</span> <span class='ocrx_word' id='word_1_283' title='bbox 544 2406 592 2437; x_wconf 75' lang='lat' dir='ltr'>hi.</span> <span class='ocrx_word' id='word_1_284' title='bbox 640 2405 752 2447; x_wconf 81' lang='lat' dir='ltr'>Vulgo</span> <span class='ocrx_word' id='word_1_285' title='bbox 778 2407 839 2446; x_wconf 78' lang='lat' dir='ltr'>qui</span> <span class='ocrx_word' id='word_1_286' title='bbox 853 2406 907 2435; x_wconf 76' lang='lat' dir='ltr'>in-</span> 
     </span>
     <span class='ocr_line' id='line_1_40' title="bbox 193 2450 905 2483; baseline -0.006 -1"><span class='ocrx_word' id='word_1_287' title='bbox 193 2455 429 2483; x_wconf 70' lang='lat' dir='ltr'>veter-averunt</span> <span class='ocrx_word' id='word_1_288' title='bbox 456 2461 484 2481; x_wconf 87' lang='lat' dir='ltr'>c.</span> <span class='ocrx_word' id='word_1_289' title='bbox 509 2451 548 2481; x_wconf 91' lang='grc' dir='ltr'>Α.</span> <span class='ocrx_word' id='word_1_290' title='bbox 569 2451 598 2481; x_wconf 83' lang='lat' dir='ltr'>b.</span> <span class='ocrx_word' id='word_1_291' title='bbox 648 2451 700 2481; x_wconf 77' lang='lat' dir='ltr'>Hz·</span> <span class='ocrx_word' id='word_1_292' title='bbox 724 2450 811 2482; x_wconf 76' lang='lat' dir='ltr'>Ptol.</span> <span class='ocrx_word' id='word_1_293' title='bbox 839 2454 905 2479; x_wconf 89' lang='lat' dir='ltr'>ete.</span> 
     </span>
     <span class='ocr_line' id='line_1_41' title="bbox 197 2494 658 2527; baseline -0.004 -1"><span class='ocrx_word' id='word_1_294' title='bbox 197 2495 398 2526; x_wconf 85' lang='lat' dir='ltr'>Emendavit</span> <span class='ocrx_word' id='word_1_295' title='bbox 414 2495 504 2527; x_wconf 91' lang='lat' dir='ltr'>Oud.</span> <span class='ocrx_word' id='word_1_296' title='bbox 520 2505 540 2525; x_wconf 91' lang='lat' dir='ltr'>e</span> <span class='ocrx_word' id='word_1_297' title='bbox 555 2494 658 2525; x_wconf 87' lang='lat' dir='ltr'>codd.</span> 
     </span>
    </p>

    <p class='ocr_par' dir='ltr' id='par_1_8' title="bbox 197 2536 907 2659">
     <span class='ocr_line' id='line_1_42' title="bbox 244 2536 905 2578; baseline -0.005 -8"><span class='ocrx_word' id='word_1_298' title='bbox 244 2539 355 2570; x_wconf 77' lang='lat' dir='ltr'>Bibuli</span> <span class='ocrx_word' id='word_1_299' title='bbox 364 2540 463 2578; x_wconf 81' lang='lat' dir='ltr'>filios.</span> <span class='ocrx_word' id='word_1_300' title='bbox 508 2538 640 2570; x_wconf 88' lang='lat' dir='ltr'>Locum</span> <span class='ocrx_word' id='word_1_301' title='bbox 658 2536 788 2568; x_wconf 87' lang='lat' dir='ltr'>Valerii</span> <span class='ocrx_word' id='word_1_302' title='bbox 813 2536 905 2568; x_wconf 76' lang='lat' dir='ltr'>Max.</span> 
     </span>
     <span class='ocr_line' id='line_1_43' title="bbox 197 2580 907 2623; baseline -0.003 -9"><span class='ocrx_word' id='word_1_303' title='bbox 197 2583 246 2623; x_wconf 76' lang='lat'>(4,</span> <span class='ocrx_word' id='word_1_304' title='bbox 264 2585 294 2621; x_wconf 91' lang='lat' dir='ltr'>l,</span> <span class='ocrx_word' id='word_1_305' title='bbox 315 2583 370 2621; x_wconf 88' lang='lat'>15)</span> <span class='ocrx_word' id='word_1_306' title='bbox 386 2583 477 2614; x_wconf 87' lang='lat' dir='ltr'>hunc</span> <span class='ocrx_word' id='word_1_307' title='bbox 493 2581 714 2623; x_wconf 82' lang='lat' dir='ltr'>pertinentem</span> <span class='ocrx_word' id='word_1_308' title='bbox 730 2580 907 2613; x_wconf 84' lang='lat' dir='ltr'>Manutius</span> 
     </span>
     <span class='ocr_line' id='line_1_44' title="bbox 198 2626 742 2659; baseline -0.006 0"><span class='ocrx_word' id='word_1_309' title='bbox 198 2633 231 2659; x_wconf 87' lang='lat' dir='ltr'>et</span> <span class='ocrx_word' id='word_1_310' title='bbox 245 2626 450 2659; x_wconf 80' lang='lat' dir='ltr'>ciacconius</span> <span class='ocrx_word' id='word_1_311' title='bbox 465 2626 669 2658; x_wconf 87' lang='lat' dir='ltr'>indicarunt.</span> <span class='ocrx_word' id='word_1_312' title='bbox 692 2626 742 2657; x_wconf 90' lang='lat' dir='ltr'>M.</span> 
     </span>
    </p>

    <p class='ocr_par' dir='ltr' id='par_1_9' title="bbox 245 2669 885 2713">
     <span class='ocr_line' id='line_1_45' title="bbox 245 2669 885 2713; baseline -0.005 -11"><span class='ocrx_word' id='word_1_313' title='bbox 245 2672 446 2713; x_wconf 76' lang='lat' dir='ltr'>Occupabat.</span> <span class='ocrx_word' id='word_1_314' title='bbox 492 2670 614 2711; x_wconf 84' lang='lat' dir='ltr'>Scalig.</span> <span class='ocrx_word' id='word_1_315' title='bbox 631 2669 718 2700; x_wconf 87' lang='lat' dir='ltr'>male</span> <span class='ocrx_word' id='word_1_316' title='bbox 735 2672 885 2711; x_wconf 76' lang='lat' dir='ltr'>occupat.</span> 
     </span>
    </p>

    <p class='ocr_par' dir='ltr' id='par_1_10' title="bbox 196 2713 908 2934">
     <span class='ocr_line' id='line_1_46' title="bbox 245 2713 908 2756; baseline -0.006 -9"><span class='ocrx_word' id='word_1_317' title='bbox 245 2717 378 2748; x_wconf 66' lang='lat' dir='ltr'>Praeter</span> <span class='ocrx_word' id='word_1_318' title='bbox 393 2726 470 2747; x_wconf 78' lang='lat' dir='ltr'>eam</span> <span class='ocrx_word' id='word_1_319' title='bbox 484 2726 559 2756; x_wconf 82' lang='lat' dir='ltr'>opp.</span> <span class='ocrx_word' id='word_1_320' title='bbox 571 2719 715 2756; x_wconf 79' lang='lat' dir='ltr'>partem.</span> <span class='ocrx_word' id='word_1_321' title='bbox 756 2713 811 2744; x_wconf 87' lang='lat' dir='ltr'>Sic</span> <span class='ocrx_word' id='word_1_322' title='bbox 828 2713 908 2744; x_wconf 91' lang='lat' dir='ltr'>cod.</span> 
     </span>
     <span class='ocr_line' id='line_1_47' title="bbox 201 2757 906 2798; baseline -0.006 -7"><span class='ocrx_word' id='word_1_323' title='bbox 201 2758 401 2791; x_wconf 88' lang='lat' dir='ltr'>Vossianus.</span> <span class='ocrx_word' id='word_1_324' title='bbox 446 2758 575 2790; x_wconf 85' lang='lat' dir='ltr'>Ceterae</span> <span class='ocrx_word' id='word_1_325' title='bbox 600 2757 781 2795; x_wconf 82' lang='lat' dir='ltr'>lectiones,</span> <span class='ocrx_word' id='word_1_326' title='bbox 804 2757 906 2798; x_wconf 84' lang='lat' dir='ltr'>vulgo</span> 
     </span>
     <span class='ocr_line' id='line_1_48' title="bbox 202 2802 908 2845; baseline -0.006 -10"><span class='ocrx_word' id='word_1_327' title='bbox 202 2814 383 2845; x_wconf 81' lang='lat' dir='ltr'>expressae,</span> <span class='ocrx_word' id='word_1_328' title='bbox 411 2813 478 2836; x_wconf 90' lang='lat' dir='ltr'>non</span> <span class='ocrx_word' id='word_1_329' title='bbox 508 2802 667 2834; x_wconf 88' lang='lat' dir='ltr'>videntur</span> <span class='ocrx_word' id='word_1_330' title='bbox 695 2811 797 2840; x_wconf 84' lang='lat' dir='ltr'>verae,</span> <span class='ocrx_word' id='word_1_331' title='bbox 826 2811 860 2832; x_wconf 90' lang='lat' dir='ltr'>v.</span> <span class='ocrx_word' id='word_1_332' title='bbox 877 2810 908 2832; x_wconf 89' lang='lat' dir='ltr'>c.</span> 
     </span>
     <span class='ocr_line' id='line_1_49' title="bbox 196 2843 908 2890; baseline -0.008 -9"><span class='ocrx_word' id='word_1_333' title='bbox 196 2853 363 2888; x_wconf 63' lang='lat' dir='ltr'>waeterea</span> <span class='ocrx_word' id='word_1_334' title='bbox 390 2859 468 2890; x_wconf 85' lang='lat' dir='ltr'>opp.</span> <span class='ocrx_word' id='word_1_335' title='bbox 496 2851 640 2889; x_wconf 83' lang='lat' dir='ltr'>partem.</span> <span class='ocrx_word' id='word_1_336' title='bbox 679 2846 731 2876; x_wconf 91' lang='lat' dir='ltr'>M.</span> <span class='ocrx_word' id='word_1_337' title='bbox 788 2843 908 2876; x_wconf 83' lang='lat' dir='ltr'>Davis-</span> 
     </span>
     <span class='ocr_line' id='line_1_50' title="bbox 200 2889 823 2934; baseline -0.005 -10"><span class='ocrx_word' id='word_1_338' title='bbox 200 2891 340 2924; x_wconf 86' lang='lat' dir='ltr'>volebat</span> <span class='ocrx_word' id='word_1_339' title='bbox 353 2897 519 2934; x_wconf 68' lang='lat' dir='ltr'>praeterea</span> <span class='ocrx_word' id='word_1_340' title='bbox 536 2893 572 2922; x_wconf 80' lang='lat' dir='ltr'>in</span> <span class='ocrx_word' id='word_1_341' title='bbox 586 2889 698 2932; x_wconf 76' lang='lat' dir='ltr'>oppidi</span> <span class='ocrx_word' id='word_1_342' title='bbox 709 2894 823 2931; x_wconf 76' lang='lat' dir='ltr'>parte.</span> 
     </span>
    </p>

    <p class='ocr_par' dir='ltr' id='par_1_11' title="bbox 248 2932 907 2980">
     <span class='ocr_line' id='line_1_51' title="bbox 248 2932 907 2980; baseline -0.005 -11"><span class='ocrx_word' id='word_1_343' title='bbox 248 2937 362 2970; x_wconf 72' lang='lat' dir='ltr'>Prc‘mo</span> <span class='ocrx_word' id='word_1_344' title='bbox 388 2939 515 2980; x_wconf 76' lang='lat' dir='ltr'>inpetu.</span> <span class='ocrx_word' id='word_1_345' title='bbox 560 2932 708 2968; x_wconf 84' lang='lat' dir='ltr'>Bentlei.</span> <span class='ocrx_word' id='word_1_346' title='bbox 729 2933 827 2968; x_wconf 87' lang='lat' dir='ltr'>malit</span> <span class='ocrx_word' id='word_1_347' title='bbox 843 2932 907 2969; x_wconf 86' lang='lat' dir='ltr'>ita:</span> 
     </span>
    </p>
   </div>
   <div class='ocr_carea' id='block_1_6' title="bbox 973 2269 1691 3007">
    <p class='ocr_par' dir='ltr' id='par_1_12' title="bbox 973 2269 1689 2400">
     <span class='ocr_line' id='line_1_52' title="bbox 1023 2269 1689 2308; baseline 0.003 -7"><span class='ocrx_word' id='word_1_348' title='bbox 1023 2272 1182 2308; x_wconf 79' lang='lat' dir='ltr'>Conalus,</span> <span class='ocrx_word' id='word_1_349' title='bbox 1195 2269 1260 2301; x_wconf 89' lang='lat' dir='ltr'>etsi</span> <span class='ocrx_word' id='word_1_350' title='bbox 1273 2275 1415 2301; x_wconf 89' lang='lat' dir='ltr'>conatus</span> <span class='ocrx_word' id='word_1_351' title='bbox 1429 2276 1517 2302; x_wconf 88' lang='lat' dir='ltr'>erat.</span> <span class='ocrx_word' id='word_1_352' title='bbox 1555 2272 1689 2303; x_wconf 87' lang='lat' dir='ltr'>Domus</span> 
     </span>
     <span class='ocr_line' id='line_1_53' title="bbox 973 2313 1689 2363; baseline 0.001 -17"><span class='ocrx_word' id='word_1_353' title='bbox 973 2313 1119 2363; x_wconf 80' lang='lat' dir='ltr'>Caesaris</span> <span class='ocrx_word' id='word_1_354' title='bbox 1134 2313 1200 2345; x_wconf 85' lang='lat' dir='ltr'>fuit</span> <span class='ocrx_word' id='word_1_355' title='bbox 1215 2313 1320 2356; x_wconf 87' lang='lat' dir='ltr'>regia.</span> <span class='ocrx_word' id='word_1_356' title='bbox 1337 2324 1412 2355; x_wconf 89' lang='lat' dir='ltr'>cap.</span> <span class='ocrx_word' id='word_1_357' title='bbox 1433 2315 1505 2346; x_wconf 80' lang='lat'>112.</span> <span class='ocrx_word' id='word_1_358' title='bbox 1522 2315 1573 2347; x_wconf 89' lang='lat' dir='ltr'>M.</span> <span class='ocrx_word' id='word_1_359' title='bbox 1606 2316 1689 2348; x_wconf 85' lang='lat' dir='ltr'>Pars</span> 
     </span>
     <span class='ocr_line' id='line_1_54' title="bbox 974 2368 1200 2400; baseline 0 -11"><span class='ocrx_word' id='word_1_360' title='bbox 974 2369 1046 2400; x_wconf 72' lang='lat' dir='ltr'>ejus</span> <span class='ocrx_word' id='word_1_361' title='bbox 1062 2368 1200 2399; x_wconf 71' lang='lat' dir='ltr'>emgua.</span> 
     </span>
    </p>

    <p class='ocr_par' dir='ltr' id='par_1_13' title="bbox 974 2402 1689 2576">
     <span class='ocr_line' id='line_1_55' title="bbox 1022 2402 1687 2444; baseline 0.002 -11"><span class='ocrx_word' id='word_1_362' title='bbox 1022 2404 1292 2443; x_wconf 72' lang='lat' dir='ltr'>Quinquayinta.</span> <span class='ocrx_word' id='word_1_363' title='bbox 1344 2402 1446 2434; x_wconf 88' lang='lat' dir='ltr'>Conf.</span> <span class='ocrx_word' id='word_1_364' title='bbox 1470 2402 1621 2444; x_wconf 88' lang='lat' dir='ltr'>Appian.</span> <span class='ocrx_word' id='word_1_365' title='bbox 1646 2403 1687 2434; x_wconf 91' lang='lat' dir='ltr'>C.</span> 
     </span>
     <span class='ocr_line' id='line_1_56' title="bbox 975 2446 1689 2485; baseline 0.003 -8"><span class='ocrx_word' id='word_1_366' title='bbox 975 2450 1008 2485; x_wconf 76' lang='lat'>2,</span> <span class='ocrx_word' id='word_1_367' title='bbox 1033 2448 1086 2477; x_wconf 89' lang='lat'>71.</span> <span class='ocrx_word' id='word_1_368' title='bbox 1118 2446 1223 2477; x_wconf 87' lang='lat' dir='ltr'>habet</span> <span class='ocrx_word' id='word_1_369' title='bbox 1251 2446 1401 2485; x_wconf 69' lang='grc' dir='ltr'>ἑξήκοντα.</span> <span class='ocrx_word' id='word_1_370' title='bbox 1447 2447 1538 2477; x_wconf 92' lang='lat' dir='ltr'>Hinc</span> <span class='ocrx_word' id='word_1_371' title='bbox 1570 2448 1689 2479; x_wconf 89' lang='lat' dir='ltr'>Marc-</span> 
     </span>
     <span class='ocr_line' id='line_1_57' title="bbox 974 2489 1689 2532; baseline -0.001 -9"><span class='ocrx_word' id='word_1_372' title='bbox 974 2491 1094 2523; x_wconf 89' lang='lat' dir='ltr'>landus</span> <span class='ocrx_word' id='word_1_373' title='bbox 1111 2490 1135 2521; x_wconf 93' lang='lat' dir='ltr'>l.</span> <span class='ocrx_word' id='word_1_374' title='bbox 1154 2501 1186 2522; x_wconf 90' lang='lat' dir='ltr'>c.</span> <span class='ocrx_word' id='word_1_375' title='bbox 1204 2489 1261 2522; x_wconf 88' lang='lat' dir='ltr'>hic</span> <span class='ocrx_word' id='word_1_376' title='bbox 1283 2501 1419 2532; x_wconf 89' lang='lat' dir='ltr'>quoque</span> <span class='ocrx_word' id='word_1_377' title='bbox 1441 2494 1620 2532; x_wconf 72' lang='lat' dir='ltr'>seaeayinta</span> <span class='ocrx_word' id='word_1_378' title='bbox 1636 2502 1689 2523; x_wconf 90' lang='lat' dir='ltr'>re-</span> 
     </span>
     <span class='ocr_line' id='line_1_58' title="bbox 976 2533 1393 2576; baseline -0.002 -10"><span class='ocrx_word' id='word_1_379' title='bbox 976 2535 1172 2576; x_wconf 91' lang='lat' dir='ltr'>ponendum</span> <span class='ocrx_word' id='word_1_380' title='bbox 1189 2533 1393 2575; x_wconf 87' lang='lat' dir='ltr'>suspicatur.</span> 
     </span>
    </p>

    <p class='ocr_par' dir='ltr' id='par_1_14' title="bbox 975 2578 1688 2706">
     <span class='ocr_line' id='line_1_59' title="bbox 1023 2578 1688 2614; baseline 0.002 -4"><span class='ocrx_word' id='word_1_381' title='bbox 1023 2581 1136 2614; x_wconf 82' lang='lat' dir='ltr'>Quum</span> <span class='ocrx_word' id='word_1_382' title='bbox 1157 2580 1216 2610; x_wconf 67' lang='lat' dir='ltr'>ille</span> <span class='ocrx_word' id='word_1_383' title='bbox 1230 2595 1276 2601; x_wconf 89' lang='lat'>—</span> <span class='ocrx_word' id='word_1_384' title='bbox 1296 2580 1332 2611; x_wconf 76' lang='lat' dir='ltr'>ln·</span> <span class='ocrx_word' id='word_1_385' title='bbox 1351 2580 1506 2611; x_wconf 77' lang='lat' dir='ltr'>salutem.</span> <span class='ocrx_word' id='word_1_386' title='bbox 1552 2578 1688 2611; x_wconf 85' lang='lat' dir='ltr'>Mavult</span> 
     </span>
     <span class='ocr_line' id='line_1_60' title="bbox 975 2623 1688 2664; baseline 0.001 -10"><span class='ocrx_word' id='word_1_387' title='bbox 975 2623 1146 2661; x_wconf 85' lang='lat' dir='ltr'>Jurinius,</span> <span class='ocrx_word' id='word_1_388' title='bbox 1177 2633 1286 2664; x_wconf 83' lang='lat' dir='ltr'>quum</span> <span class='ocrx_word' id='word_1_389' title='bbox 1309 2623 1372 2661; x_wconf 73' lang='lat' dir='ltr'>illi,</span> <span class='ocrx_word' id='word_1_390' title='bbox 1399 2623 1622 2655; x_wconf 76' lang='lat' dir='ltr'>Alexandrini</span> <span class='ocrx_word' id='word_1_391' title='bbox 1641 2641 1688 2648; x_wconf 90' lang='lat'>—-</span> 
     </span>
     <span class='ocr_line' id='line_1_61' title="bbox 975 2669 1256 2706; baseline -0.011 -7"><span class='ocrx_word' id='word_1_392' title='bbox 975 2669 1021 2706; x_wconf 73' lang='lat' dir='ltr'>Izi,</span> <span class='ocrx_word' id='word_1_393' title='bbox 1043 2669 1256 2699; x_wconf 64' lang='lat' dir='ltr'>R0=mani—.</span> 
     </span>
    </p>

    <p class='ocr_par' dir='ltr' id='par_1_15' title="bbox 978 2709 1691 3007">
     <span class='ocr_line' id='line_1_62' title="bbox 1024 2709 1690 2743; baseline 0 0"><span class='ocrx_word' id='word_1_394' title='bbox 1024 2712 1135 2743; x_wconf 65' lang='lat' dir='ltr'>Nares</span> <span class='ocrx_word' id='word_1_395' title='bbox 1148 2710 1309 2742; x_wconf 71' lang='lat' dir='ltr'>incendit.</span> <span class='ocrx_word' id='word_1_396' title='bbox 1344 2709 1420 2741; x_wconf 84' lang='lat' dir='ltr'>Hoc</span> <span class='ocrx_word' id='word_1_397' title='bbox 1434 2709 1591 2743; x_wconf 90' lang='lat' dir='ltr'>incendio</span> <span class='ocrx_word' id='word_1_398' title='bbox 1604 2722 1690 2743; x_wconf 89' lang='lat' dir='ltr'>con-</span> 
     </span>
     <span class='ocr_line' id='line_1_63' title="bbox 978 2753 1688 2796; baseline 0.003 -10"><span class='ocrx_word' id='word_1_399' title='bbox 978 2754 1135 2796; x_wconf 85' lang='lat' dir='ltr'>flagrasse</span> <span class='ocrx_word' id='word_1_400' title='bbox 1159 2753 1412 2786; x_wconf 84' lang='lat' dir='ltr'>nobilissimam</span> <span class='ocrx_word' id='word_1_401' title='bbox 1435 2753 1688 2788; x_wconf 85' lang='lat' dir='ltr'>bibliothecam</span> 
     </span>
     <span class='ocr_line' id='line_1_64' title="bbox 978 2798 1689 2836; baseline -0.007 -5"><span class='ocrx_word' id='word_1_402' title='bbox 978 2798 1255 2836; x_wconf 79' lang='lat' dir='ltr'>Alexandrinam,</span> <span class='ocrx_word' id='word_1_403' title='bbox 1278 2803 1434 2829; x_wconf 86' lang='lat' dir='ltr'>auctores</span> <span class='ocrx_word' id='word_1_404' title='bbox 1456 2804 1535 2830; x_wconf 90' lang='lat' dir='ltr'>sunt</span> <span class='ocrx_word' id='word_1_405' title='bbox 1557 2800 1689 2832; x_wconf 87' lang='lat' dir='ltr'>Plutar.</span> 
     </span>
     <span class='ocr_line' id='line_1_65' title="bbox 978 2841 1688 2883; baseline 0.003 -8"><span class='ocrx_word' id='word_1_406' title='bbox 978 2844 1063 2875; x_wconf 87' lang='lat' dir='ltr'>chus</span> <span class='ocrx_word' id='word_1_407' title='bbox 1086 2843 1120 2874; x_wconf 93' lang='lat' dir='ltr'>in</span> <span class='ocrx_word' id='word_1_408' title='bbox 1135 2842 1221 2874; x_wconf 86' lang='lat' dir='ltr'>Caes.</span> <span class='ocrx_word' id='word_1_409' title='bbox 1240 2852 1271 2873; x_wconf 89' lang='lat' dir='ltr'>c.</span> <span class='ocrx_word' id='word_1_410' title='bbox 1287 2843 1341 2873; x_wconf 86' lang='lat'>49.</span> <span class='ocrx_word' id='word_1_411' title='bbox 1365 2841 1432 2873; x_wconf 93' lang='lat' dir='ltr'>Dio</span> <span class='ocrx_word' id='word_1_412' title='bbox 1448 2841 1542 2874; x_wconf 84' lang='lat' dir='ltr'>Cass.</span> <span class='ocrx_word' id='word_1_413' title='bbox 1560 2847 1615 2883; x_wconf 78' lang='lat'>42,</span> <span class='ocrx_word' id='word_1_414' title='bbox 1632 2847 1688 2877; x_wconf 85' lang='lat'>38.</span> 
     </span>
     <span class='ocr_line' id='line_1_66' title="bbox 981 2884 1690 2928; baseline 0.004 -9"><span class='ocrx_word' id='word_1_415' title='bbox 981 2887 1057 2928; x_wconf 92' lang='lat' dir='ltr'>(ubi</span> <span class='ocrx_word' id='word_1_416' title='bbox 1079 2888 1147 2919; x_wconf 85' lang='lat' dir='ltr'>vid.</span> <span class='ocrx_word' id='word_1_417' title='bbox 1163 2884 1358 2924; x_wconf 87' lang='lat' dir='ltr'>Fabricius)</span> <span class='ocrx_word' id='word_1_418' title='bbox 1381 2885 1582 2920; x_wconf 86' lang='lat' dir='ltr'>Ammianus</span> <span class='ocrx_word' id='word_1_419' title='bbox 1596 2889 1690 2921; x_wconf 86' lang='lat' dir='ltr'>Mar-</span> 
     </span>
     <span class='ocr_line' id='line_1_67' title="bbox 980 2930 1691 3007; baseline 0.001 -42"><span class='ocrx_word' id='word_1_420' title='bbox 980 2932 1060 2965; x_wconf 87' lang='lat' dir='ltr'>cell.</span> <span class='ocrx_word' id='word_1_421' title='bbox 1076 2935 1132 2972; x_wconf 76' lang='lat'>22,</span> <span class='ocrx_word' id='word_1_422' title='bbox 1150 2933 1202 2964; x_wconf 88' lang='grc'>16.</span> <span class='ocrx_word' id='word_1_423' title='bbox 1226 2935 1261 2964; x_wconf 86' lang='lat' dir='ltr'>et</span> <span class='ocrx_word' id='word_1_424' title='bbox 1280 2930 1342 2965; x_wconf 85' lang='lat' dir='ltr'>alii</span> <span class='ocrx_word' id='word_1_425' title='bbox 1358 2930 1446 2963; x_wconf 87' lang='lat' dir='ltr'>bene</span> <span class='ocrx_word' id='word_1_426' title='bbox 1461 2931 1572 3007; x_wconf 64' lang='grc' dir='ltr'><strong>ηέιΙῑὶ.</strong></span> <span class='ocrx_word' id='word_1_427' title='bbox 1618 2933 1691 2966; x_wconf 82' lang='grc' dir='ltr'>Νυ-</span> 
     </span>
    </p>
   </div>
  </div>
 </body>
</html>
