1946 3261
569 208 687 257 LIB.
720 213 756 258 Ι.
819 213 957 258 CAP.
989 215 1061 266 80,
1083 215 1155 258 81.
1537 213 1623 257 305

153 335 380 395 incipiunt.
443 339 543 389 Qua
580 356 628 384 re
668 341 976 390 animadversa,
1012 341 1157 383 Caesar
1193 339 1351 384 relictis
1388 339 1628 397 legionibus

152 396 449 453 subsequitur,
472 400 674 456 praesidio
693 400 995 458 inpedimentis
1014 414 1170 457 paucas
1190 398 1376 442 cohortis
1393 398 1623 457 relinquit:

152 453 260 497 hora
279 455 442 499 decima
461 458 664 516 subsequi
686 459 978 516 pabulatores,
998 457 1250 515 equitesque
1274 460 1467 500 revocari
1483 458 1624 516 jubet.

155 513 372 557 Celeriter
405 515 626 573 equitatus
660 518 714 559 ad
736 516 1032 574 quotidianum
1071 515 1233 558 itineris
1267 516 1452 559 officium
1483 531 1627 559 rever-

151 572 283 614 titur:
316 581 537 631 pugnatur
558 575 716 617 acriter
735 575 789 617 ad
808 576 1081 618 novissimum
1100 588 1268 631 agmen,
1290 574 1414 624 adeo,
1436 583 1486 617 ut
1507 590 1627 633 paene

150 638 276 687 terga
295 640 569 673 convertant:
604 633 934 691 compluresque
956 632 1126 681 milites,
1147 632 1275 674 etiam
1297 633 1491 675 nonnulli
1514 635 1626 676 Cen-

151 690 342 731 turiones
375 688 707 734 interficiuntur.
773 691 968 735 Instabat
999 706 1151 750 agmen
1175 691 1354 734 Caesaris
1381 700 1512 748 atque
1535 693 1627 734 uni-

153 762 322 790 versum
343 747 588 791 inminebat.
1612 785 1616 787 >

207 805 280 849 81.
322 805 436 849 Tum
471 822 575 849 vero
616 823 754 866 neque
795 808 849 850 ad
887 808 1198 866 explorandum
1240 808 1442 852 idoneum
1485 807 1627 850 locum

148 864 314 913 castris,
351 880 492 922 neque
521 866 575 908 ad
597 866 967 924 progrediendum
1001 866 1102 910 data
1133 868 1357 917 facultate,
1391 867 1629 909 consistunt

149 923 385 967 necessario
414 931 459 966 et
481 926 633 982 procul
662 926 717 969 ab
741 941 870 983 aqua,
905 934 950 968 et
984 935 1142 969 natura
1173 927 1321 984 iniquo
1350 926 1462 975 loco,
1489 934 1631 967 castra

150 990 335 1040 ponunt.
400 982 487 1024 Sed
521 983 669 1026 iisdem
701 984 756 1027 de
783 984 938 1026 caussis
960 984 1120 1035 Caesar,
1153 1001 1249 1043 quae
1273 1001 1404 1043 supra
1435 993 1535 1026 sunt
1557 984 1630 1026 de-

149 1049 410 1091 monstratae,
442 1042 597 1100 proelio
617 1043 802 1101 amplius
823 1059 905 1086 non
927 1042 1095 1086 lacessit
1122 1053 1165 1086 et
1187 1061 1237 1087 eo
1258 1044 1326 1086 die
1348 1043 1630 1086 tabernacula

150 1101 282 1143 statui
305 1116 453 1160 passus
475 1116 559 1144 non
581 1110 662 1151 est,
693 1118 781 1159 quo
813 1102 1049 1159 paratiores
1076 1111 1213 1145 essent
1243 1103 1297 1145 ad
1319 1102 1632 1159 insequendum

150 1174 310 1209 omnes,
347 1160 435 1202 sive
474 1169 621 1211 noctu,
665 1160 753 1202 sive
795 1160 984 1204 interdiu
1026 1171 1318 1220 erumperent.
1393 1160 1464 1203 Illi
1502 1160 1631 1209 enim,

150 1217 332 1261 adverso
363 1218 469 1261 vitio
505 1228 762 1269 castrorum,
796 1228 891 1262 tota
930 1229 1056 1262 nocte
1094 1221 1350 1264 munitiones
1384 1219 1633 1278 proferunt,

149 1285 376 1334 castraque
397 1277 544 1319 castris
564 1287 839 1321 convertunt.
905 1278 1002 1321 Hoc
1026 1278 1137 1322 idem
1160 1289 1336 1338 postero
1358 1278 1428 1320 die
1449 1295 1473 1321 a
1493 1278 1633 1336 prima

152 1334 247 1377 luce
269 1335 433 1378 faciunt
454 1344 685 1394 totumque
705 1336 747 1378 in
767 1352 817 1378 ea
840 1352 887 1378 re
908 1336 1021 1379 diem
1043 1347 1316 1380 consumunt.
1371 1337 1472 1385 Sed,
1495 1353 1632 1394 quan-

152 1403 248 1436 tum
269 1410 402 1453 opere
424 1404 720 1453 processerant
751 1404 796 1437 et
825 1403 964 1437 castra
986 1396 1275 1452 protulerant,
1307 1404 1430 1437 tanto
1451 1396 1635 1438 aberant

150 1452 207 1494 ab
220 1468 333 1510 aqua
348 1452 519 1511 longius
536 1462 580 1496 et
599 1453 797 1512 praesenti
815 1453 928 1496 malo
945 1453 1038 1495 aliis
1055 1454 1174 1496 malis
1191 1453 1382 1496 remedia
1398 1453 1632 1496 dabantur.

154 1510 301 1554 Prima
340 1521 467 1555 nocte
505 1511 694 1569 aquandi
736 1527 883 1554 caussa
931 1527 1053 1554 nemo
1101 1513 1327 1571 egreditur
1366 1529 1418 1554 ex
1459 1512 1633 1554 castris:

153 1571 351 1628 proximo
381 1570 468 1619 die,
501 1570 697 1628 praesidio
723 1570 765 1612 in
793 1570 942 1613 castris
962 1570 1131 1620 relicto,
1164 1572 1383 1613 universas
1403 1570 1457 1612 ad
1478 1587 1635 1628 aquam

152 1628 296 1687 copias
327 1628 541 1677 educunt;
573 1629 832 1687 pabulatum
867 1629 1082 1671 emittitur
1118 1645 1255 1671 nemo.
1323 1629 1404 1670 His
1437 1644 1509 1671 eos
1534 1631 1633 1671 sub-

151 1687 284 1745 plices
315 1688 438 1731 malis
459 1687 607 1731 haberi
630 1688 774 1731 Caesar
806 1696 849 1730 et
879 1688 1158 1731 necessariam
1186 1687 1332 1731 subire
1354 1687 1634 1738 deditionem,

204 1809 335 1840 Relicta&
379 1809 572 1849 leffionibus.
634 1808 741 1839 Immo
779 1818 856 1838 cum
976 1809 1094 1840 Cam-n.
1117 1818 1145 1838 e.
1167 1812 1367 1845 convertunt,
1405 1814 1637 1845 commutant:

153 1852 248 1893 vulg.
264 1853 339 1884 edd.
363 1852 554 1893 legendum,
576 1852 718 1884 eduens-.-
742 1862 860 1893 quam-

154 1907 257 1938 quam
281 1896 369 1928 Oud.
385 1898 515 1929 relictas
535 1898 676 1937 quiones
700 1895 859 1937 intelligit

155 1951 226 1978 eas,
236 1950 313 1982 quae
327 1940 463 1982 reliquae
478 1941 569 1982 apud
579 1942 744 1971 caesarem
757 1946 859 1971 eiam.

158 1985 202 2016 Et
225 1986 365 2016 fortasse
383 1985 434 2016 vir
456 1985 577 2016 doctus
601 1984 660 2016 has
684 1985 861 2025 oppositas

157 2029 290 2070 putavit
318 2028 496 2069 equitatui,
523 2027 664 2059 dimisso
687 2030 728 2059 ad
754 2028 862 2069 pabu-

157 2073 306 2104 landum.
332 2074 382 2103 M.
429 2072 518 2103 Oud.
537 2072 695 2113 intelligit
716 2083 793 2104 cum
809 2084 862 2103 re-

156 2118 240 2148 licti-s·
251 2117 439 2157 leyionibus
453 2122 486 2147 et
497 2115 624 2157 respuit
633 2117 768 2153 eductis,
780 2116 860 2157 quia
872 2151 876 2155 Ι

155 2165 265 2191 castra
286 2170 353 2191 non
381 2159 506 2192 fuerint
528 2159 656 2190 munita
683 2160 775 2191 vallo
799 2171 858 2191 nec

158 2203 338 2236 habuerint
354 2209 478 2246 portas.
525 2203 652 2234 Verum
676 2203 748 2234 haec
774 2204 860 2235 ratio

159 2248 252 2280 nulla
273 2253 335 2280 est.
382 2248 445 2279 Sed
466 2248 589 2280 eductis
613 2257 679 2278 non
695 2253 745 2278 est
760 2247 824 2279 nisi
841 2260 859 2279 e

156 2292 349 2334 conjectura
378 2291 512 2330 Faerni,
548 2298 667 2323 contra
697 2292 795 2322 codd.
827 2297 862 2323 et

156 2337 232 2367 edd.
256 2342 322 2368 vet.
344 2336 424 2368 dant
446 2337 580 2374 relic-m,
602 2335 693 2376 quod
717 2336 861 2367 conferri

158 2385 270 2421 potest
294 2390 372 2412 cum
399 2391 429 2412 c.
445 2381 498 2411 41.
525 2379 637 2411 miuus
662 2385 753 2411 recte
782 2390 860 2411 vero

158 2434 236 2455 cum
253 2423 292 2455 G.
307 2427 339 2462 5,
354 2425 403 2455 19.
417 2423 475 2455 ubi
490 2423 707 2465 obponuntur
719 2424 862 2455 dimissis

158 2473 192 2500 et
206 2469 336 2507 relictis,
350 2474 386 2499 ut
398 2467 484 2499 bene
498 2473 592 2499 notat
604 2467 788 2505 Bentleius‚
801 2467 859 2508 qni

159 2522 257 2554 porro
283 2511 454 2550 observat,
481 2512 595 2543 durius
625 2522 697 2543 esse
722 2511 756 2543 in
779 2512 859 2543 loco

157 2562 272 2588 nostro
286 2557 404 2588 relictis
418 2573 462 2579 --
475 2557 644 2597 relinquit.

207 2601 289 2635 Quae
302 2610 407 2642 supra
421 2610 448 2631 s.
463 2600 550 2632 devm.
572 2599 642 2630 vid.
658 2609 688 2631 c.
706 2601 759 2630 72.
792 2599 862 2631 Cel-

155 2645 274 2676 larius.

205 2689 365 2730 Amplius.
400 2688 475 2718 Hoc
485 2686 613 2718 addidit
626 2687 714 2718 Oud.
727 2698 746 2718 e
760 2687 858 2719 codd.

156 2738 190 2764 et
205 2732 278 2763 edd.
294 2737 360 2763 vet.
375 2731 537 2763 omissum
552 2741 573 2762 a
588 2730 771 2772 Scaligero.

205 2777 262 2808 Illi
285 2777 384 2812 enlm,
412 2775 600 2807 enimvero.
633 2774 703 2806 vid.
728 2775 799 2806 Ind.
826 2774 858 2806 in

157 2824 261 2853 enim.
305 2820 490 2851 Advertunt
513 2824 699 2850 castrorum
724 2818 859 2857 vitium,

157 2864 216 2906 qui
232 2863 514 2902 animadvertunt,
529 2874 563 2895 se
580 2863 698 2904 procul
713 2862 758 2894 ab
774 2872 860 2906 aqua

159 2908 193 2944 in
207 2907 322 2953 iniquo
336 2908 414 2946 loco
431 2912 541 2946 castra
555 2907 720 2953 posuisse.
742 2908 795 2944 M.

930 1851 1103 1893 prioribus
1118 1851 1256 1886 relictis,
1272 1852 1339 1882 alia
1362 1863 1472 1884 rursus
1485 1852 1569 1884 alibi
1588 1854 1639 1885 sa-

928 1897 1031 1927 ciunt.
1073 1895 1126 1927 Sic
1145 1895 1287 1927 Vossius
1301 1896 1458 1936 explicat,
1476 1897 1637 1938 probant-

928 1951 994 1981 que
1009 1940 1180 1971 Cellarius
1203 1946 1236 1971 et
1258 1940 1349 1970 Oud.
1392 1941 1532 1971 Sensum
1550 1949 1635 1982 puto

929 1995 1002 2015 esse
1042 1984 1151 2023 hunc;
1189 1994 1230 2015 an
1272 1990 1464 2016 converiunt
1491 1984 1533 2016 sit
1558 1996 1636 2017 vera

929 2028 1108 2068 scriptura,
1130 2026 1319 2059 subdibito.
1346 2029 1394 2058 M.
1441 2027 1495 2060 Sic
1511 2029 1637 2062 saltem

929 2073 1027 2103 codd.
1052 2080 1085 2103 ct
1108 2073 1184 2103 edd.
1207 2079 1272 2103 vet.
1320 2071 1543 2112 Aliiquidam
1560 2085 1637 2105 con-

929 2122 1099 2152 renerum,
1123 2116 1216 2147 nullo
1234 2125 1344 2154 sensu,
1367 2116 1453 2146 uude
1470 2116 1635 2150 Ciaccon.

928 2160 1139 2201 conjectabat
1151 2161 1334 2201 constravit.
1363 2159 1502 2191 Vossius
1515 2162 1635 2202 paullo

929 2204 1091 2235 remotius
1119 2214 1139 2235 a
1165 2204 1298 2235 Caesare
1321 2209 1432 2235 castra
1460 2214 1547 2236 nova
1572 2217 1635 2247 po-

929 2247 1035 2278 suisse
1076 2254 1239 2286 autumat,
1277 2255 1310 2278 et
1348 2254 1436 2278 recte
1478 2249 1634 2290 quidem,

927 2301 1048 2332 aquam
1085 2291 1216 2334 quippe
1261 2291 1474 2332 quae1·ebant;
1519 2300 1633 2326 contra

930 2335 1084 2376 proprius
1107 2336 1250 2376 putabat
1268 2335 1400 2368 Clarke.
1432 2336 1543 2369 Bentl.
1560 2339 1636 2370 vult

927 2381 1132 2411 continuam.

973 2424 1129 2455 Prowimo
1145 2425 1209 2456 die.
1243 2423 1330 2456 IIeic
1344 2435 1480 2467 quoque
1494 2424 1633 2457 volebat

923 2473 1049 2508 postero
1074 2467 1238 2504 Davisius
1259 2475 1373 2501 contra
1389 2470 1488 2501 codd.
1504 2476 1537 2501 et
1554 2471 1631 2502 edd.

926 2516 991 2542 vet,

974 2556 1040 2586 His
1066 2565 1119 2586 eos
1141 2556 1379 2597 subpl.—His
1402 2557 1500 2589 malis
1523 2559 1632 2591 voluit

928 2597 1069 2637 efficere,
1084 2606 1120 2630 ut
1135 2610 1195 2631 eos
1211 2600 1383 2641 subplices
1400 2601 1466 2632 sibi
1482 2601 1632 2634 haberet.

928 2641 982 2674 Sic
998 2643 1176 2684 legendum
1200 2650 1297 2684 putat
1315 2644 1404 2676 Oud.
1452 2645 1565 2687 Vulgo
1583 2647 1634 2678 le-

926 2686 1084 2727 gebatur:
1112 2688 1179 2718 His
1198 2698 1251 2719 eos
1273 2689 1434 2729 subplices
1458 2692 1546 2721 male
1568 2692 1632 2723 Ιια-

927 2732 1054 2762 ὀρνὶ-
1074 2736 1107 2762 et
1146 2735 1197 2761 est
1233 2731 1410 2772 multiplex
1444 2732 1631 2768 diversitas.

928 2774 1134 2816 Legendum,
1161 2782 1194 2805 ut
1211 2773 1416 2806 Ciacconius
1439 2777 1632 2819 suspicatus

927 2825 989 2857 est,
1004 2824 1036 2850 et
1053 2819 1153 2860 plane
1169 2824 1276 2849 exstat
1292 2818 1325 2849 in
1341 2819 1460 2851 codice
1475 2822 1630 2856 omnium

928 2862 1078 2903 optimo:
1115 2863 1181 2893 Hes
1203 2873 1256 2893 eos
1277 2863 1444 2904 subplieiae’s
1465 2864 1504 2904 (i.
1519 2877 1548 2898 e.
1566 2868 1631 2899 mi-

928 2905 1035 2949 seriis,
1064 2916 1139 2950 quae
1169 2912 1245 2943 sunt
1275 2917 1386 2950 poenae
1415 2908 1511 2952 loco)
1540 2913 1632 2947 male

1420 2969 1453 3003 X
