1946 3261
698 182 814 227 LIB.
850 184 935 228 ΙΙΙ.
1000 187 1136 230 ΟΑΡ.
1167 188 1241 239 54,
1264 190 1334 232 55.
1454 259 1461 262 ξ
1689 195 1774 239 381

341 304 413 347 54.
450 306 697 368 Pompeius,
723 323 855 356 noctu
878 314 1042 372 magnis
1064 315 1223 357 additis
1242 316 1572 369 munitionibus,
1595 320 1774 380 reliquis

282 361 436 407 diebus
469 375 614 411 turres
636 372 851 414 exstruxit
872 382 932 423 et,
966 375 1008 415 in
1029 373 1304 417 altitudinem
1337 377 1495 434 pedum
1527 379 1775 436 quindecim
1829 385 1833 389 ’

281 423 442 466 effectis
472 428 694 484 operibus,
729 431 862 474 vineis
892 448 985 475 eam
1018 440 1189 490 partem
1224 443 1466 478 castrorum
1487 438 1680 488 obtexit;
1713 449 1773 490 et,

280 482 474 540 quinque
527 486 776 532 intermissis
824 490 993 540 diebus,
1044 491 1227 534 alteram
1275 504 1447 537 noctem
1498 497 1774 542 subnubilam

279 550 447 591 nactus,
482 544 717 589 obstructis
739 550 940 592 omnibus
962 558 1207 593 castrorum
1237 554 1374 609 portis
1408 563 1452 596 et
1479 556 1533 597 ad
1556 556 1774 615 inpedien-

280 598 385 642 dum
407 601 603 659 objectis,
626 606 756 648 tertia
778 608 884 650 inita
906 608 1072 667 vigilia,
1101 609 1271 652 silentio
1300 612 1541 666 exercitum
1561 616 1709 660 eduxit
1731 626 1777 660 et.

281 673 322 700 se
343 659 384 700 in
405 663 608 718 antiquas
630 665 892 709 munitiones
915 668 1094 726 recepit.

338 717 408 760 55.
445 718 626 771 AEtolia‚
664 724 925 776 Acarnania,
958 726 1258 786 Amphilochis
1288 743 1368 785 per
1393 729 1592 774 Cassium
1615 732 1776 794 Longi-

276 789 381 818 num
417 786 461 819 et
499 778 739 825 Calvisium
780 785 1006 836 Sabinum,
1046 796 1097 828 ut
1134 787 1539 839 demonstravimus,
1576 795 1775 851 receptis,

276 836 535 880 tentandam
566 839 649 882 sibi
686 842 897 887 Achaiam
934 861 984 888 ac
1018 845 1170 903 paullo
1201 846 1372 904 longius
1405 849 1777 907 progrediendum

275 893 552 940 existimabat
576 899 735 943 Caesar.
801 902 957 961 Itaque
991 921 1042 947 eo
1076 903 1250 948 Fufium
1275 905 1491 949 Kalenum
1512 909 1630 952 misit
1650 922 1694 954 et
1719 913 1774 962 Q.

279 952 492 998 Sabinum
529 967 573 1000 et
614 959 810 1005 Cassium
853 980 952 1006 cum
991 963 1243 1008 cohortibus
1281 965 1499 1024 adjungit.
1577 969 1778 1018 Quorum

275 1013 451 1070 cognito
491 1016 701 1069 adventu,
742 1020 937 1065 Rutilius
979 1022 1147 1081 Lupus,
1187 1023 1263 1082 qui
1303 1024 1525 1075 Achaiam,
1565 1028 1716 1072 missus
1752 1047 1778 1074 a

280 1069 502 1130 Pompeio,
522 1077 768 1130 obtinebat,
789 1080 999 1124 Isthmum
1028 1084 1289 1140 praemunire
1313 1084 1519 1136 instituit,
1542 1095 1592 1128 ut
1615 1088 1780 1132 Achaia

278 1129 450 1175 Fufium
468 1135 738 1192 prohiberet.
788 1140 978 1183 Kalenus
997 1142 1210 1200 Delphos,
1225 1142 1415 1193 Thebas,
1433 1144 1777 1199 Orchomenum,

278 1189 506 1234 voluntate
527 1195 717 1252 ipsarum
737 1198 967 1242 civitatum
991 1202 1173 1260 recepit,
1193 1202 1423 1245 nonnullas
1440 1204 1569 1247 urbes
1592 1221 1670 1263 per
1690 1208 1779 1252 vim

279 1252 569 1308 expugnavit,
624 1255 814 1313 reliquas
863 1258 1075 1310 civitates,
1120 1261 1422 1305 circummissis
1469 1263 1777 1323 legationibus,

281 1387 356 1418 quae
390 1386 543 1412 constant
575 1381 771 1424 hujusmodi
803 1385 995 1425 speciebus.

284 1421 372 1452 Addi
390 1429 520 1463 poterat
540 1425 700 1467 chctius
715 1428 757 1459 de
774 1439 807 1459 rc
826 1429 897 1460 mil.
915 1431 945 1464 3,
963 1434 995 1468 8,

283 1465 343 1496 ubi
359 1466 486 1499 dicitur
501 1471 666 1503 salu-ectio
683 1472 848 1512 fiunwnti
869 1478 995 1505 cetera-

282 1520 428 1552 rumque
452 1516 648 1554 spece'erum.
696 1517 758 1548 Sed
783 1527 848 1548 non
867 1516 997 1549 videtur

284 1552 426 1587 Caesaris
446 1563 544 1589 aetate
564 1559 634 1590 haec
651 1560 855 1601 significatio
874 1561 996 1593 usitata

285 1598 403 1637 fuisse,
429 1601 533 1633 multa
562 1603 673 1635 minus
703 1605 807 1636 l'orma
835 1605 996 1646 adjectivi

282 1645 479 1683 ερειῆαιῆιις.
525 1648 572 1677 Ac
614 1648 738 1689 legitur
778 1648 915 1689 quidem
964 1649 996 1681 in

285 1685 383 1717 MSS.
401 1685 857 1732 Oudendorpiifrumentur-1*
874 1696 1000 1735 specia-

283 1731 342 1761 riis·
351 1733 625 1776 militaribusque
635 1737 667 1767 ιΙ.
687 1736 740 1773 Qu
749 1736 778 1767 in
789 1748 867 1768 vero
880 1737 911 1768 in
922 1749 965 1778 qu
973 1738 999 1769 i-

281 1773 641 1817 busdamfrumemore
654 1783 822 1821 specim-iis
830 1790 961 1823 repertu
968 1794 999 1814 m

283 1824 346 1857 est,
360 1830 473 1853 rursus
489 1834 553 1863 que
569 1830 644 1864 post
656 1826 857 1857 militaribus
869 1826 1000 1858 omitti-

287 1869 349 1901 tur,
363 1863 443 1896 item
456 1871 485 1897 el
497 1873 575 1898 ante
586 1871 757 1909 sppciarits·
769 1870 920 1902 additur:
937 1882 998 1902 au-

285 1907 430 1940 diendus
456 1910 590 1943 videtur
619 1911 771 1949 Vossius,
796 1914 855 1955 qui
883 1925 1000 1946 emen-

284 1952 583 1994 davit,f1⁹zcmenlo‚
600 1962 694 1994 veste,
706 1962 736 1988 el
752 1959 828 1989 aliis·
842 1961 1000 1992 ‘militari-

285 1996 346 2026 bus
360 1997 473 2029 donis.-
495 2011 571 2040 quae
583 2000 723 2041 quidem
739 2003 947 2038 enwndatio,
964 2011 999 2036 ut

285 2039 556 2081 simplicissima,
579 2045 731 2083 Clarkio,
751 2046 910 2085 Cellario,
926 2048 999 2079 Ou-

287 2085 471 2126 dendorpio
486 2086 631 2129 aliisque
647 2100 681 2120 se
699 2089 868 2130 probavit,
885 2092 949 2124 etsi
966 2100 999 2123 et

287 2127 365 2159 aliae
393 2131 553 2170 quaedam
580 2134 785 2173 conjecturae
814 2137 998 2177 propositio

288 2178 377 2211 sunt,
394 2172 425 2203 in
443 2174 497 2205 his
517 2175 663 2207 Victorii
680 2178 776 2215 (Var.
791 2179 867 2210 lect.
889 2183 914 2218 l,
929 2183 999 2220 23),

287 2216 344 2246 cui
363 2217 541 2257 placebat:
559 2220 744 2260 frumento,
760 2227 854 2261 teste,
868 2225 1000 2264 diariis,

289 2262 387 2291 milit.
410 2278 452 2283 —
477 2273 555 2294 cum
583 2264 660 2296 Cic.
687 2267 729 2296 ad
756 2266 861 2297 Attic.
893 2271 924 2306 8,
962 2271 998 2299 li

288 2303 427 2345 dixerit,
454 2308 626 2339 Caes-arem
640 2311 758 2341 milites
777 2312 895 2342 ‹lim-iis
918 2315 999 2343 Inci-

289 2353 387 2380 tasse.
435 2350 520 2383 Sunt
533 2358 647 2386 autem
663 2355 786 2393 diaria,
805 2357 858 2386 vei
875 2356 999 2395 victus,

290 2393 343 2424 vel
361 2395 551 2435 praemium,
576 2396 608 2428 in
625 2397 698 2429 dies
714 2398 867 2440 singulos
883 2401 997 2433 datum

289 2442 349 2468 aut
375 2440 590 2478 pxomissum.
614 2443 666 2473 M.
712 2442 874 2485 Cujacius
897 2445 1000 2477 dabat

291 2487 387 2520 teste,
412 2485 545 2516 cibariis
572 2492 638 2517 etc.
685 2488 764 2519 Ant.
789 2488 999 2529 Augustinus

289 2530 388 2565 vesle,
412 2531 558 2568 pecunia
584 2531 738 2572 aliisque.
784 2533 924 2574 Optima
948 2540 999 2566 est

294 2570 408 2601 vossii
426 2573 631 2605 emendatio.
681 2576 731 2606 De
747 2583 833 2608 veste
848 2584 882 2608 et
898 2578 1000 2610 alibi.

289 2613 359 2645 vid.
374 2615 486 2647 Valet.
498 2617 591 2649 Max.
604 2622 636 2657 5,
652 2621 680 2649 l.
707 2620 830 2652 Primae
842 2622 998 2663 opinioni

289 2659 331 2689 de
344 2662 513 2700 speciariis
524 2662 620 2693 donis
634 2663 723 2695 favet
734 2664 906 2698 Casellius
921 2667 946 2697 V
951 2679 1000 2701 ar.

291 2706 325 2741 52,
352 2704 401 2734 15.
429 2704 463 2735 in
489 2705 622 2738 Gruter.
644 2707 766 2750 Lamp.
791 2715 815 2740 t.
833 2714 864 2742 3.
910 2710 997 2744 Cum

293 2747 418 2779 vossio
436 2749 517 2781 facit
532 2751 697 2783 Jurinius.

337 2794 518 2826 lde-struxit
531 2799 573 2825 el.
608 2796 696 2827 Sana
711 2797 784 2829 haec
801 2808 868 2830 non
883 2798 998 2832 viden-

291 2842 355 2869 tur.
395 2837 550 2872 Jurinius
566 2839 653 2873 istud
668 2846 700 2873 et
714 2843 813 2876 tollit.
829 2849 899 2877 uun
915 2845 999 2888 legit

1072 1389 1138 1418 His·
1152 1387 1269 1425 effecti-s·
1282 1402 1335 1431 op.
1363 1397 1396 1422 ot
1424 1403 1484 1433 pro
1501 1405 1578 1426 eam
1594 1396 1653 1427 dat
1666 1399 1780 1429 eriam.

1066 1430 1218 1463 Tandem
1236 1434 1322 1464 delet
1339 1436 1494 1467 alteram.

1113 1477 1476 1519 Eas-tractate—p11rtis.
1500 1481 1583 1523 Leg.
1595 1484 1781 1526 oben-acus,

1068 1525 1103 1549 ut
1125 1521 1202 1550 cod.
1220 1520 1316 1552 Lcid.
1335 1522 1474 1563 primus,
1498 1527 1559 1566 qui
1584 1533 1635 1558 est
1660 1528 1780 1568 bonus,

1067 1569 1099 1593 ot
1115 1565 1271 1604 quaedam
1292 1567 1367 1596 edd.
1386 1567 1522 1607 habent,
1545 1576 1577 1601 et
1594 1573 1690 1604 multi
1710 1584 1782 1605 mo-

1068 1615 1225 1639 nuerunt.
1259 1610 1307 1640 M.
1356 1611 1514 1651 Restitui‚
1542 1617 1635 1655 quod
1665 1617 1782 1650 Morus

1069 1652 1218 1692 optabat.

1116 1697 1158 1726 ΕΙ,
1187 1697 1233 1727 cul
1258 1698 1370 1738 inped.
1395 1700 1535 1737 obiectis.
1587 1703 1691 1735 Deest
1717 1705 1784 1737 ali-

1066 1739 1162 1780 quid.
1212 1741 1300 1778 Ergo
1326 1753 1402 1773 cum
1418 1744 1556 1776 Clarkio
1574 1746 1726 1788 legerim,
1753 1757 1783 1783 ec

1068 1786 1213 1816 cratibus
1242 1786 1286 1816 ad
1317 1787 1426 1828 ιήρνιΙ.
1452 1790 1516 1829 ''CH'-
1565 1790 1783 1826 Marclandus

1069 1828 1100 1858 in
1122 1829 1289 1870 Explicat.
1306 1837 1386 1862 vett.
1402 1838 1492 1864 auct.
1510 1844 1589 1875 pag.
1607 1839 1671 1867 273
1694 1837 1781 1870 hanc

1069 1872 1270 1913 particulam
1288 1874 1335 1905 sic
1353 1876 1420 1916 legi
1437 1877 1525 1908 vult:
1551 1881 1659 1911 ericii-s·
1674 1886 1782 1914 omni-

1066 1917 1128 1947 bus
1144 1929 1171 1949 c.
1187 1930 1222 1960 p.
1248 1919 1295 1949 ml
1319 1922 1388 1960 inp.
1405 1921 1546 1960 abja-tls.
1606 1925 1657 1955 De
1673 1926 1782 1959 ericio

1068 1961 1142 1992 vid.
1159 1973 1190 1993 c.
1209 1964 1260 1993 67.
1297 1964 1360 1994 Sed
1377 1965 1514 1996 verbum
1530 1967 1705 2001 obstructis
1722 1981 1782 2012 per

1067 2007 1147 2037 cod.
1166 2006 1264 2037 Leid.
1287 2007 1369 2038 satis
1393 2016 1521 2041 certum
1540 2017 1603 2042 est.
1626 2014 1679 2044 M.
1728 2016 1781 2046 ln-

1065 2050 1241 2090 geniosam
1266 2052 1493 2092 conjecturam
1521 2054 1709 2089 Max-claudi
1730 2071 1781 2092 se-

1068 2100 1167 2125 cutus
1194 2101 1243 2125 est
1270 2096 1415 2127 {husius
1441 2097 1474 2129 in
1492 2100 1647 2132 versione
1665 2102 1779 2136 Germ.

1066 2138 1275 2180 conjunctio
1305 2145 1335 2171 et
1365 2151 1384 2172 a
1409 2143 1510 2174 codd.
1535 2144 1714 2186 Bongarsii
1746 2155 1781 2180 et

1072 2182 1199 2221 Vossii,
1222 2182 1303 2214 item
1319 2183 1364 2215 ab
1381 2186 1459 2216 edd.
1477 2194 1543 2220 vet.
1560 2189 1669 2221 abest.
1718 2194 1780 2224 Ob-

1066 2230 1198 2259 structis
1212 2238 1278 2258 non
1296 2228 1409 2269 placet
1423 2230 1684 2275 Oudendorpio,
1698 2237 1779 2277 quia

1067 2281 1148 2302 mox
1165 2271 1291 2303 dicitur
1311 2274 1495 2314 Pompeius
1513 2277 1666 2310 ammisse
1683 2291 1779 2312 curer-

1065 2317 1178 2347 citum.
1226 2317 1304 2355 Sed,
1333 2317 1359 2347 si
1382 2318 1563 2359 obstruxit,
1585 2323 1626 2352 ad
1644 2328 1779 2365 tempus

1067 2359 1101 2390 id
1115 2360 1206 2398 fecit,
1220 2361 1329 2392 forsan
1343 2368 1376 2393 et
1387 2368 1423 2394 ut
1435 2364 1618 2396 consilium
1632 2369 1779 2400 exeundi

1067 2404 1193 2436 celaret
1222 2405 1366 2437 hostem.
1428 2407 1520 2439 Oud.
1550 2410 1689 2442 volebat
1720 2413 1780 2444 de·-

1066 2451 1215 2488 structis,
1232 2460 1344 2489 sensu,
1363 2457 1398 2482 ut
1415 2458 1523 2493 putat,
1537 2453 1741 2488 clarissimo.

1119 2494 1158 2524 Ut
1173 2494 1489 2528 demonstravimus.
1513 2508 1544 2528 c.
1557 2499 1609 2529 34.
1649 2500 1781 2542 Adtigit

1069 2536 1136 2568 Dio
1153 2537 1250 2569 Cass.
1268 2541 1321 2576 41,
1338 2542 1391 2572 51.
1418 2541 1468 2571 M.

1113 2582 1158 2611 Et
1185 2584 1224 2617 Q.
1243 2583 1418 2616 Sabinum.
1465 2585 1531 2617 Pro
1554 2592 1584 2619 ec
1607 2587 1729 2621 Gland.
1746 2595 1779 2623 et

1066 2623 1163 2666 Lips.
1178 2631 1328 2658 statuunt
1344 2628 1409 2669 leg.
1423 2630 1528 2670 eique.

1115 2672 1200 2702 Cum
1215 2672 1416 2703 colmrtibws.
1458 2672 1598 2705 Videtur
1610 2675 1778 2711 Glareano

1066 2724 1226 2746 numerus
1241 2714 1437 2746 cohortium
1453 2717 1632 2751 excidisse.

1112 2759 1256 2790 Achaia.
1304 2760 1553 2801 Peloponneso.

1119 2803 1232 2835 Urbes.
1277 2803 1369 2836 Male
1386 2804 1504 2838 omisit
1519 2806 1645 2851 scalig.
1661 2809 1779 2844 invitis

1066 2847 1168 2880 codd.
