1946 3261
1022 99 1042 125 Ι

195 210 282 280 406
662 230 746 275 DE
779 228 984 275 BELLo
1018 229 1235 276 CIVILI.

205 362 346 424 peius,
380 366 431 402 ut
452 357 699 418 equitatum
731 375 859 403 suum
882 359 1057 418 pulsum
1089 360 1202 404 vidit
1231 366 1363 420 atque
1384 375 1479 404 eam
1509 368 1698 420 partem,

203 422 273 466 cui
310 418 494 462 maxime
530 417 792 469 confidebat,
826 420 1108 478 perterritam
1143 420 1335 463 animum
1365 420 1573 471 advertit,
1604 419 1698 463 aliis

202 479 364 523 diffisus
387 477 477 521 acie
498 478 678 522 excessit
699 479 988 538 protinusque
1013 495 1056 521 se
1082 479 1126 522 in
1148 488 1291 522 castra
1311 495 1426 536 equo
1448 479 1634 523 contulit
1654 484 1700 522 et

204 540 255 583 iis
299 537 656 591 centurionibus,
694 554 802 596 quos
836 538 880 580 in
917 537 1100 581 statione
1137 537 1193 580 ad
1231 539 1483 597 praetoriam
1520 546 1698 596 portam

201 607 427 659 posuerat,
457 597 589 648 clare,
624 604 675 639 ut
711 597 868 640 milites
898 595 1173 647 exaudirent,
1210 605 1239 624 ‘⁶
1259 597 1503 648 Tuemini,’'
1536 597 1699 655 inquit,

201 665 231 685 ‘⁶
257 665 400 700 castra
437 665 482 700 et
509 656 730 700 defendite
768 656 1022 714 diligenter,
1055 657 1090 699 si
1125 655 1231 715 quid
1271 656 1426 699 durius
1462 656 1696 700 acciderit:

203 724 233 745 ‘⁶
257 732 340 776 ego
372 716 562 775 reliquas
595 724 745 775 portas
774 715 993 758 circumeo
1025 723 1069 758 et
1096 724 1338 759 castrorum
1374 716 1571 775 praesidia
1600 731 1698 759 con-

204 783 232 804 “
257 775 428 818 firmo.”
491 775 599 818 Haec
642 791 778 832 quum
815 774 1008 824 dixisset,
1046 791 1089 818 se
1122 775 1165 817 in
1200 775 1455 833 praetorium
1485 774 1695 818 contulit:

200 850 377 880 summae
399 834 464 877 rei
483 833 683 877 diffidens
702 842 746 876 et
769 843 914 876 tamen
935 843 1142 877 eventurn
1162 842 1429 892 exspectans

259 894 329 937 95.
367 894 528 943 Caesar,
565 893 836 951 Pompeianis
865 909 918 935 ex
955 894 1060 950 fuga
1097 892 1213 934 intra
1245 892 1413 935 vallum
1446 893 1696 952 compulsis,

198 954 369 998 nullum
389 953 581 1011 spatium
603 952 848 1011 perterritis
876 952 980 995 dare
1011 948 1220 1010 oportere
1249 951 1510 1002 existimans,
1539 951 1700 995 milites

200 1013 458 1058 cohortatus
485 1021 567 1061 est,
599 1021 649 1054 ut
670 1011 879 1054 beneficio
904 1011 1089 1054 fortunae
1118 1018 1350 1054 uterentur
1371 1019 1601 1069 castraque
1621 1011 1698 1054 ob-

196 1079 468 1133 pugnarent:
505 1070 596 1130 qui,
622 1071 702 1112 etsi
723 1086 881 1128 magno
901 1078 1008 1113 aestu
1031 1069 1221 1129 fatigati,
1253 1071 1371 1126 (nam
1397 1071 1452 1114 ad
1472 1069 1697 1113 meridiem

199 1149 267 1175 res
289 1139 385 1175 erat
406 1130 638 1189 perducta)
670 1137 830 1179 tamen,
864 1129 920 1172 ad
944 1145 1113 1172 omnem
1145 1130 1341 1173 laborem
1365 1130 1507 1172 animo
1537 1129 1697 1188 parati,

198 1191 382 1250 imperio
413 1196 672 1247 paruerunt.
737 1189 894 1231 Castra
923 1204 949 1230 a
976 1188 1246 1238 cohortibus,
1278 1205 1373 1246 quae
1406 1189 1466 1231 ibi
1499 1187 1700 1246 praesidio

198 1258 328 1294 erant
356 1249 536 1298 relictae,
570 1247 784 1290 industrie
819 1247 1188 1297 defendebantur,
1221 1248 1361 1290 multo
1391 1248 1523 1289 etiam
1555 1247 1698 1290 acrius

199 1325 226 1352 a
249 1307 492 1351 Thracibus
513 1307 804 1365 barbarisque
827 1307 1009 1349 auxiliis.
1076 1307 1207 1357 Nam,
1234 1307 1309 1364 qui
1333 1305 1423 1350 acie
1444 1305 1702 1364 refugerant

199 1368 359 1411 milites
380 1374 425 1409 et
446 1367 589 1408 animo
611 1365 836 1424 perterriti
861 1374 905 1408 et
928 1364 1178 1408 lassitudine
1196 1365 1398 1415 confecti,
1416 1364 1550 1408 missis
1571 1364 1701 1424 pleri-

199 1442 286 1484 que
309 1425 439 1468 armis
455 1425 676 1483 signisque
696 1425 976 1475 militaribus,
996 1425 1132 1483 magis
1153 1425 1208 1468 de
1231 1424 1402 1483 reliqua
1421 1425 1543 1483 fuga,
1565 1439 1700 1482 quam

199 1485 254 1528 de
293 1494 534 1528 castrorum
570 1483 818 1528 defensione
855 1485 1124 1543 cogitabant.
1190 1484 1349 1543 Neque
1379 1499 1484 1527 vero
1519 1483 1700 1534 diutius,

199 1544 277 1603 qui
313 1544 355 1587 in
399 1543 515 1587 vallo
552 1543 852 1593 constiterant,
896 1544 1221 1587 multitudinem
1260 1543 1451 1586 telorum
1489 1542 1700 1586 sustinere

200 1611 467 1663 potuerunt;
499 1603 573 1646 sed
604 1602 788 1645 confecti
812 1603 1066 1646 vulneribus
1102 1604 1244 1647 locum
1279 1602 1571 1660 reliquerunt,
1600 1618 1703 1660 pro-

201 1663 408 1721 tinusque
426 1677 588 1711 omnes,
611 1661 796 1704 ducibus
820 1662 884 1703 usi
908 1662 1249 1706 Centurionibus
1271 1661 1568 1719 Tribunisque
1590 1660 1701 1704 mili-

202 1731 316 1772 tum,
353 1721 396 1764 in
429 1720 656 1764 altissimos
690 1728 873 1769 montes,
907 1721 983 1780 qui
1020 1721 1075 1763 ad
1097 1729 1239 1764 castra
1270 1721 1568 1780 pertinebant,
1603 1735 1702 1763 con-

205 1781 431 1839 fugerunt.

261 1836 334 1882 96.
369 1838 420 1882 In
441 1837 591 1882 castris
625 1838 819 1897 Pompeii
843 1838 990 1882 videre
1012 1838 1137 1882 licuit
1165 1837 1360 1882 trichilas
1388 1846 1561 1888 stratas,
1584 1853 1704 1897 mag-

211 1970 392 2002 Circumire·
407 1969 509 2000 etiam
522 1967 641 2008 Nepos
655 1966 737 1999 dicit
750 1967 870 1999 Them.
885 1971 916 2000 3.

208 2019 241 2045 ct
257 2013 370 2045 Ca’sar
385 2013 424 2045 G.
443 2016 473 2052 3,
489 2016 541 2044 95.
565 2012 616 2043 Cf.
632 2012 915 2043 01.›xf.1⁴.0188.

254 2059 351 2090 Aliis.
387 2058 449 2089 alii
474 2059 617 2098 aliisque
640 2067 746 2098 qnam
769 2059 920 2088 maxime

204 2101 344 2143 dffms.

260 2147 433 2178 Tuemini.
457 2145 509 2176 Sic
522 2144 622 2176 codd.
641 2144 708 2176 Alii
728 2145 918 2177 Ttwamini.

258 2190 479 2222 Eoez'srimam.
505 2188 558 2219 Sic
575 2189 676 2220 codd.
703 2189 816 2231 Vulgo
832 2192 921 2221 aexn‘-

211 2244 324 2272 mans,
339 2239 376 2265 ut
390 2243 420 2265 e.
436 2234 491 2263 96.

258 2279 381 2310 Missis.
429 2276 580 2309 Jurinius
595 2276 693 2309 malit
710 2280 851 2309 ominis.

259 2323 304 2355 In
338 2323 443 2354 altiss.
474 2327 597 2353 montes
626 2338 670 2343 -
699 2325 921 2363 pertinebant.

215 2366 370 2399 Jurinius
383 2366 541 2397 emendat
556 2367 593 2396 in
611 2367 809 2397 altissimum
825 2378 920 2398 mou-

214 2417 282 2444 tem
298 2429 341 2434 —
352 2411 553 2453 pertinebat.
576 2409 657 2450 quia
673 2420 703 2440 c.
716 2411 770 2440 97.
795 2411 835 2441 de
852 2421 920 2442 uno

215 2461 331 2488 monte
375 2465 496 2487 sermo.
559 2453 684 2484 Verum
729 2454 842 2485 statim
888 2455 920 2486 in

216 2506 350 2532 montes
378 2499 514 2531 vicinos
545 2498 625 2540 fuga
661 2498 748 2530 facta
780 2499 922 2534 videtur.

216 2545 294 2577 dein
312 2545 345 2576 in
363 2544 501 2575 illorum
517 2552 585 2574 uno
598 2542 773 2574 conlectus
788 2543 920 2584 fugiens

215 2589 395 2620 exercitus.

268 2635 424 2665 Trichiloe
447 2637 535 2666 sunt.
559 2637 596 2663 ut
619 2630 736 2662 Ovidii
759 2631 865 2670 (Fast.
890 2635 920 2670 3,

224 2677 302 2714 528)
330 2677 441 2708 verbis
463 2676 587 2714 dicam,
616 2685 702 2707 caesa
726 2675 886 2708 frondem.
902 2687 921 2706 e

218 2732 312 2753 raino
344 2721 454 2759 factae,
482 2731 568 2761 quas
597 2726 629 2751 et
659 2720 800 2751 umbras
836 2719 923 2759 (vid.

222 2766 338 2797 Festus
355 2765 387 2796 in
407 2765 440 2795 h.
456 2766 506 2802 v.)
528 2770 563 2795 ot
588 2765 788 2795 umbrat-uh
814 2764 922 2794 nonii-

221 2820 300 2841 nare
315 2816 445 2840 veteres
463 2809 631 2840 solebant.
678 2810 840 2839 Accuratc
864 2809 923 2838 de-

218 2853 354 2894 sc;ipsit
386 2848 536 2893 llcynius
561 2853 619 2891 (ad
645 2852 764 2891 Vir-:ih
787 2853 919 2893 Copam

218 2909 252 2929 v.
271 2898 318 2935 8).
331 2897 546 2928 ubimrichila
561 2903 592 2927 et
607 2896 922 2937 t›·i‹·he'l11m‚inquit.

222 2948 272 2975 est
288 2941 438 2983 pergula,
461 2951 503 2972 ex
519 2940 650 2972 vitibus
664 2941 774 2972 aliave
790 2940 921 2978 arbore,

986 1967 1199 2009 pedamentis
1215 1974 1248 1999 ct
1266 1966 1358 2009 jugis
1376 1967 1517 2006 firmata,
1535 1966 1702 2009 inplicitis

987 2012 1167 2043 frondibus
1203 2018 1437 2043 concamerata
1475 2018 1508 2042 et
1546 2018 1695 2051 arcuata,

987 2057 1121 2088 notiore
1137 2066 1222 2087 voce
1239 2057 1456 2098 hypmnpelos
1469 2055 1575 2087 dicta.
1609 2056 1699 2088 Lau·

988 2101 1043 2132 dat
1070 2101 1122 2132 vir
1152 2101 1272 2132 doctus
1301 2100 1377 2132 intt.
1406 2101 1449 2131 ad
1475 2100 1613 2132 Colum.
1648 2103 1699 2140 10,

990 2147 1067 2176 378.
1114 2146 1191 2176 Jam
1222 2144 1323 2177 lectio
1351 2144 1434 2182 haec,
1466 2145 1631 2183 trichilas,
1653 2144 1699 2176 ab

989 2189 1151 2221 omnibus
1172 2189 1352 2221 codicibus
1374 2188 1520 2220 Caesaris
1544 2188 1594 2227 (et
1617 2189 1694 2220 edd.

987 2232 1075 2270 vet.)
1101 2234 1253 2265 firmatur
1275 2240 1486 2272 constantem
1525 2232 1582 2264 illa
1615 2243 1697 2265 vero

987 2279 1106 2312 altera.
1126 2280 1288 2311 triclinia.
1310 2288 1350 2309 ex
1376 2278 1430 2308 ed.
1456 2276 1593 2315 Aldina,
1617 2282 1651 2308 et
1675 2287 1696 2309 a

989 2330 1180 2354 correctore
1197 2322 1269 2353 sine
1283 2322 1389 2353 dubio
1402 2321 1567 2359 originem
1581 2320 1695 2352 habet.

989 2368 1040 2398 M.
1077 2367 1219 2397 Vossius
1234 2368 1380 2397 trit-linia
1395 2365 1545 2397 defendit
1560 2375 1581 2395 e
1596 2365 1697 2406 Spar-

990 2410 1084 2442 tiano
1102 2411 1134 2442 in
1153 2411 1256 2441 lladr.
1280 2412 1328 2441 10.
1361 2411 1425 2441 Sed
1441 2410 1549 2441 ethic
1565 2409 1696 2441 Salma-

990 2455 1061 2486 sius
1084 2455 1149 2496 legi
1172 2455 1269 2496 jubet
1293 2456 1450 2489 trichilr'a,
1475 2459 1508 2485 et
1532 2453 1564 2484 in
1582 2460 1697 2486 nostro

991 2500 1067 2530 loco
1090 2500 1191 2531 codd.
1216 2499 1362 2530 obstant.
1409 2499 1478 2529 Nec
1507 2497 1696 2530 audiendus

989 2544 1185 2577 Beroaldus.
1208 2543 1265 2584 qui
1280 2543 1312 2574 in
1329 2542 1463 2574 Gruteri
1487 2543 1592 2583 lamp.
1617 2548 1642 2573 t.
1665 2544 1694 2574 1.

990 2598 1023 2628 p.
1042 2589 1116 2619 310.
1130 2587 1266 2629 reponit
1280 2588 1453 2625 elvericlea,
1468 2587 1594 2628 pocula
1617 2596 1694 2627 pre-

990 2634 1088 2665 tiosa.
1104 2638 1290 2663 memorata
1302 2631 1461 2663 Ciceroni
1481 2631 1575 2662 Verr.
1589 2633 1621 2666 4,
1642 2632 1691 2661 18.

988 2676 1046 2708 ubi
1063 2675 1124 2708 alii
1151 2677 1333 2707 Heraclea.
1377 2674 1541 2706 Cellarius
1564 2673 1693 2716 recepit

988 2722 1150 2751 triclinia.
1197 2720 1297 2752 Malit
1312 2726 1345 2751 et
1360 2719 1545 2751 Bentleius.

1034 2766 1193 2796 structae.
1221 2765 1293 2795 lloc
1308 2763 1340 2794 in
1355 2764 1452 2795 nullo
1462 2764 1541 2794 cod.
1552 2761 1689 2803 legitur:

988 2809 1046 2839 sed
1062 2815 1111 2839 est
1126 2819 1166 2839 ex
1180 2808 1414 2840 emendatione
1427 2806 1599 2839 Salmasii.
1612 2816 1690 2847 pro-

989 2853 1067 2884 bata
1100 2852 1222 2884 Vos-sio
1250 2853 1409 2894 aliisque.
1473 2852 1560 2882 Vera
1587 2850 1687 2881 codd.

987 2896 1090 2928 lectio
1107 2904 1170 2933 est,
1186 2903 1319 2929 sti-ams-
1363 2895 1398 2927 Si
1421 2895 1511 2927 enim
1533 2893 1603 2925 dici
1627 2905 1689 2935 po-

989 2947 1051 2973 test
1065 2942 1281 2974 coenaculum
1296 2946 1447 2977 stratum,
1472 2940 1496 2973 i.
1513 2949 1543 2971 e.
1560 2938 1687 2970 mensis
