1946 3261
717 169 835 214 LIB.
870 171 1009 216 GAP.
1040 172 1230 217 42-45.
1642 171 1725 217 501

235 292 450 345 Allienus,
480 295 599 339 navis
633 312 734 348 una,
759 299 802 340 in
834 314 921 357 qua
940 299 1083 342 fuerat
1106 301 1160 350 Q.
1187 297 1408 344 Cominius
1428 306 1473 342 et
1495 297 1546 341 L.
1572 297 1726 345 Ticida

232 353 379 411 Eques
402 354 640 405 Romanus,
660 358 716 400 ab
738 357 908 400 residua
931 359 1060 400 classe
1085 375 1219 416 quum
1241 358 1471 402 erravisset
1490 357 1722 416 delataque

231 421 340 454 esset
372 423 502 457 vento
524 415 578 458 ad
600 415 816 473 Thapson,
844 433 869 458 a
892 417 1078 474 Virgilio
1098 417 1264 475 scaphis
1285 417 1578 475 naviculisque
1595 426 1719 460 actu-

229 471 329 512 ariis
350 482 532 531 excepta
552 482 616 515 est
644 482 688 516 et
706 475 761 517 ad
786 475 1031 533 Scipionem
1048 475 1253 517 deducta.
1317 476 1430 518 Item
1446 476 1585 518 altera
1601 477 1721 521 navis

229 529 371 572 trieris
400 547 452 573 ex
482 532 629 574 eadem
657 533 803 583 classe,
833 533 1077 576 errabunda
1098 549 1148 575 ac
1169 542 1428 592 tempestate
1447 535 1501 577 ad
1520 535 1720 593 AEgimu-

227 603 324 630 rum
357 589 516 639 delata,
546 606 571 632 a
605 591 736 633 classe
769 592 873 635 Vari
901 601 945 634 et
978 593 1044 634 M.
1082 592 1256 634 Octavii
1288 601 1352 635 est
1385 602 1530 650 capta,
1563 594 1607 636 in
1628 610 1718 652 qua.

226 647 383 689 milites
397 649 590 691 veterani
611 665 710 691 cum
742 667 828 693 uno
859 651 1124 693 Centurione
1155 659 1199 692 et
1227 650 1423 693 nonnulli
1443 652 1603 695 tirones
1624 654 1717 697 fue-

225 714 353 747 runt:
391 722 499 763 quos
535 708 691 757 Varus,
726 709 974 752 adservatos
1010 710 1098 752 sine
1131 708 1410 757 contumelia,
1441 709 1719 756 deducendos

224 764 394 806 curavit
415 764 471 806 ad
497 765 758 824 Scipionem.
825 768 912 817 Qui
944 778 1174 826 postquam
1207 768 1261 810 ad
1289 783 1388 809 eum
1420 780 1716 825 pervenerunt

222 830 268 865 et·
285 832 385 865 ante
416 835 670 882 suggestum
696 827 787 884 ejus
820 828 1125 876 constiterunt,
1160 831 1188 852 “
1208 827 1310 869 Non
1331 830 1525 876 vestra‚’'
1557 828 1717 885 inquit,

225 887 254 905 ‘⁶
277 892 433 940 sponte
451 899 541 933 VOS,
566 894 682 926 certe
704 886 804 935 scio,
827 885 902 928 sed
924 886 1037 928 illius
1059 885 1258 928 scelerati
1281 885 1415 928 vestri
1434 885 1717 944 Imperatoris

223 947 252 965 ‘⁶
277 941 466 999 impulsu
500 952 543 985 et
580 944 763 1001 imperio
797 953 983 994 coactos,
1018 944 1129 987 cives
1165 952 1210 986 et
1251 944 1465 1001 optimum
1497 960 1714 1003 quemque

223 1005 252 1025 ⁶‘
272 1001 436 1042 nefarie
458 1004 710 1046 consectari.
776 1004 897 1053 Quos
915 1003 1119 1062 quoniam
1149 1003 1326 1045 fortuna
1354 1003 1397 1044 in
1426 1012 1615 1046 nostram
1641 1004 1716 1047 de-

222 1065 252 1085 “
277 1059 380 1102 tulit
397 1069 676 1117 potestatem,
699 1062 751 1114 si,
784 1063 828 1104 id
863 1063 980 1120 quod
1010 1062 1151 1105 facere
1172 1061 1353 1111 debetis,
1377 1061 1718 1120 Rempublicam

219 1125 249 1144 ‘⁶
271 1134 369 1160 cum
392 1120 560 1178 optimo
583 1137 758 1179 quoque
780 1121 1035 1171 defendetis,
1056 1131 1224 1164 certum
1243 1129 1321 1173 est,
1355 1121 1477 1164 vobis
1500 1122 1635 1164 vitam
1666 1130 1714 1165 et

218 1185 247 1203 ⁶⁶
272 1179 497 1235 pecuniam
530 1179 704 1223 donare.
771 1181 1065 1239 Quapropter,
1100 1181 1207 1238 quid
1239 1179 1448 1230 sentiatis,
1486 1180 1714 1240 proloqui-

216 1245 245 1264 ⁶⁶
268 1237 420 1278 mini.’'

275 1295 346 1336 45.
384 1296 479 1338 Hac
512 1295 661 1339 habita
696 1300 908 1347 oratione,
943 1297 1106 1356 Scipio,
1138 1313 1273 1355 quum
1295 1297 1594 1348 existimasset,
1627 1315 1712 1357 pro

215 1371 292 1397 suo
314 1355 519 1397 beneficio
548 1356 635 1397 sine
657 1355 793 1397 dubio
811 1357 866 1399 ab
887 1357 935 1398 iis
957 1357 1117 1414 gratias
1137 1356 1219 1398 sibi
1241 1365 1389 1399 actum
1417 1356 1486 1407 iri,
1518 1367 1711 1414 potesta-

219 1423 307 1457 tem
342 1414 393 1456 iis
423 1413 594 1456 dicendi
629 1414 743 1456 fecit.
806 1414 874 1457 Ex
902 1415 960 1457 eis
994 1414 1206 1457 Centurio
1228 1414 1409 1457 leo-ionis
1434 1423 1603 1472 quartae
1632 1417 1708 1459 de-

214 1473 351 1522 cimae,
389 1477 416 1498 “
439 1473 525 1515 Pro
556 1475 679 1522 tuo,''
714 1473 873 1530 inquit,
910 1481 1123 1516 “summo
1157 1473 1267 1515 bene
1301 1474 1383 1523 cio,
1426 1474 1591 1532 Scipio,
1623 1475 1707 1519 tibi

214 1539 244 1558 ‘⁶
269 1532 430 1590 gratias
451 1547 550 1590 ago,
575 1533 678 1588 (non
698 1532 809 1574 enim
834 1532 1150 1590 Imperatorem
1171 1540 1214 1574 te
1236 1532 1429 1590 adpello)
1461 1532 1580 1589 quod
1603 1533 1709 1577 mihi

215 1599 243 1617 ‘⁶
268 1591 403 1633 vitam
440 1590 885 1648 incolumitatemque,
920 1591 1025 1634 belli
1058 1592 1155 1649 jure
1189 1599 1335 1648 capto,
1379 1591 1619 1649 polliceris:
1660 1600 1706 1635 et

213 1658 241 1676 ‘⁶
266 1650 409 1692 forsan
430 1650 512 1692 isto
534 1659 682 1692 uterer
700 1649 924 1699 beneficio,
947 1650 981 1691 si
1003 1665 1088 1692 non
1110 1650 1149 1692 ei
1165 1665 1379 1691 summum
1395 1649 1532 1692 scelus
1553 1650 1705 1708 adjun-

213 1717 243 1735 ‘⁶
265 1718 458 1766 geretur.
521 1709 675 1767 Egone
719 1718 872 1751 contra
914 1709 1142 1759 Caesarem,
1183 1708 1499 1766 Imperatorem
1539 1725 1701 1762 meum,

210 1775 240 1795 ‘⁶
263 1767 383 1826 apud
418 1783 548 1825 quem
583 1768 777 1810 ordinem
808 1767 928 1820 duxi,
967 1769 1144 1825 ejusque
1177 1766 1431 1817 exercitum,
1466 1783 1547 1825 pro
1579 1769 1702 1827 cujus

207 1834 237 1853 ‘⁶
260 1827 476 1884 dignitate
509 1827 779 1885 victoriaque
817 1827 1000 1885 amplius
1039 1825 1234 1869 XXXVI
1275 1826 1395 1868 annis
1434 1825 1701 1885 depugnavi,

208 1894 238 1913 ‘⁶
261 1886 468 1928 adversus
499 1895 778 1943 armatusque
812 1886 1070 1929 consistam?
1134 1886 1293 1942 Neque
1314 1901 1396 1943 ego
1418 1885 1536 1927 istud
1558 1887 1700 1929 factu-

206 1954 237 1972 ⁶⁶
261 1961 334 1988 rus
350 1961 456 1998 sum,
479 1953 524 1987 et
546 1953 589 1987 te
611 1960 892 2003 magnopere,
915 1953 966 1987 ut
987 1944 1042 1986 de
1064 1945 1242 2003 negotio
1258 1943 1451 1993 desistas,
1468 1944 1695 1989 adhortor.

207 2013 236 2031 ⁶⁶
262 2005 428 2046 Contra
456 2004 578 2061 cujus
601 2004 713 2045 enim
734 2005 879 2062 copias
898 2003 1148 2053 contendas,
1183 2003 1215 2044 si
1236 2003 1375 2045 minus
1396 2011 1522 2045 antea
1544 2020 1698 2063 exper-

206 2070 235 2090 “
260 2070 330 2105 tus
367 2079 426 2112 es,
466 2063 568 2105 licet
607 2078 721 2105 nunc
761 2078 1005 2121 cognoscas.
1079 2063 1206 2120 Elige
1246 2077 1301 2104 ex
1339 2061 1424 2103 tuis
1470 2061 1695 2106 cohortem

205 2130 234 2150 ⁶⁶
259 2137 403 2173 unam,
440 2137 571 2178 quam
601 2129 729 2179 putas
767 2138 854 2163 esse
884 2121 1182 2169 firmissimam,
1219 2127 1263 2161 et
1293 2121 1507 2163 constitue
1541 2130 1696 2167 contra

204 2189 233 2209 ⁶⁶
257 2196 349 2223 me:
383 2196 465 2239 ego
486 2189 633 2223 autem
660 2197 714 2222 ex
735 2180 838 2223 meis
859 2180 1239 2229 commilitonibus,
1278 2195 1386 2236 quos
1412 2195 1526 2223 nunc
1549 2181 1593 2224 in
1615 2190 1693 2225 tua

203 2249 232 2268 ‘⁶
256 2248 375 2283 tenes
414 2247 644 2298 potestate,
693 2254 779 2282 non
830 2239 1018 2297 amplius
1057 2239 1205 2282 decem
1247 2254 1437 2282 sumam:
1492 2248 1596 2283 tunc
1635 2257 1691 2284 ex

979 2394 1065 2415 esse.
1111 2383 1198 2416 Aliis
1214 2382 1354 2425 placuit,
1374 2383 1458 2416 XIV
1473 2384 1556 2426 legi.
1572 2401 1616 2409 --
1630 2386 1684 2418 De

247 2388 409 2419 Allienus.
446 2384 500 2416 Cf.
517 2395 548 2416 c.
566 2386 619 2415 34.
643 2384 694 2415 M.

979 2427 1186 2459 Centurione
1204 2428 1269 2459 hoc
1284 2429 1328 2460 cf.
1359 2429 1473 2460 Valer.
1489 2429 1582 2461 Max.
1609 2432 1640 2468 3,
1652 2433 1684 2468 8,

253 2432 425 2472 Viryiliu-s.
467 2428 520 2460 Cf.
537 2439 567 2460 e.
586 2431 638 2460 28.
664 2428 712 2459 M.

253 2476 390 2507 Triere's.
432 2472 487 2505 Sic
503 2474 579 2504 cod.
606 2477 671 2505 vet.
711 2471 824 2514 Vulgo
850 2474 910 2505 tri-

199 2521 313 2551 remis.

247 2561 447 2603 Defemlelz's.
470 2560 523 2592 Sic
539 2563 616 2593 cod.
642 2560 770 2593 Ursini.
797 2560 910 2600 Vulgo

198 2607 386 2648 deffemlitis.

245 2652 396 2691 Amplius
436 2651 606 2681 XXXVI
641 2652 751 2681 annis.
814 2647 906 2686 Quia

198 2706 280 2727 vero
308 2694 420 2725 Caesar
445 2694 595 2724 nondum
622 2705 681 2735 per
709 2704 766 2724 sex
790 2698 822 2724 et
848 2692 907 2723 tri-

196 2740 289 2781 ginta
307 2748 415 2770 annos
426 2737 635 2769 exercitibus
648 2738 835 2780 praefuerat,
848 2737 904 2767 sed

197 2784 274 2816 inde
303 2783 346 2814 ab
375 2782 446 2824 ejus
472 2783 619 2813 Praetura
649 2781 799 2813 sedecim
826 2781 904 2812 anni

197 2838 285 2860 nunc
313 2827 530 2858 effluxerant:
563 2826 662 2857 multi
693 2832 771 2867 post
802 2825 903 2857 Glan-

194 2873 354 2916 dorpium
376 2876 589 2911 monuerunt,
617 2870 701 2903 XVI
721 2871 902 2913 legendum

978 2473 1009 2502 7.
1027 2473 1078 2504 M.
1102 2472 1171 2504 Ubi
1188 2471 1348 2504 Centurio
1360 2473 1416 2505 hic
1435 2474 1537 2505 Titius
1553 2473 1586 2504 in
1603 2473 1684 2505 aliis

977 2517 1088 2555 codd„
1106 2516 1140 2548 in
1157 2517 1236 2548 aliis
1253 2518 1392 2549 Pontius
1409 2522 1557 2548 vocatur.
1581 2517 1685 2550 Cole-

977 2571 1032 2592 rus
1049 2560 1127 2591 inde
1149 2562 1262 2593 Titum
1285 2562 1443 2593 Pontium
1457 2560 1571 2593 efficit.
1618 2561 1684 2593 Ce-

977 2609 1096 2643 terum,
1121 2605 1181 2646 qui
1197 2605 1370 2646 vulgatum
1386 2614 1566 2636 numerum
1583 2611 1682 2638 tuen-

975 2654 1039 2687 tur,
1065 2660 1130 2680 non
1157 2650 1200 2680 ad
1225 2649 1337 2690 ipsum
1357 2648 1538 2688 Caesarem,
1564 2651 1622 2680 sed
1636 2652 1680 2682 ad

976 2700 1173 2724 veteranum
1204 2693 1277 2734 ejus
1316 2693 1503 2724 exercitum
1542 2700 1680 2726 censent

972 2738 1194 2769 referendum.
1241 2738 1300 2768 Ast
1313 2736 1397 2768 XVI
1412 2737 1521 2768 firmat
1548 2737 1679 2770 Godui-

971 2791 1035 2813 nus
1052 2793 1070 2813 e
1086 2783 1163 2813 cod.
1184 2780 1341 2813 Victorii.
1390 2780 1479 2814 Dein
1501 2792 1562 2825 pro
1577 2785 1678 2817 annis

970 2826 1032 2859 aiii
1050 2837 1169 2860 annos.
1184 2836 1306 2868 parum
1321 2824 1434 2858 refert.
