1946 3261
260 364 462 426 perabat,
495 363 559 410 ita
578 364 811 424 unicuique
834 365 1133 425 praecipiebat,
1156 372 1188 394 ‘⁶
1210 364 1275 409 uti
1295 363 1390 409 fieri
1410 372 1553 424 posset
1572 379 1652 409 nec
1673 380 1743 415 ne,

260 433 290 452 “
315 425 458 469 locum
495 425 716 468 excusatio
750 425 921 469 nullum
955 425 1162 475 haberet;
1213 441 1291 468 nec
1328 441 1495 468 moram
1530 424 1744 491 tergiver-

262 492 292 512 “
315 485 455 534 satio?
445 486 472 503 ’'
532 484 629 543 Ipse
649 485 829 535 interea,
864 501 918 529 ex
949 484 1146 542 perfugis
1181 492 1227 527 et
1258 485 1407 527 incolis
1437 483 1620 542 cognitis
1641 499 1742 527 con·

259 543 500 592 ditionibus
524 543 754 601 Scipionis,
789 552 835 587 et
861 543 941 602 qui
971 559 1071 588 cum
1099 557 1151 585 eo
1183 551 1337 586 contra
1367 559 1409 586 se
1431 543 1597 586 bellum
1619 559 1743 611 gere-

261 603 384 654 bant,
405 602 614 653 miserari,
638 601 851 661 (Regium
871 603 985 649 enim
1009 601 1253 660 equitatum
1277 601 1425 660 Scipio
1446 619 1500 645 ex
1521 602 1745 659 provincia

262 661 414 705 Africa
435 661 619 718 alebat,)
642 670 766 704 tanta
787 661 976 708 homines
995 677 1086 705 esse
1106 661 1335 710 dementia,
1365 671 1415 704 ut
1435 661 1590 704 malint
1608 661 1745 719 Regis

259 736 349 764 esse
368 720 621 778 vectigales,
644 737 776 779 quam
796 737 897 764 cum
917 721 1083 766 civibus
1114 719 1156 764 in
1190 719 1336 779 patria
1369 720 1414 764 in
1442 720 1527 763 suis
1560 720 1746 763 fortunis

258 796 350 823 esse
371 779 621 825 incolumes.

322 838 364 881 9.
399 838 545 882 Caesar
573 856 612 882 a.
645 838 689 885 d.
722 837 808 882 III.
854 840 971 884 Non.
1010 838 1111 883 Jan.
1152 847 1294 882 castra
1322 846 1494 881 movet:
1530 837 1746 897 Leptique

258 914 333 946 sex
365 897 613 942 cohortium
647 899 848 957 praesidio
883 915 981 943 cum
1019 899 1204 942 Saserna
1243 898 1412 948 relicto,
1451 898 1542 956 ipse
1579 912 1746 947 rursus,

262 956 375 1001 unde
404 957 545 1016 pridie
566 967 763 1009 venerat,
801 958 1040 1025 Ruspinam
1060 974 1160 1001 cum
1180 957 1358 1021 reliquis
1377 958 1512 1016 copiis
1531 957 1748 1000 convertit

260 1017 426 1074 ibique,
458 1017 630 1061 sarcinis
666 1018 883 1061 exelcitus
914 1017 1092 1068 relictis,
1129 1018 1218 1076 ipse
1246 1033 1344 1059 cum
1377 1016 1585 1075 expedita
1617 1031 1748 1059 manu

260 1076 549 1135 proficiscitur
569 1077 731 1120 circum
752 1077 876 1120 villas
888 1077 1202 1120 frumentatum
1215 1075 1530 1135 oppidanisque
1548 1076 1750 1134 imperat,

262 1145 312 1179 ut
343 1135 540 1194 plaustia
572 1137 857 1195 jumentaque
899 1137 1040 1179 onmia
1075 1145 1329 1194 sequantur.
1392 1135 1551 1193 Itaque
1592 1151 1750 1193 magno

262 1195 469 1242 frumenti
491 1195 666 1239 invento
687 1211 881 1245 numer-0,
907 1195 1147 1254 Ruspinam
1167 1195 1296 1238 redit.
1346 1195 1443 1238 Hoc
1465 1210 1565 1237 eum
1586 1193 1750 1237 idcirco

261 1253 458 1303 existimo
496 1255 661 1305 fecisse,
692 1264 742 1300 ut
768 1256 1003 1298 ma1ituma
1037 1255 1201 1314 oppida
1236 1262 1334 1314 post
1365 1271 1409 1297 se
1443 1269 1495 1297 ne
1522 1269 1658 1297 vacua
1685 1270 1750 1297 r-e

262 1313 497 1380 linqueimet
533 1315 821 1373 piaesidioque
857 1314 1030 1358 firmata
1059 1316 1116 1358 ad
1147 1315 1314 1358 classim
1347 1312 1624 1372 receptacula
1659 1329 1751 1358 mu-

263 1373 392 1416 niret.

328 1432 394 1474 10.
429 1431 601 1490 Itaque,
622 1431 684 1476 ibi
706 1431 860 1476 relicto
883 1433 942 1475 Ρ.
959 1433 1160 1482 Saserna,
1183 1432 1321 1475 f1at1e
1343 1435 1449 1489 ejus,
1468 1447 1599 1489 quem
1618 1429 1751 1499 Lepti

263 1492 465 1560 pioximo
493 1490 658 1550 oppido
694 1491 948 1549 1·eliquer‚at
984 1508 1083 1535 cum
1118 1492 1305 1550 legione,
1331 1491 1459 1550 jubet
1486 1490 1753 1549 comportati

262 1551 380 1610 ligna
414 1552 454 1593 in
486 1550 698 1609 oppidum
731 1567 865 1608 quam
895 1551 1107 1610 plurima:
1143 1551 1233 1609 ipse
1261 1567 1359 1593 cum
1386 1550 1640 1593 cohortibus
1660 1565 1754 1607 sep-

262 1619 367 1660 tem,
404 1626 502 1668 quae
533 1626 586 1652 ex
607 1611 821 1653 veteranis
851 1610 1095 1669 legionibus
1127 1610 1170 1653 in
1199 1610 1331 1653 classe
1351 1625 1451 1651 cum
1489 1609 1690 1667 Sulpicio
1709 1616 1755 1651 et

265 1669 443 1717 Vatinio
477 1685 567 1716 iem
589 1678 825 1727 gesserant,
847 1687 900 1712 ex
919 1669 1082 1728 oppido
1102 1668 1302 1727 Ruspina
1327 1684 1538 1727 egressus,
1561 1685 1615 1727 pl
1618 1667 1755 1711 ofic1s-

262 1729 378 1772 citur
413 1728 467 1772 ad
488 1736 681 1787 portum,
719 1729 793 1786 qui
815 1729 937 1772 abest
969 1729 1024 1772 ab
1057 1727 1226 1788 oppido
1258 1706 1379 1770 milia
1411 1743 1616 1795 passuum
1646 1727 1754 1778 duo,

261 1789 411 1846 ibique
432 1787 608 1832 classem
627 1788 712 1832 sub
724 1803 962 1856 ‘vesperum
984 1805 1082 1832 cum
1105 1804 1155 1833 ea
1174 1788 1301 1847 copia
1321 1786 1583 1830 conscendit.
1647 1787 1754 1830 Om-

260 1848 388 1895 nibus
418 1847 463 1892 in
494 1847 692 1895 exercitu
723 1847 863 1892 insciis
895 1856 941 1892 et
960 1848 1285 1907 requirentibus
1314 1845 1601 1906 Imperatoris
1619 1846 1755 1889 consi-

313 1969 369 2003 Ita
382 1972 444 2003 uni
527 1993 535 2001 .
551 1968 621 2001 Alii
634 1971 762 2011 itaque.

320 2014 384 2053 Uti,
394 2014 474 2053 fieri
487 2030 532 2036 --
547 2013 693 2046 haberet.
722 2012 805 2056 Leg.
817 2023 898 2047 cum
911 2014 980 2046 Da-

269 2056 359 2089 visio
374 2057 408 2087 e't
421 2057 561 2089 Clarkio
575 2068 595 2089 e
612 2057 688 2089 cod.
713 2056 823 2099 Regio
838 2070 846 2089 :
874 2063 923 2097 ut,
951 2061 979 2090 sa·

261 2103 342 2143 fieri
354 2107 472 2142 posset,
485 2112 528 2133 ne
543 2101 678 2140 (imm0‚
704 2104 783 2139 nec)
796 2104 909 2134 locum
921 2113 979 2134 ex-

269 2148 397 2178 oza-satio
421 2146 536 2178 ullum
559 2147 694 2178 haberet
703 2163 760 2177 —.
797 2147 850 2178 M.
889 2148 979 2178 Con·

269 2189 420 2222 sentiunt
444 2196 479 2222 et
502 2189 564 2222 alii
589 2190 689 2222 codd.
715 2195 747 2222 et
762 2191 839 2223 edd.
855 2196 925 2222 vet.
941 2196 978 2222 ut

271 2233 412 2273 omnino
424 2235 562 2273 credam
575 2234 624 2266 ita
634 2234 827 2276 legendum.
848 2234 981 2273 Quaerit

268 2283 382 2310 tamen
398 2278 488 2310 Oud.
503 2278 585 2321 quid
598 2284 670 2310 tum
681 2278 851 2320 singulare
868 2279 928 2311 hic
946 2279 979 2311 in

270 2322 405 2363 Caesare
419 2324 579 2361 notetur?
601 2323 654 2355 Cf.
669 2333 702 2356 c.
718 2325 772 2355 26.

317 2367 396 2401 Loc-
410 2378 522 2402 excus.
535 2368 681 2406 nullum.
710 2367 810 2400 Conf.
828 2378 907 2411 cap.
925 2370 981 2400 26.

316 2411 373 2486 PII-:c
382 2414 571 2454 provincia.
600 2411 655 2445 Sic
670 2413 769 2446 codd.
794 2411 864 2445 Alii
880 2414 917 2444 in
924 2424 980 2455 pr.

269 2464 325 2493 ma
341 2466 372 2487 e.

323 2501 362 2534 Ut
379 2501 515 2535 malint.
544 2501 595 2533 Ita
609 2501 710 2534 codd.
754 2501 867 2544 Vulgo
894 2502 980 2538 mal-

268 2545 346 2577 lent.

320 2590 508 2631 Vectiqales.
553 2589 671 2632 Scipio
711 2590 732 2622 J
736 2589 811 2623 ubae
850 2590 979 2634 stipen-

267 2633 365 2666 dium
380 2634 423 2710 Ξῖ
436 2633 568 2676 equites
577 2635 717 2675 alendos
731 2632 899 2675 solvebat.
923 2636 978 2668 Cf.

269 2689 302 2710 c.
322 2680 353 2710 6.
425 2702 433 2710 .

272 2766 303 2799 N
316 2724 357 2754 A.
384 2722 418 2754 d.
450 2723 530 2756 III.
557 2724 648 2756 Non.
678 2724 761 2763 Jtm.
788 2723 814 2756 i,
839 2735 872 2758 e.
902 2723 978 2761 V11.

302 2777 360 2801 ,ov-

319 2812 394 2845 Hoc
405 2822 482 2845 eum
492 2812 671 2854 —fecisse.
691 2812 800 2844 Codd.
809 2815 976 2855 recepisse.

271 2855 361 2899 Ergo
377 2855 506 2898 legetur
519 2867 598 2893 cum
612 2856 776 2893 Davisio:
802 2858 884 2889 Huc
896 2869 977 2893 eum

271 2917 317 2934 ψ
329 2903 487 2949 recepisse
501 2912 546 2940 se.
565 2902 616 2936 M.
654 2902 732 2936 Non
753 2900 884 2946 spernit
907 2901 977 2939 hoc

1042 1969 1133 2002 Oud.
1178 1970 1257 2011 Ipse
1273 1974 1386 2005 tamen
1401 1967 1596 2012 suspicatur
1607 1969 1674 2011 leg.
1699 1979 1752 2002 re-

1037 2017 1158 2057 pete'sse
1172 2015 1231 2046 hoc
1246 2013 1462 2056 (oppidum).

1089 2058 1143 2089 Ad
1158 2059 1294 2090 classim
1308 2064 1425 2101 recept
1473 2057 1557 2100 Leg-
1574 2056 1622 2090 acl
1636 2058 1751 2089 classis

1041 2102 1112 2140 (vel
1127 2103 1303 2138 classium)
1326 2103 1548 2144 receptacula.
1580 2102 1631 2133 Μ.
1671 2102 1748 2133 Hoc

1043 2146 1167 2187 probat
1195 2144 1351 2178 Oudend.
1380 2147 1438 2178 sed
1465 2146 1642 2188 vulgatum
1669 2146 1749 2178 reti-

1042 2196 1109 2223 net.
1155 2190 1334 2232 Intellige:
1359 2201 1424 2235 quo
1449 2201 1483 2223 se
1506 2193 1649 2234 recipere
1671 2202 1750 2234 pos·-

1040 2240 1099 2268 set.

1089 2279 1297 2317 Conscendit,
1321 2278 1471 2315 omnibus
1495 2295 1541 2303 -—·
1561 2281 1749 2318 consilium,

1042 2325 1101 2366 qui
1112 2334 1237 2368 mayno
1251 2326 1437 2358 ——sollicit.
1482 2322 1537 2355 Sic
1563 2323 1661 2356 locus
1681 2323 1750 2355 dis-

1042 2368 1251 2409 tinguendus
1283 2374 1318 2401 et
1339 2369 1503 2411 legendus
1533 2378 1552 2399 e
1577 2368 1655 2399 cod.
1681 2368 1749 2405 Da-

1042 2412 1136 2454 visii.
1170 2415 1368 2446 tristimonia
1399 2424 1419 2444 e
1449 2412 1547 2444 codd.
1576 2411 1750 2443 revocavit

1044 2456 1133 2489 Oud.
1161 2468 1225 2500 pro
1240 2458 1335 2497 vulo.
1360 2459 1504 2490 tristitia.
1528 2456 1578 2487 M.
1622 2455 1749 2488 Contra

1041 2501 1152 2534 sentio
1174 2512 1254 2533 cum
1271 2501 1365 2533 Oud.
1379 2501 1653 2542 distinguendum
1671 2506 1750 2542 post

1041 2547 1239 2580 conscendit.
1266 2556 1374 2588 neque
1392 2556 1479 2588 opus
1483 2527 1564 2576 ε,ὶεῑο
1575 2546 1646 2586 qui.
1690 2544 1747 2576 Sic

1041 2596 1076 2622 et
1097 2590 1182 2622 alibi
1207 2595 1380 2623 struuntur
1401 2587 1547 2629 ablativi
1574 2588 1749 2621 absolute..

1042 2635 1097 2668 Cf.
1113 2641 1185 2668 not.
1201 2635 1243 2666 ad
1269 2634 1313 2666 G.
1329 2637 1362 2673 7,
1379 2638 1410 2666 4.
1427 2626 1518 2665 em.
1538 2635 1590 2664 17.
1619 2632 1749 2665 ubihie

1039 2681 1148 2722 pulsis
1177 2695 1222 2701 --
1251 2695 1297 2701 -—-
1333 2658 1599 2726 ailploeaverum.
1659 2677 1748 2716 Dein

1041 2725 1137 2766 apud
1160 2724 1299 2755 Petron.
1324 2733 1356 2754 c.
1373 2725 1427 2755 63.
1453 2720 1557 2753 etiam
1573 2721 1697 2763 legitur
1710 2725 1748 2754 iu

1039 2769 1239 2801 tristimoniam
1253 2766 1326 2807 (vel
1337 2766 1554 2802 tristimonio)
1561 2775 1641 2798 esse.
1656 2766 1750 2799 Cita-

1040 2818 1096 2848 tur
1109 2819 1199 2845 etex
1222 2810 1345 2843 Naevio
1365 2811 1457 2852 apud
1471 2810 1624 2842 Festum:
1647 2813 1752 2851 truti-

1041 2859 1195 2893 monium
1221 2855 1492 2895 (tristimoniam)
1524 2854 1681 2895 deturbat
1706 2866 1750 2895 94·

1039 2912 1167 2940 ammo·
