1946 3261
502 179 586 224 AD
620 178 881 224 BELLUM
916 177 1272 223 GALLICUM.
1557 177 1643 220 603

206 308 429 354 divideret.
513 307 772 353 Inconcinna
811 307 899 352 haec
935 306 1143 350 videntur
1182 306 1382 351 Bentleio
1418 315 1464 351 et
1503 307 1632 351 aliam

205 385 379 413 manum
400 367 598 427 prodere.

154 431 193 482 1,
212 430 284 472 34.
317 430 544 486 utriusque
583 426 815 484 conloquio
846 450 905 459 -—
927 425 1154 482 utriusque
1192 425 1330 469 rebus.
1371 425 1492 485 prius
1527 427 1636 470 utri-

204 503 341 546 usque
361 487 497 531 deleri
515 487 642 546 jubet
673 484 895 529 Bentleius
917 499 927 534 ;
959 484 1035 527 sed
1056 484 1211 543 saepius
1239 486 1300 527 ita
1321 501 1446 528 voces
1474 486 1637 545 repetit

207 554 368 590 noster.

150 606 428 650 Molimento.
494 604 565 646 Sic
589 604 825 647 Lambinus
842 602 894 645 ad
916 602 1011 645 Cic.
1034 617 1116 661 pro
1138 601 1165 644 l.
1191 603 1314 646 Man.
1339 619 1377 646 c.
1397 602 1437 645 6.

155 667 195 718 1,
216 664 288 708 36.
320 663 455 720 longe
478 688 537 696 -
557 661 802 719 afuturum.
868 661 1048 704 Salmas.
1073 661 1129 704 ad
1151 661 1270 704 Flor.
1302 661 1347 712 2,
1373 662 1417 713 6,
1448 662 1519 706 34.
1553 663 1637 722 legi

207 723 300 766 heic
331 723 454 765 malit
491 722 708 776 simarum,
743 729 793 763 ut
829 721 946 779 apud
968 719 1127 779 Virgil.
1160 720 1260 763 AEn.
1291 720 1361 772 12,
1392 720 1462 763 52.
1500 722 1570 765 Cf.
1594 731 1639 765 et

211 783 411 826 Gronov.
438 773 492 825 ad
514 781 615 824 Sen.
643 779 830 839 Hippol.
850 797 892 823 v.
919 779 1019 822 974.

157 844 196 895 l,
216 842 290 884 38.
318 842 569 900 profecisse.
617 839 736 882 Oud.
760 839 867 882 hanc
891 838 1230 882 emendationem
1253 839 1471 898 inprobat.
1496 839 1639 882 Bentl.

209 901 333 944 malit
348 900 597 959 profectum
620 913 722 941 esse.

160 964 198 1013 l,
221 960 294 1003 39.
322 960 461 1002 secuti
481 973 569 1001 non
585 973 795 1015 magnum
818 968 900 1002 etc.
967 957 1093 1000 Hanc
1111 957 1339 1001 lectionem
1361 973 1385 1000 a
1408 972 1475 999 me
1496 972 1643 1018 recep-

213 1028 303 1062 tam
327 1018 527 1061 Bentleio
551 1034 725 1075 quoque
747 1017 791 1060 in
808 1026 995 1061 mentem
1018 1017 1179 1060 venisse
1199 1017 1340 1062 video.

139 1081 199 1132 ·]‚
221 1078 293 1121 47.
329 1092 384 1119 eoe
405 1077 496 1120 suis
518 1076 678 1133 legatis
698 1076 899 1133 aliquem.
966 1075 1087 1119 Idem
1117 1075 1302 1120 dubium
1335 1078 1389 1121 de
1425 1076 1504 1120 hac
1538 1092 1645 1122 voce

213 1136 376 1194 legatis
394 1145 541 1180 movet
562 1143 606 1177 et
631 1136 869 1187 Bentleius,
904 1152 1036 1193 quam
1057 1137 1251 1195 expungi
1266 1136 1408 1195 jubet.

156 1196 445 1254 Longinqua.
512 1194 729 1237 Ciacconii
757 1195 895 1253 longa
915 1196 1019 1252 jam
1048 1194 1253 1253 displicet
1281 1196 1511 1240 Grovonio
1535 1196 1643 1242 Obs.

215 1255 262 1306 4,
291 1255 356 1297 11.
396 1271 426 1296 ).
456 1253 549 1296 168.

164 1317 204 1368 1,
224 1315 295 1357 52.
331 1271 520 1356 lic-istium
550 1339 607 1346 -—
632 1314 679 1356 in
714 1313 853 1356 kosle-s
884 1322 968 1356 ete.
1034 1312 1256 1372 Frequens
1292 1315 1500 1374 repetitio
1532 1315 1649 1359 vocis

215 1373 406 1432 ejusdem
424 1372 535 1415 male
552 1372 684 1416 habet
704 1371 969 1424 Bentleium‚
989 1373 1064 1430 qui
1084 1374 1220 1417 deleri
1236 1374 1364 1431 jubet
1381 1374 1569 1417 hostium
1587 1383 1650 1428 et,

217 1423 295 1476 libi
317 1433 476 1475 iterum
497 1431 707 1483 occurrit,
724 1432 773 1475 in
796 1431 935 1474 lio-stes
955 1433 1149 1490 expungi
1173 1433 1242 1475 vel
1264 1432 1332 1475 hic
1351 1433 1439 1492 legi
1456 1433 1505 1476 in
1519 1448 1604 1477 eos,

166 1495 205 1546 1,
227 1493 298 1535 53.
321 1505 452 1549 quam
466 1491 764 1549 pervenerint.
801 1490 874 1533 Sic
895 1492 1012 1534 Oud.
1033 1492 1153 1550 vulg.
1172 1499 1478 1550 pervenerunt.
1502 1493 1649 1537 Bentl.

221 1553 400 1612 praefert
415 1550 714 1609 pervenirent.

164 1613 452 1670 Reperemnt.
519 1610 669 1654 Heins.
692 1610 869 1654 volebat
892 1618 1179 1668 pepererunt,
1210 1610 1328 1669 quod
1352 1609 1497 1670 placet
1521 1612 1652 1655 Bent-

221 1671 319 1715 leio.
385 1669 452 1712 Ex
475 1669 639 1713 Ovidio
658 1669 786 1713 docet
814 1669 930 1711 Oud.
964 1671 1147 1713 inventa
1178 1678 1223 1713 et
1254 1677 1426 1728 reperta,
1457 1686 1652 1715 nonnun-

223 1745 355 1788 quam
373 1728 513 1787 jungi.

164 1790 211 1842 2,
239 1791 275 1833 l.
309 1788 359 1832 in
379 1787 566 1845 imperio
591 1795 748 1832 nostro.
814 1788 930 1832 Oud.
961 1789 1004 1832 in
1024 1788 1234 1833 addendis
1261 1790 1441 1848 praef'ert
1467 1788 1653 1847 imperio

226 1855 389 1897 nostro,
412 1856 456 1890 et
477 1847 558 1890 hoc
578 1847 714 1891 editio
732 1848 823 1907 ejus
843 1850 1057 1907 posterior
1079 1849 1269 1893 exhibet.

164 1909 210 1962 2,
233 1908 278 1961 5,
305 1907 432 1950 vidit.
494 1907 612 1950 Huic
633 1908 770 1951 verbo
799 1907 1003 1961 delendo,
1037 1917 1088 1952 ut
1121 1909 1201 1968 ipsi
1232 1907 1427 1961 videtur,
1455 1909 1483 1952 J
1490 1908 1656 1952 urinius

225 1965 454 2011 substituit
468 1966 600 2018 ultro,
618 1967 708 2010 sine
730 1968 992 2010 necessitate.

167 2028 212 2077 2,
235 2026 281 2077 7,
315 2025 522 2068 discessit.
589 2025 645 2068 V.
672 2027 868 2069 Gronov.
890 2026 947 2069 ad
971 2027 1066 2069 Liv.
1087 2029 1132 2077 4,
1154 2028 1224 2071 52.

166 2086 214 2139 2,
242 2085 307 2129 13.
342 2085 726 2143 Bratuspantium.
792 2086 924 2129 Salva
943 2102 1008 2129 res
1029 2095 1105 2130 est.
1171 2087 1434 2131 Dissertatio
1458 2087 1535 2132 illa
1555 2103 1655 2132 auc-

226 2153 325 2188 tore
360 2143 556 2203 Bonamy
574 2152 696 2187 extat
729 2146 772 2188 in
795 2145 1034 2190 Memoires
1059 2147 1112 2189 de
1138 2145 1308 2190 Z'Aeczd.
1340 2147 1415 2190 des
1442 2147 1578 2191 Inscr.
1604 2148 1658 2191 de

230 2203 382 2254 Paris,
403 2210 434 2246 t.
458 2203 530 2245 28.
552 2219 599 2262 p.
616 2204 718 2247 463.
766 2204 837 2248 Cf.
858 2213 903 2248 et
918 2205 1177 2265 Wesseling.
1201 2206 1258 2249 ad
1277 2206 1488 2250 Antonini
1509 2207 1653 2251 itiner.

231 2279 275 2322 p.
297 2262 400 2305 380.
450 2262 593 2306 Docet
613 2278 717 2308 vero
732 2264 944 2324 Bonamy,
963 2264 1076 2308 inter
1098 2265 1246 2324 plures
1263 2266 1412 2318 urbes,
1434 2266 1477 2310 in
1498 2267 1658 2325 quibus

229 2331 422 2364 veterem
440 2321 567 2366 istam
591 2323 827 2382 quaesivere
852 2324 1032 2376 eruditi,
1060 2324 1168 2368 duas
1199 2341 1305 2377 esse,
1339 2341 1436 2384 quae
1467 2325 1659 2369 conside-

231 2380 320 2424 rari
344 2379 614 2438 potissimum
634 2390 899 2434 mereantur,
932 2383 1096 2427 scilicet
1115 2384 1339 2428 Beauvais
1376 2393 1420 2427 et
1446 2384 1656 2428 Breteuz‘l.

235 2439 325 2482 Pro
349 2440 431 2482 isto
450 2448 537 2484 stat
560 2441 702 2484 Hadr.
725 2442 938 2493 Valesius,
959 2459 1013 2486 ex
1040 2460 1091 2486 ea
1112 2444 1296 2497 ratione,
1321 2443 1438 2503 quod
1457 2444 1658 2487 Bellova-

233 2513 386 2542 corum
406 2508 538 2558 caput
557 2500 684 2543 fuisse
701 2517 753 2544 ex
768 2501 897 2544 dictis
915 2502 1093 2546 Caesaris
1113 2503 1326 2562 adparere
1345 2503 1565 2555 videatur,
1589 2502 1660 2546 cui

235 2574 338 2601 mox
365 2573 520 2601 nomen
555 2559 842 2618 Caesaromagi
870 2561 927 2604 sit
959 2561 1142 2611 datum;
1177 2578 1258 2621 pro
1290 2562 1478 2606 Britolio
1509 2570 1663 2606 contra

236 2617 325 2660 sive
345 2617 583 2675 Britogilo,
601 2617 731 2664 hodie
749 2620 964 2671 Breteuil,
981 2621 1269 2665 Mabillonius
1284 2622 1328 2665 in
1345 2622 1502 2665 Annal.
1525 2622 1661 2665 Bene-

237 2676 341 2719 dict.
376 2675 485 2719 Ord.
508 2684 542 2719 t.
563 2677 604 2720 4.
628 2695 672 2737 p.
696 2679 798 2722 353.
862 2679 979 2724 Huic
1006 2681 1302 2739 adstipulatur
1340 2681 1554 2740 Bonamy,
1584 2681 1661 2739 qui

240 2736 606 2794 Bratuspantium
645 2753 731 2781 non
764 2754 790 2781 a
837 2737 1160 2789 Pharamundo,
1208 2740 1326 2798 quod
1370 2755 1457 2783 non
1504 2740 1664 2784 nemini

240 2795 397 2847 visum,
430 2794 507 2837 sed
535 2812 561 2838 a
594 2796 761 2840 Caesare
791 2797 884 2856 ipso
919 2799 1192 2842 destructum
1229 2799 1358 2843 fnisse
1396 2799 1661 2843 arbitratur.

242 2854 311 2899 Ex
329 2854 420 2915 ejus
445 2854 662 2902 cineribus
690 2857 921 2902 surrexisse
956 2858 1209 2904 Britolium.
1273 2858 1324 2903 In
1345 2857 1472 2919 hujus
1494 2858 1662 2921 quippe
