1946 3261
708 194 1129 242 FRAGMENTA.
1576 196 1664 241 583

185 326 261 363 tm·
279 319 371 380 ejus
390 320 737 382 vituperationis,
754 330 886 382 quarn
909 325 1051 367 Caesar
1069 322 1241 383 scripsit
1267 322 1322 366 de
1345 322 1665 367 Catone—Ea}

185 377 275 424 Gz'c.
298 380 355 423 ad
370 380 503 424 Attio.
532 382 598 434 12,
615 383 685 425 41.

246 497 395 547 Quum
420 498 523 541 mihi
558 499 722 542 Balbus
749 514 893 558 nuper
914 498 957 540 in
981 497 1206 541 Lanuvino
1225 498 1414 549 dixisset,
1437 515 1480 542 se
1502 506 1548 542 et
1572 499 1664 558 Op-

186 555 308 614 pium
325 557 539 616 scripsisse
559 558 615 600 ad
639 559 869 608 Caesarem,
905 573 973 599 me
1007 556 1158 615 legisse
1186 557 1320 600 libros
1349 565 1500 600 contra
1534 559 1666 602 Cato-

185 630 299 666 nem,
322 624 367 659 et
388 616 665 659 vehementer
687 616 1040 675 probasse.--Eoe
1062 615 1153 658 Cic.
1174 616 1231 658 ad
1251 615 1386 658 Attio.
1416 617 1482 667 13,
1503 617 1575 661 50.

247 729 418 780 Quibus
433 730 629 774 omnibus
645 733 877 791 generibus
894 748 994 775 usus
1012 740 1077 775 est
1098 731 1221 776 nimis
1243 731 1507 791 inpudenter
1527 735 1669 779 Caesar

185 796 338 832 contra
359 789 567 833 Catonem
590 793 883 835 meum—Ex
899 790 987 834 Cic.
1012 791 1062 835 z'n
1093 791 1239 849 Topic,
1265 806 1301 835 c.
1325 792 1396 835 25.

247 906 313 949 Μ.
336 906 556 950 Ciceronis
577 907 691 951 libro
713 925 801 967 quo
822 909 1032 952 Catonem
1054 909 1164 952 coelo
1187 910 1394 968 aequavit,
1421 911 1528 969 quid
1549 911 1671 955 aliud

188 965 392 1008 Dictator
422 967 581 1016 Caesar,
645 984 743 1010 uam
765 968 974 1026 rescripta
998 968 1192 1012 oratione
1213 970 1335 1012 velut
1352 970 1471 1029 apud
1487 971 1670 1030 judices,

187 1023 410 1082 respondit
422 1026 574 1068 Ί--ΕαἼ
636 1040 700 1069 ac.
728 1027 890 1070 Amzal.
913 1027 959 1077 4,
983 1028 1054 1069 34.

167 1190 172 1196 ⁴
249 1140 418 1199 Hisque
436 1157 560 1184 usum
576 1142 626 1185 C.
647 1143 857 1186 Caesarem
873 1143 917 1186 in
931 1143 1220 1202 vituperando
1237 1145 1402 1190 Catone
1419 1145 1672 1190 notaverit*

192 1198 500 1244 Cicera—Ex
522 1200 674 1250 Quint.
693 1202 739 1253 3,
764 1202 806 1253 7,
831 1202 901 1245 28.

250 1319 318 1363 Ut
361 1319 570 1362 Catonem
613 1320 785 1363 Tullius
827 1320 1030 1364 laudans:
1085 1330 1130 1364 et
1171 1319 1345 1365 duobus
1385 1319 1676 1366 voluminibus

193 1379 337 1422 Caesar
355 1380 705 1422 accusans—Ea:
722 1379 863 1422 Mart.
884 1380 1047 1438 capell.
1067 1379 1144 1423 lib.
1171 1381 1213 1424 5.

367 1523 426 1532 —-
455 1523 513 1530 —
542 1522 600 1532 -
629 1513 764 1555 quam
792 1498 877 1541 sint
902 1498 990 1543 duo
1025 1498 1206 1544 Caesaris
1241 1497 1678 1544 Anticatones.-Ex

192 1557 355 1602 Juven.
377 1557 470 1600 Sat.
490 1558 533 1607 6,
556 1557 657 1600 337.

252 1677 396 1721 Caesar
415 1675 534 1720 bello
556 1675 690 1725 civili,
720 1674 895 1733 cognita
928 1675 1106 1718 Catonis
1137 1684 1293 1727 morte,
1329 1677 1451 1735 cujus
1470 1676 1680 1721 virtutem

190 1735 369 1795 dialogo
411 1735 503 1785 illo,
543 1735 620 1793 qui
653 1734 905 1777 inscribitur
944 1733 1067 1786 Cam,
1108 1734 1263 1778 Cicero
1298 1735 1429 1778 etiam
1465 1736 1677 1787 laudavit,

190 1795 325 1839 libros
352 1795 459 1838 duos
486 1792 785 1840 famosissimos
816 1792 860 1836 in
882 1793 1015 1835 vitam
1040 1793 1218 1836 Catonis
1239 1793 1390 1846 edidit,
1414 1810 1524 1854 quos
1548 1795 1676 1840 Anti-

194 1861 366 1898 catones
385 1852 677 1912 inscripsit.--
688 1852 822 1895 Vetus
841 1851 985 1896 Schol.
1006 1852 1063 1895 ad
1079 1852 1116 1895 J
1116 1866 1241 1896 uven.
1262 1853 1354 1896 Sat.
1378 1853 1421 1907 6,
1445 1852 1543 1901 337.

329 1968 380 2001 De
396 1967 465 2001 inis
480 1967 744 2001 Anticatonibus
759 1967 855 2009 plura
868 1967 969 2000 tradit
985 1967 1074 2000 Plut.
1096 1967 1128 2000 in
1145 1968 1281 2002 caenare
1298 1979 1330 2001 c.
1347 1971 1401 2002 54.

527 2108 609 2152 EX
641 2107 848 2153 LIBRIS
882 2108 966 2153 DE
999 2108 1349 2156 ANALOGIA.

587 2196 672 2240 AD
707 2197 775 2240 M.
805 2196 857 2240 T.
892 2192 1289 2242 CICERONEM.

196 2303 442 2351 REmaun-
466 2309 512 2347 et
529 2302 582 2345 de
601 2299 826 2359 Analogia
842 2298 952 2346 duos
970 2300 1120 2354 libros,
1137 2302 1358 2348 eta—Ea·
1374 2303 1492 2348 Suet.
1514 2317 1552 2348 c.
1575 2302 1645 2348 56.

783 2441 865 2484 EX
897 2441 1012 2485 LIB.
1046 2442 1080 2484 I.

199 2547 328 2597 Qum
362 2544 491 2588 etiam
520 2544 565 2587 in
593 2542 786 2587 maximis
816 2543 1171 2602 occupationibus
1194 2559 1333 2602 quum
1363 2544 1485 2588 adte
1518 2545 1672 2602 ipsum,

197 2605 357 2664 inquit,
396 2604 440 2646 in
469 2620 537 2646 me
573 2603 758 2652 intuens,
794 2602 847 2644 de
876 2603 1044 2646 ratione
1075 2602 1229 2645 Latine
1258 2603 1465 2660 loquendi
1494 2604 1674 2646 adcura-

198 2664 358 2708 tissime
396 2662 631 2721 scripserit,
670 2661 900 2719 primoque
937 2662 981 2704 in
1022 2661 1137 2711 libro
1176 2661 1351 2713 dixerit,
1387 2668 1416 2687 “
1440 2663 1674 2705 verborum

199 2731 228 2750 ‘⁴
248 2722 467 2766 delectum
480 2721 691 2779 originem
705 2736 793 2762 esse
804 2721 1108 2778 eloquentiae,”
1122 2719 1428 2777 tribuerstque,
1444 2721 1503 2763 mi
1517 2720 1673 2772 Brute,

199 2781 300 2826 huic
330 2789 494 2832 nostro,
530 2780 607 2838 qui
638 2795 707 2822 me
742 2778 795 2821 de
826 2778 902 2822 illo
929 2779 1083 2822 maluit
1103 2794 1236 2837 quam
1256 2795 1297 2822 se
1318 2779 1474 2830 dicere,
1499 2779 1674 2824 laudem

815 2907 836 2928 ὓ
863 2907 906 2940 In
929 2908 1067 2950 Topicis.
