1946 3261
686 170 803 214 ΜΒ.
838 168 924 212 111.
987 169 1128 215 CAP.
1160 146 1233 219 21,
1255 169 1327 211 22.
1659 168 1746 215 359

251 292 373 352 signa
395 298 488 357 ejus
507 297 714 344 militaria
733 306 867 357 atque
886 313 1005 342 arma
1028 299 1194 356 Capuae
1215 300 1353 342 essent
1374 295 1680 355 comprehensa
1699 306 1747 343 et

249 352 414 399 familia
443 358 637 418 Neapoli
657 359 764 409 visa,
795 366 930 417 atque
950 357 1146 417 proditio
1167 358 1319 416 oppidi
1339 356 1590 415 adpareret,
1622 365 1744 416 pate-

250 412 375 459 factis
405 418 607 469 consiliis,
639 419 837 463 exclusus
866 419 1025 476 Capua
1051 424 1096 459 et
1130 417 1373 474 periculum
1405 416 1588 466 veritus,
1621 418 1743 474 quod

248 485 484 521 conventus
520 494 641 521 arma
676 485 853 537 ceperat
887 486 1021 535 atque
1057 492 1159 519 eum
1193 476 1326 519 hostis
1360 475 1459 519 loco
1498 475 1744 522 habendum

247 533 541 587 existimabat,
561 537 739 581 consilio
761 536 930 580 destitit
952 544 1087 594 atque
1101 551 1155 579 eo
1176 534 1329 578 itinere
1349 550 1437 577 sese
1459 534 1636 578 avertit.

306 592 376 636 22.
413 594 593 640 Interim
629 596 761 646 Milo,
798 596 980 640 dimissis
1007 594 1173 639 circum
1200 593 1437 651 municipia
1466 594 1642 647 litteris,
1674 612 1744 647 ea,

247 666 347 708 quae
378 652 558 706 faceret,
579 653 701 712 jussu
722 662 856 711 atque
878 655 1061 713 imperio
1083 653 1224 696 facere
1249 652 1462 710 Pompeii,
1492 668 1592 709 quae
1626 669 1747 698 man-

247 709 349 753 data·
383 712 439 754 ad
475 728 519 754 se
556 727 634 769 per
673 713 886 755 Bibulum
917 714 1064 755 delata
1094 720 1249 761 essent,
1279 727 1388 769 quos
1410 727 1463 754 ex
1495 728 1580 754 aere
1600 713 1744 758 alieno

246 768 449 814 laborare
478 770 797 822 arbitrabatur,
828 771 1107 816 sollicitabat.
1181 771 1318 829 Apud
1347 787 1456 828 quos
1481 786 1620 828 quum
1641 788 1744 832 pro-

245 826 376 871 ficere
411 828 520 872 nihil
552 838 715 888 posset,
747 830 1010 888 quibusdam
1045 830 1199 874 solutis
1230 830 1478 889 ergastulis,
1513 831 1670 876 Cosam
1699 833 1744 877 in

243 902 354 945 agro
370 887 569 932 Thurino
598 890 856 948 obpugnare
877 891 1027 949 coepit.
1091 890 1158 933 Eo
1180 906 1316 947 quum
1339 906 1365 932 a
1387 890 1442 940 Q.
1471 889 1606 932 Pedio
1630 891 1746 936 Prae-

245 954 341 990 tore
364 964 465 991 cum
483 948 654 1007 legione
668 951 694 978 *
708 950 733 977 ’¹‘
756 948 902 1009 lapide
925 950 1036 993 ictus
1056 965 1111 992 ex
1131 965 1276 1000 muro,
1298 948 1458 1008 periit-3
1495 956 1542 992 et
1560 949 1746 1003 Coelius,

295 1063 406 1104 Siqua
434 1064 506 1102 ejus
543 1059 721 1101 (Milonis)
758 1061 829 1092 mil.
860 1066 962 1101 atque

249 1116 365 1138 arma.
411 1105 494 1138 Dio.
535 1105 631 1137 Cass.
664 1108 718 1143 42,
755 1107 809 1136 25.
859 1105 961 1136 Μίλων

253 1149 380 1182 ’ἔπταισε
393 1150 461 1195 πςός
479 1152 518 1194 τῇ
533 1149 657 1193 Καπύῃ.
684 1151 737 1181 M.

300 1196 391 1235 Visa,
407 1200 511 1237 atque
524 1195 683 1237 proditio.
715 1195 744 1226 Ε
770 1193 958 1235 multiplici

248 1240 409 1272 varietate
423 1240 525 1272 codd.
542 1244 574 1271 et
588 1239 668 1271 edd.
693 1245 759 1270 vet.
786 1239 819 1269 in
844 1238 959 1270 verbis

250 1283 304 1315 his
335 1287 426 1322 (visa
456 1284 499 1321 (le
523 1284 626 1326 prod.
655 1285 728 1315 visa
759 1293 833 1325 quoe
862 1283 959 1324 prml.

250 1330 386 1369 visaque
406 1329 506 1370 prod.
529 1331 603 1359 visa
625 1333 655 1359 et
677 1328 773 1367 prod.
800 1329 846 1357 vis
862 1333 960 1368 atque

245 1374 408 1414 proditio)
423 1372 515 1404 eruit
530 1371 621 1404 alius
635 1371 738 1403 aliam
756 1370 960 1410 lectionem3

244 1418 386 1449 fortasse
401 1428 480 1449 vero
494 1417 589 1449 nulla
600 1416 786 1447 mutatione
801 1415 960 1446 lectionis

247 1462 392 1503 vulgatae
415 1472 505 1504 opus
533 1467 595 1492 est.
644 1459 773 1491 Eodem
803 1466 958 1500 tempore

243 1506 309 1538 tria
322 1506 428 1537 fiunt:
467 1506 600 1546 Capuae
623 1504 960 1545 comprehenduntur

246 1549 388 1582 Milonis
412 1560 526 1589 arma;
566 1548 715 1590 Neapoli
748 1548 958 1586 aladiatores

244 1595 317 1636 ejus
336 1595 407 1636 jam
431 1593 709 1636 conspiciuntur3
740 1593 788 1624 sic
815 1594 955 1633 adparet

243 1638 396 1681 proditio
412 1638 539 1680 Capuae
558 1637 751 1669 imminens,
779 1637 829 1668 M.

289 1684 460 1715 Exclusas
479 1684 606 1724 Capua.
641 1682 712 1712 Nec
731 1685 873 1722 poterat.
891 1690 952 1712 nec

241 1728 390 1759 audebat
404 1726 534 1759 Coelius
558 1725 714 1767 Capuam
737 1726 953 1757 contendere.

242 1783 274 1804 v-
292 1771 372 1804 Dio.
388 1772 483 1803 Cass.
500 1772 532 1802 d.
552 1771 575 1802 l.
602 1771 653 1802 M.

290 1818 375 1850 Cum
389 1816 594 1855 (Milonem)
618 1816 717 1847 hostis
734 1814 955 1845 loco—Addit

246 1859 326 1901 Dio,
344 1861 504 1893 Senatum
522 1861 644 1891 Romae
662 1858 844 1897 censuisse,
870 1859 903 1889 vi
922 1863 956 1890 et

244 1905 349 1937 armis
361 1905 587 1937 coercendum
595 1903 856 1936 esseMilonem.
872 1905 960 1936 Con-

245 1956 372 1983 vemus.
387 1950 455 1981 vid.
473 1950 544 1982 Ind.
573 1950 623 1980 M.

293 1996 360 2027 Per
386 1995 561 2027 Bibulum.
586 2000 670 2031 tum,
695 2003 801 2034 quum
819 2001 877 2032 per
895 1992 958 2023 lta-

245 2038 329 2070 liam
352 2039 474 2080 copias
497 2043 646 2079 cogeret.
691 2037 785 2068 Male
814 2036 958 2068 Vossius

245 2083 374 2124 aliique
391 2089 426 2114 et
440 2082 597 2115 Jurinius
613 2080 743 2112 malunt
760 2092 819 2122 per
842 2082 959 2112 Vibul-

245 2129 360 2167 lium;
387 2126 443 2158 hic
467 2126 560 2158 enim
583 2136 603 2157 a
627 2124 762 2156 Caesare
787 2126 830 2156 ad
855 2126 957 2156 Pom-

243 2171 373 2213 peium,
399 2182 468 2204 non
495 2171 539 2202 ab
564 2170 630 2202 hoc
657 2170 700 2201 ad
721 2169 820 2201 illum
847 2170 957 2201 fuerat

245 2216 383 2249 missus.
407 2227 441 2248 v.
459 2226 536 2257 cap.
559 2217 610 2247 10.

294 2263 381 2294 Cosa
414 2259 561 2292 Etruriae
590 2258 761 2301 oppidum
802 2257 877 2295 fuit,
915 2259 956 2288 de

244 2315 316 2347 quo
332 2306 442 2337 multa
459 2303 629 2337 Cellarius
647 2304 679 2334 in
695 2302 793 2334 notit.
811 2301 907 2334 orbis
924 2305 957 2341 2,

249 2352 283 2387 9,
303 2351 378 2381 175.
413 2350 502 2381 Cum
518 2359 601 2391 ergo
617 2349 652 2379 h.
670 2349 692 2380 l.
729 2349 812 2379 Cosa
828 2347 860 2378 in
877 2356 957 2388 agro

247 2393 400 2426 Thurino
412 2394 476 2426 sita
488 2393 640 2426 dicatur:
667 2397 726 2424 aut
739 2392 814 2422 duae
825 2392 956 2422 suerunt

250 2439 355 2477 Cosoe,
368 2448 434 2470 una
447 2438 604 2478 Etruriae,
619 2438 722 2477 vulgo
736 2442 813 2467 nota
828 2448 836 2472 ;
853 2436 955 2467 altera

245 2482 281 2514 in
302 2493 386 2524 agro
407 2482 578 2522 Thurino,
602 2483 645 2514 ad
669 2481 777 2513 sinum
801 2480 956 2512 Tarenti-

248 2537 344 2565 num,
367 2528 527 2559 hocloco
553 2527 676 2559 obvia:
707 2532 764 2558 aut
787 2524 954 2566 scriptura

249 2571 351 2613 hujus
366 2571 514 2604 nominis
537 2571 662 2603 vitiosa
682 2577 732 2602 est
753 2570 786 2601 h.
804 2569 827 2600 l.
875 2568 957 2600 Clu-

248 2615 363 2647 verius
386 2616 525 2658 quidem
550 2616 639 2656 (Ital.
663 2618 694 2653 4,
719 2615 767 2653 8),
795 2619 955 2646 monente

247 2659 410 2693 cellario.
420 2661 525 2693 utitur
536 2660 698 2692 Pliniano
711 2660 789 2690 loco
801 2658 861 2695 (H.
870 2657 954 2696 Ne,

248 2706 302 2735 56.
323 2705 368 2736 a‘l.
387 2705 455 2742 57),
480 2704 538 2735 ubi
558 2704 646 2736 Milo
667 2704 759 2745 juxta
778 2703 954 2733 eas-tellum

248 2750 475 2781 Carissanum
491 2748 626 2781 occisus
643 2748 781 2781 dicimis.
808 2757 869 2787 pro
884 2758 951 2788 quo

247 2793 317 2835 legi
340 2795 414 2825 vult
440 2796 640 2832 Cassanwm,
664 2792 746 2834 quia
765 2791 952 2822 hodienum

246 2836 282 2868 in
297 2837 453 2869 Thurino
471 2849 551 2880 agro
566 2839 602 2870 fit
620 2839 768 2869 Cossano
786 2836 953 2878 oppidum

246 2881 456 2924 episcopale.
514 2883 563 2915 lta
588 2884 671 2915 Cosa
696 2880 757 2913 erit
783 2880 817 2913 in
850 2883 955 2914 Cossa

1026 1060 1238 1091 mutandum.
1286 1059 1352 1090 Sed
1383 1057 1503 1090 malim
1527 1059 1635 1101 prius,
1658 1062 1744 1094 duas

1026 1104 1134 1136 Cosas
1151 1103 1270 1135 fuisso.
1318 1103 1396 1135 Alia
1421 1103 1603 1136 difficultas
1633 1111 1685 1137 est
1707 1106 1743 1139 in

1027 1160 1083 1183 eo.
1097 1150 1188 1190 quod
1211 1148 1333 1179 Vellei.
1380 1149 1511 1180 Patere.
1529 1153 1560 1187 2,
1577 1151 1619 1181 68
1633 1149 1744 1183 Milo-

1027 1203 1105 1225 nem
1128 1195 1170 1224 ad
1197 1195 1381 1233 Compsam
1406 1193 1439 1225 in
1465 1193 1622 1236 llirpinis
1644 1195 1741 1227 ceci-

1028 1238 1122 1270 disse
1137 1237 1248 1269 refert.
1275 1238 1376 1275 Nam,
1388 1238 1417 1270 si
1430 1238 1484 1270 vel
1499 1238 1649 1271 maxime
1661 1251 1742 1272 cum

1028 1282 1237 1314 Ruhnkenio
1254 1283 1296 1313 ad
1317 1281 1442 1321 Vellei,
1470 1284 1498 1321 l,
1520 1285 1556 1315 14
1574 1283 1745 1324 dicamus,

1028 1327 1115 1357 duas
1149 1316 1250 1357 fuisse
1284 1329 1401 1361 Cosas,
1441 1329 1564 1360 Cosam
1594 1339 1676 1360 vero
1707 1335 1743 1363 et

1029 1372 1212 1411 Compsam
1240 1369 1330 1402 nihil
1361 1370 1520 1403 differre:
1545 1378 1674 1411 tamen,
1700 1380 1740 1406 ut

1027 1414 1199 1446 Cellarius
1216 1414 1315 1452 vidit,
1327 1425 1394 1446 non
1411 1421 1525 1457 potest
1540 1415 1631 1448 idem
1643 1418 1740 1451 loeus

1029 1459 1062 1490 in
1094 1458 1258 1500 Hirpinis
1286 1464 1319 1490 et
1348 1470 1430 1499 agro
1464 1459 1622 1493 Thurino
1650 1461 1739 1495 situs

1027 1502 1109 1534 dici.
1134 1504 1323 1534 Fueruntne.
1341 1514 1419 1543 ergo
1437 1510 1503 1535 tres
1522 1505 1614 1537 Cosae
1626 1507 1642 1536 ἓ
1673 1505 1740 1539 Sed

1028 1547 1095 1579 hoc
1118 1554 1207 1578 esset
1229 1547 1328 1578 abuti
1354 1548 1571 1589 conjecturis.
1617 1550 1740 1583 Potius

1027 1594 1114 1624 Cosa
1129 1592 1262 1622 videtur
1276 1602 1354 1622 vera
1369 1593 1548 1633 scriptura,
1563 1604 1670 1635 eaque
1686 1606 1741 1627 re-

1026 1635 1196 1667 stituenda
1218 1635 1330 1666 Plinio
1355 1636 1451 1677 (quia
1467 1637 1572 1668 etiam
1595 1637 1741 1672 Liviana

1025 1679 1178 1721 epitome
1207 1682 1257 1718 14,
1281 1685 1313 1710 et
1340 1680 1466 1712 Vellei.
1494 1683 1524 1719 l,
1544 1682 1583 1713 14
1602 1684 1741 1723 Cosam,

1025 1725 1070 1755 ab
1096 1724 1155 1755 illa
1183 1724 1324 1755 Etrusca
1349 1726 1436 1757 Cosa
1466 1725 1649 1765 diversam,
1681 1729 1742 1761 sed

1030 1768 1098 1800 situ
1115 1779 1181 1800 non
1200 1769 1356 1802 delinito.
1372 1768 1559 1808 nominant,
1575 1777 1609 1803 et
1627 1772 1743 1814 plures

1027 1813 1252 1855 cognomines
1278 1813 1380 1845 fuisse
1412 1813 1514 1845 urbes
1538 1814 1604 1846 hoc
1634 1818 1741 1849 modo

1027 1857 1219 1897 indicanO:
1253 1857 1337 1889 illud
1363 1868 1443 1889 vero
1475 1858 1639 1891 constitui
1671 1871 1741 1895 non

1030 1903 1170 1944 poterit,
1198 1908 1309 1933 utrum
1335 1903 1435 1941 Cosa,
1458 1903 1500 1933 ad
1524 1913 1626 1946 quam
1650 1904 1740 1937 Milo

1030 1957 1138 1978 caesus
1155 1953 1217 1985 est,
1240 1946 1588 1979 fueritThurinorum
1613 1948 1648 1980 in
1671 1949 1744 1981 Lu-

1029 1991 1129 2023 cania
1143 1992 1237 2032 juxta
1254 1991 1434 2025 Caesarem.
1451 2001 1494 2022 an
1511 1991 1741 2033 Hirpinorum

1025 2037 1120 2077 juxta
1132 2035 1314 2073 Velleium,
1322 2044 1364 2065 an
1374 2036 1459 2065 adeo
1468 2036 1743 2080 Apulorumjux-

1027 2086 1061 2111 ta
1072 2080 1220 2110 Dionem
1236 2079 1332 2110 Cass.
1350 2081 1404 2114 42,
1417 2082 1471 2117 25,
1485 2079 1547 2121 qui
1562 2079 1597 2112 in
1611 2082 1742 2124 Apulia

1031 2123 1172 2165 periisse
1200 2123 1369 2155 Milonem
1397 2123 1517 2156 refert:
1556 2124 1624 2157 nisi
1655 2126 1740 2161 fines

1027 2169 1255 2203 Lucanorum,
1266 2167 1490 2209 Hirpinorum
1500 2173 1534 2200 et
1549 2170 1740 2211 Apulorum

1030 2213 1172 2244 diversis
1189 2212 1403 2254 temporibus
1420 2212 1587 2253 diversos,
1610 2220 1644 2246 et
1661 2215 1739 2250 inde

1026 2256 1248 2289 dissensionis
1271 2255 1402 2298 aliquid
1431 2263 1546 2290 natum
1568 2258 1738 2294 dicamus.

1027 2301 1091 2332 Sed
1122 2312 1199 2333 cum
1230 2301 1435 2333 facillimum
1465 2300 1513 2341 fit,
1543 2302 1577 2335 in
1606 2305 1737 2338 talibus

1026 2356 1149 2385 errare,
1162 2346 1318 2388 judicent
1334 2345 1409 2378 alii.
1434 2347 1485 2378 M.
1531 2347 1600 2380 Eas
1620 2356 1736 2389 gentes

1024 2390 1126 2422 certis
1161 2391 1315 2422 terminis
1350 2390 1409 2422 vix
1441 2401 1543 2432 posse
1571 2392 1737 2435 distingui

1026 2435 1127 2466 tradit
1152 2435 1275 2467 Strabo
1299 2435 1339 2466 L.
1363 2437 1393 2466 6.
1419 2446 1453 2477 p.
1485 2440 1562 2469 253.
1608 2436 1734 2471 Contra

1026 2479 1227 2512 Cluverium
1244 2485 1371 2521 pugnat
1382 2478 1525 2512 Vossius
1539 2481 1581 2513 ad
1596 2481 1685 2514 vell.
1699 2486 1734 2521 2,

1026 2526 1079 2555 68.
1103 2531 1137 2555 et
1161 2527 1284 2557 Cosam
1306 2523 1452 2556 Caesaris
1481 2535 1560 2556 cum
1588 2527 1735 2568 Compsa

1026 2567 1150 2601 Velleii
1166 2570 1308 2601 eandem
1332 2568 1450 2600 statuit
1473 2569 1642 2610 hodieque
1664 2570 1735 2604 dici

1024 2614 1166 2646 Cos-sam
1177 2613 1209 2645 in
1221 2613 1361 2654 antiquo
1371 2612 1601 2645 Thurinorum
1611 2619 1732 2648 tractu.

1025 2659 1246 2690 Carissanum
1275 2657 1378 2689 Plinii
1410 2656 1516 2688 fuisse
1546 2658 1728 2693 castellum

1022 2701 1116 2741 juxta
1150 2704 1337 2743 sommam,
1373 2707 1490 2732 censet
1520 2702 1729 2737 narduinus.

1022 2747 1123 2778 Conf.
1141 2755 1170 2777 et
1189 2747 1281 2777 viros
1297 2748 1415 2778 doctos
1429 2747 1469 2777 ad
1487 2746 1613 2788 Obseq.
1629 2752 1661 2780 c.
1673 2750 1728 2783 76.

1069 2793 1118 2824 Eo
1136 2794 1399 2834 quum—periit.
1446 2791 1529 2823 Haec
1557 2801 1625 2824 non
1652 2799 1729 2826 sunt

1022 2836 1170 2877 integrm
1203 2848 1263 2868 nec
1287 2836 1388 2867 variae
1411 2835 1577 2868 lectiones
1600 2838 1730 2870 ducunt.

1025 2880 1058 2912 in
1075 2881 1174 2913 viam*
1227 2881 1349 2912 Verum
1373 2890 1454 2920 ergo
1477 2880 1644 2916 viderunt.
1665 2884 1728 2925 qui
