1992 3271
670 147 788 196 LIB.
821 149 859 194 Ι.
922 149 1061 195 CAP.
1093 148 1284 194 34-37,
1653 149 1712 193 27

229 286 260 307 “
283 294 390 324 neve
427 279 593 324 AEduos
627 278 787 340 injuria
826 280 1067 329 lacesseret,
1096 293 1203 322 neve
1230 277 1295 321 his
1322 274 1532 333 sociisque
1560 292 1713 320 eorum

231 346 262 367 ‘⁶
285 340 451 383 bellum
472 340 676 383 inferret:
710 341 744 383 si
763 339 808 382 id
829 339 890 382 ita
910 338 1092 387 fecisset,
1115 337 1197 379 sibi
1223 336 1484 395 Populoque
1514 336 1713 380 Romano

231 405 262 426 “
285 408 547 459 perpetuam
579 400 766 458 gratiam
798 406 931 457 atque
959 395 1193 439 amicitiam
1222 412 1320 438 cum
1339 412 1391 438 eo
1420 395 1642 438 futuram:
1679 395 1713 438 si

232 465 262 489 ‘⁶
285 474 373 502 non
406 459 679 517 impetraret,
722 473 824 507 sese,
848 456 1055 515 quoniam
1094 455 1161 496 M.
1223 454 1410 496 Messala
1450 455 1516 497 M.
1561 455 1715 498 Pisone

231 525 261 544 ‘⁶
286 517 407 561 Coss.
437 519 622 560 Senatus
643 516 888 565 censuisset,
910 515 993 564 uti,
1031 515 1297 572 quicumque
1328 512 1518 556 Galliam
1538 514 1715 573 provin-

232 584 264 603 “
285 576 395 619 ciam
424 576 660 625 obtineret,
700 575 821 633 quod
848 573 1073 618 commodo
1095 571 1351 631 reipublicae
1373 571 1511 614 facere
1553 581 1714 631 posset,

233 642 263 662 ‘⁶
284 635 450 677 AEduos
471 643 724 692 ceterosque
753 633 910 677 amicos
939 631 1101 691 Populi
1124 630 1311 674 Romani
1331 629 1595 681 defenderet,
1628 649 1716 675 sese

233 701 263 721 ‘⁶
285 693 533 736 AEduorum
549 692 726 751 injurias
748 708 834 735 non
855 691 1200 750 neglecturum.'’

291 752 363 795 36.
398 752 472 795 Ad
502 750 593 794 haec
626 751 876 795 Ariovistus
908 749 1157 809 respondit:
1202 756 1230 776 ‘⁶
1255 748 1338 791 Jus
1373 764 1460 790 esse
1493 747 1614 797 belli,
1648 758 1714 797 ut,

233 817 263 838 “
286 811 364 870 qui
396 811 612 860 vicissent,
650 811 717 860 iis,
747 827 856 868 quos
885 810 1099 858 vicissent,
1134 807 1498 867 quemadmodum
1539 807 1718 858 vellent,

233 877 263 897 ‘⁶
288 871 580 929 imperarent:
614 870 718 912 item
743 869 966 928 Populum
996 868 1242 911 Romanum
1274 866 1401 909 victis
1421 881 1507 908 non
1536 867 1590 909 ad
1613 866 1718 909 alte-

233 937 264 956 “
287 929 377 973 rius
399 928 722 989 praescriptum,
744 929 816 971 sed
833 928 888 971 ad
904 943 1030 970 suum
1050 927 1302 975 arbitrium,
1332 926 1547 983 imperare
1569 942 1718 969 consu-

234 996 264 1015 “
286 1004 388 1032 esse.
453 988 502 1030 Si
523 987 615 1046 ipse
646 987 820 1046 Populo
845 987 1042 1030 Romano
1064 1002 1149 1029 non
1171 985 1490 1044 praescriberet,
1516 985 1718 1043 quemad-

234 1056 264 1075 “
286 1047 465 1091 modum
485 1063 563 1090 suo
581 1047 679 1105 jure
696 1055 918 1093 uteretur;
949 1061 1035 1089 non
1056 1055 1261 1104 oportere
1281 1061 1368 1087 sese
1389 1060 1414 1086 a
1439 1044 1612 1102 Populo
1632 1044 1719 1087 Ro-

234 1116 265 1135 “
287 1122 414 1150 mano
432 1107 476 1149 in
496 1122 574 1149 suo
590 1106 688 1164 jure
710 1105 912 1164 inpediri.
976 1105 1141 1147 AEduos
1162 1104 1261 1153 sibi,
1284 1103 1489 1162 quoniam
1512 1103 1616 1145 belli
1634 1105 1720 1145 for-

235 1173 265 1195 “
289 1175 440 1209 tunam
477 1173 712 1208 tentassent
749 1173 793 1207 et
826 1163 956 1207 armis
996 1163 1211 1222 congressi
1244 1179 1293 1205 ac
1332 1162 1527 1220 superati
1564 1171 1718 1214 essent,

236 1234 266 1253 ‘⁶
285 1224 588 1283 stipendiarios
604 1240 692 1267 esse
706 1224 856 1267 factos.
896 1223 1106 1280 Magnam
1121 1223 1335 1265 Caesarem
1350 1221 1550 1278 injuriam
1564 1221 1719 1273 facere,

237 1293 266 1313 “
290 1284 368 1342 qui
389 1300 467 1326 suo
488 1283 676 1325 adventu
697 1282 925 1341 vectigalia
943 1282 1025 1324 sibi
1044 1281 1261 1324 deteriora
1279 1281 1453 1323 faceret.
1503 1280 1657 1322 AEduis
1679 1299 1722 1324 se

237 1352 267 1371 ‘⁶
290 1342 458 1385 obsides
474 1341 749 1384 redditurum
766 1357 852 1384 non
873 1357 976 1389 esse,
998 1356 1138 1398 neque
1168 1340 1235 1388 iis,
1259 1355 1400 1397 neque
1427 1355 1578 1381 eorum
1600 1341 1723 1384 sociis

238 1412 267 1430 ‘⁶
290 1402 448 1460 injuria
479 1400 646 1442 bellum
679 1400 934 1448 inlaturum,
969 1400 1004 1440 si
1026 1399 1069 1441 in
1089 1415 1139 1441 eo
1160 1406 1399 1447 manerent,
1429 1399 1548 1455 quod
1569 1415 1721 1442 conve-

238 1471 267 1490 “
291 1461 437 1508 nisset,
458 1458 809 1517 stipendiumque
831 1457 1062 1516 quotannis
1084 1457 1341 1515 penderent:
1374 1457 1407 1498 si
1430 1457 1473 1498 id
1494 1473 1580 1499 non
1603 1458 1721 1501 fecis-

238 1530 267 1548 “
290 1527 400 1567 sent,
423 1518 552 1575 longe
574 1518 626 1559 iis
645 1518 886 1559 fraternum
910 1532 1063 1559 nomen
1087 1516 1248 1573 Populi
1272 1515 1457 1557 Romani
1479 1515 1718 1559 afuturum.

238 1589 268 1608 ‘⁴
295 1576 427 1627 Quod
458 1576 540 1618 sibi
576 1575 721 1618 Caesar
753 1576 1048 1623 denunciaret,
1078 1591 1121 1616 se
1158 1574 1402 1616 AEduorum
1432 1573 1608 1630 injurias
1636 1591 1722 1620 non

238 1648 267 1667 ‘⁶
290 1635 592 1694 neglecturum
608 1649 619 1683 ;
648 1634 860 1676 neminem
877 1650 1020 1676 secum
1038 1633 1126 1675 sine
1142 1649 1217 1675 sua
1235 1632 1424 1691 pernicie
1442 1633 1720 1677 contendisse.

238 1707 267 1726 “
294 1696 443 1746 Quum
475 1693 624 1743 vellet,
661 1693 1022 1751 congrederetur;
1057 1692 1398 1740 intellecturum,
1433 1692 1540 1749 quid
1573 1692 1722 1737 invicti

238 1767 267 1785 ‘⁶
294 1752 518 1802 Germani,
549 1752 891 1795 exercitatissimi
924 1752 967 1795 in
1000 1753 1145 1801 armis,
1179 1751 1255 1810 qui
1276 1751 1388 1794 inter
1421 1766 1552 1793 annos
1584 1752 1721 1796 XIIII

240 1826 269 1846 ‘⁶
292 1821 460 1857 tectum
481 1827 566 1856 non
582 1812 810 1861 subissent,
833 1812 998 1855 virtute
1021 1812 1237 1870 possent.'’

291 1872 365 1916 37.
400 1871 508 1914 Haec
528 1870 678 1915 eodem
700 1879 898 1930 tempore
921 1871 1083 1914 Caesari
1102 1869 1303 1914 mandata
1331 1868 1648 1922 referebantur,
1679 1882 1724 1916 et

286 2048 322 2078 Sa·
335 2046 369 2078 id
382 2026 569 2087 itaseci.sset.
593 2042 647 2075 Sic
658 2042 732 2075 MS.
745 2048 779 2075 et
793 2043 869 2075 edd.
884 2048 951 2075 vet.

287 2099 373 2139 Sese,
395 2100 564 2140 quoniam.
625 2095 678 2127 Sic
696 2097 794 2128 codd.
818 2100 852 2127 et
875 2096 951 2127 edd.

238 2147 304 2175 vet.

287 2197 385 2228 Mess.
408 2200 441 2227 et
466 2196 533 2227 Pis.
561 2195 647 2226 Coss.
702 2193 741 2223 A.
758 2192 801 2224 U.
818 2191 856 2224 C.
875 2195 950 2225 693.

242 2242 294 2272 Μ.
326 2241 376 2272 M.
402 2241 520 2272 Pisone
531 2236 679 2269 restituit
693 2237 875 2278 Glandorp.
891 2237 949 2268 hic

240 2290 276 2317 et
289 2294 389 2325 supra
403 2294 434 2315 c.
449 2288 481 2315 2.
527 2282 634 2313 Codd.
650 2287 683 2313 et
699 2282 774 2312 edd.
788 2287 854 2312 vet.
871 2292 951 2312 mox

244 2330 286 2361 P.
318 2338 397 2359 mox
423 2328 463 2359 L.
501 2327 639 2359 habent.
684 2326 741 2357 Gr.
774 2324 834 2357 int.
865 2325 952 2357 bene

244 2373 360 2416 Μάρκον
374 2372 535 2413 adpellat-

291 2424 386 2459 Quod
407 2434 494 2461 com.>
511 2425 593 2464 reip.
607 2422 676 2464 fac.
696 2426 811 2463 posset,
838 2420 883 2452 ita
905 2420 954 2452 fa-

243 2478 334 2507 cere,
359 2477 402 2498 ne
426 2478 515 2508 resp.
544 2466 620 2498 inde
634 2465 874 2497 detrimentum
897 2474 954 2497 ca-

244 2517 352 2554 peret.
377 2512 427 2543 M.
471 2511 525 2543 Cf.
548 2513 579 2549 6,
596 2512 649 2541 33.

291 2566 365 2597 Sese
382 2564 462 2595 AEd.
475 2566 578 2605 injur.
623 2563 684 2594 Est
704 2561 866 2604 repetitio
884 2560 953 2602 pri-

244 2608 314 2640 oris
337 2607 431 2640 illius
450 2619 526 2646 sese,
557 2609 648 2649 quod
673 2607 734 2638 alii
759 2605 953 2644 omiserant,

240 2653 304 2684 alii
319 2652 352 2684 in
365 2654 446 2684 scire
454 2662 520 2684 sese
530 2658 704 2684 mutarant.
727 2652 778 2682 M.

291 2706 367 2737 Non
381 2706 617 2746 neylecturum.
662 2703 713 2734 De
728 2703 792 2734 hac
810 2701 903 2733 omni
918 2712 954 2733 re.

246 2749 314 2781 Dio
329 2748 466 2780 Cassius
488 2750 542 2785 38,
557 2751 610 2786 34,
635 2752 762 2784 monet,
786 2745 953 2779 Caesarem

246 2794 318 2825 haec
334 2792 499 2824 Ariovisti
512 2791 704 2823 nuncianda
719 2801 864 2829 curasse,
887 2800 954 2823 non

245 2843 315 2870 tam
328 2843 365 2869 ut
380 2842 543 2869 terrorem
559 2836 592 2867 ei
615 2835 790 2873 incuteret,
803 2845 904 2876 quam
919 2841 957 2867 ut

246 2893 326 2914 eum
350 2881 509 2920 irritaret,
532 2886 566 2912 et
590 2881 653 2912 hac
678 2879 808 2911 ratione
826 2879 956 2912 bellum

246 2931 398 2968 captaret
409 2939 417 2957 :
432 2925 571 2957 omnino
580 2924 673 2957 enim
682 2923 849 2956 Caesarem
857 2923 956 2965 quid-

246 2969 302 3004 vis
329 2970 453 3013 egisse,
475 2975 514 3005 ut
534 2969 628 3005 aliud
650 2979 694 3003 ex
725 2968 796 3004 alio
826 2967 957 3003 bellum

1017 2048 1206 2075 necteretur
1228 2041 1259 2073 in
1277 2041 1400 2073 Gallia.
1446 2042 1497 2074 Cf.
1518 2042 1603 2075 ibid.
1625 2055 1655 2076 c.
1674 2048 1727 2078 31.

1020 2094 1053 2119 et
1071 2088 1206 2119 Sueton.
1233 2087 1301 2119 Jul.
1320 2097 1349 2117 e.
1366 2090 1418 2118 24.
1466 2087 1555 2124 Ergo
1573 2088 1640 2120 illae
1654 2102 1726 2122 om-

1019 2143 1079 2164 nes
1105 2131 1364 2173 speciosissima*
1385 2128 1603 2173 causauuuae
1628 2145 1729 2176 supra

1021 2188 1051 2208 c.
1071 2180 1123 2214 33,
1139 2176 1304 2217 expositae
1320 2182 1407 2212 sum,
1423 2187 1442 2207 a
1459 2176 1602 2215 Caesare,
1620 2179 1727 2220 scrip-

1020 2227 1105 2259 tore,
1126 2220 1232 2251 nimio
1258 2220 1479 2261 belligerandi
1506 2222 1616 2253 studio
1643 2235 1728 2264 prae-

1020 2270 1119 2296 textae
1136 2270 1222 2296 sunt.
1253 2265 1303 2295 M.

1069 2311 1164 2341 Item.
1186 2310 1229 2340 al.
1251 2309 1374 2340 itidem.
1396 2309 1442 2340 al.
1457 2309 1545 2341 male
1559 2310 1657 2343 idem.

1068 2356 1271 2386 Fratermcm
1286 2364 1414 2384 nomen.
1430 2354 1482 2384 Cf.
1499 2365 1528 2384 c.
1547 2356 1598 2386 33.
1618 2357 1728 2395 Vulgo

1020 2397 1166 2439 legitur:
1189 2399 1284 2438 lonye
1307 2398 1348 2429 ab
1372 2398 1636 2436 llis-fn1tr.—-
1661 2394 1728 2431 vsd.

1022 2441 1091 2473 ind.
1123 2443 1155 2472 in
1177 2442 1295 2473 abesse.
1322 2442 1372 2472 M.
1419 2442 1563 2481 Faernus,
1588 2444 1731 2475 Ursinus

1021 2492 1055 2517 et
1080 2485 1221 2527 Lipsius
1249 2485 1358 2516 Elect.
1376 2490 1407 2523 2,
1428 2488 1478 2518 19.
1503 2488 1617 2524 legunt
1636 2489 1732 2529 lorrqe

1022 2531 1109 2571 leisf.
1125 2542 1160 2561 η.
1178 2531 1220 2562 Ρ.
1239 2529 1456 2570 R.fu.tu.rum,
1470 2536 1505 2561 ut
1520 2527 1596 2562 AEn.
1616 2534 1664 2569 12,
1677 2537 1732 2565 52.

1020 2576 1115 2616 longe
1130 2576 1177 2605 illi
1193 2575 1269 2605 Dea
1282 2578 1389 2605 mater
1401 2577 1472 2607 erit.
1519 2575 1583 2606 Sed
1597 2577 1732 2612 vulgata

1021 2619 1124 2650 lectio
1141 2618 1226 2649 bene
1244 2617 1360 2656 habet,
1382 2617 1459 2649 nixa
1475 2615 1683 2651 membranis
1697 2628 1732 2653 et

1022 2663 1098 2694 edd.
1114 2668 1182 2694 vet.
1228 2661 1283 2692 Sic
1300 2666 1333 2692 et
1348 2661 1473 2692 Statius
1483 2662 1595 2694 Theb.
1607 2667 1638 2701 3,
1655 2666 1732 2698 666.

1025 2708 1146 2739 Procul
1154 2708 1222 2738 lzoec
1231 2706 1286 2736 tibi
1299 2707 1403 2736 ‘mollis
1417 2707 1526 2738 insula
1539 2710 1732 2750 terrificique

1023 2751 1125 2783 aberit
1138 2751 1303 2782 dementia
1320 2749 1445 2781 Plaoebi.
1468 2750 1494 2781 Ι.
1509 2749 1548 2782 C.
1566 2752 1610 2784 Il.
1636 2755 1733 2787 malit

1024 2794 1102 2826 heic
1117 2796 1211 2835 Zonye
1225 2793 1267 2823 ab
1279 2803 1354 2824 sese.

1070 2839 1261 2880 Afatmum.
1316 2835 1371 2868 Sic
1402 2837 1504 2879 probi
1533 2840 1631 2873 codd.
1677 2843 1731 2878 Cf,

1024 2881 1196 2915 Drakenb.
1211 2881 1254 2912 ad
1269 2880 1402 2920 Silium,
1422 2885 1473 2921 13,
1489 2885 1564 2915 268.

1072 2928 1294 2959 Interamws.
1329 2925 1430 2968 Vulg.
1457 2929 1558 2961 intra.
1574 2931 1623 2964 M.
1656 2934 1732 2969 Liv‚

1029 2973 1059 3012 1,
1078 2973 1129 3005 10.
1151 2972 1237 3004 inter
1249 2974 1293 3004 tot
1307 2979 1424 3004 annos.
