<?xml version="1.0" encoding="UTF-8"?>
<!DOCTYPE html PUBLIC "-//W3C//DTD XHTML 1.0 Transitional//EN"
    "http://www.w3.org/TR/xhtml1/DTD/xhtml1-transitional.dtd">
<html xmlns="http://www.w3.org/1999/xhtml" xml:lang="en" lang="en">
 <head>
  <title>
</title>
<meta http-equiv="Content-Type" content="text/html;charset=utf-8" />
  <meta name='ocr-system' content='tesseract 3.04.00' />
  <meta name='ocr-capabilities' content='ocr_page ocr_carea ocr_par ocr_line ocrx_word'/>
</head>
<body>
  <div class='ocr_page' id='page_1' title='image "./commentariidebel00caesuoft_0128.png"; bbox 0 0 1946 3261; ppageno 0'>
   <div class='ocr_carea' id='block_1_1' title="bbox 230 184 1285 236">
    <p class='ocr_par' dir='ltr' id='par_1_1' title="bbox 230 184 1285 236">
     <span class='ocr_line' id='line_1_1' title="bbox 230 184 1285 236; baseline -0.007 0"><span class='ocrx_word' id='word_1_1' title='bbox 230 191 287 236; x_wconf 83' lang='lat'><strong>88</strong></span> <span class='ocrx_word' id='word_1_2' title='bbox 638 189 722 235; x_wconf 93' lang='lat' dir='ltr'><strong>DE</strong></span> <span class='ocrx_word' id='word_1_3' title='bbox 754 185 958 231; x_wconf 90' lang='lat' dir='ltr'><strong>BELLO</strong></span> <span class='ocrx_word' id='word_1_4' title='bbox 991 184 1285 231; x_wconf 89' lang='lat' dir='ltr'><strong>GALLICO.</strong></span> 
     </span>
    </p>
   </div>
   <div class='ocr_carea' id='block_1_2' title="bbox 231 313 1718 1200">
    <p class='ocr_par' dir='ltr' id='par_1_2' title="bbox 231 313 1718 1200">
     <span class='ocr_line' id='line_1_2' title="bbox 231 313 1713 374; baseline -0.003 -10"><span class='ocrx_word' id='word_1_5' title='bbox 231 326 264 347; x_wconf 89' lang='lat'><strong>“</strong></span> <span class='ocrx_word' id='word_1_6' title='bbox 286 318 461 364; x_wconf 81' lang='lat' dir='ltr'><strong>sublicae</strong></span> <span class='ocrx_word' id='word_1_7' title='bbox 493 314 624 360; x_wconf 90' lang='lat' dir='ltr'><strong>modo</strong></span> <span class='ocrx_word' id='word_1_8' title='bbox 643 315 818 358; x_wconf 88' lang='lat' dir='ltr'><strong>derecta</strong></span> <span class='ocrx_word' id='word_1_9' title='bbox 838 315 893 359; x_wconf 88' lang='lat' dir='ltr'><strong>ad</strong></span> <span class='ocrx_word' id='word_1_10' title='bbox 913 313 1288 374; x_wconf 86' lang='lat' dir='ltr'>perpendiculum,</span> <span class='ocrx_word' id='word_1_11' title='bbox 1306 313 1379 358; x_wconf 84' lang='lat' dir='ltr'><strong>sed</strong></span> <span class='ocrx_word' id='word_1_12' title='bbox 1399 330 1537 374; x_wconf 84' lang='lat' dir='ltr'><strong>prona</strong></span> <span class='ocrx_word' id='word_1_13' title='bbox 1557 331 1607 358; x_wconf 79' lang='lat' dir='ltr'><strong>ac</strong></span> <span class='ocrx_word' id='word_1_14' title='bbox 1629 317 1713 360; x_wconf 73' lang='lat' dir='ltr'><strong>fas-</strong></span> 
     </span>
     <span class='ocr_line' id='line_1_3' title="bbox 231 373 1714 436; baseline -0.003 -14"><span class='ocrx_word' id='word_1_15' title='bbox 231 386 263 406; x_wconf 89' lang='lat'><strong>“</strong></span> <span class='ocrx_word' id='word_1_16' title='bbox 287 379 440 436; x_wconf 88' lang='lat' dir='ltr'><strong>tigata,</strong></span> <span class='ocrx_word' id='word_1_17' title='bbox 477 384 527 418; x_wconf 86' lang='lat' dir='ltr'><strong>ut</strong></span> <span class='ocrx_word' id='word_1_18' title='bbox 552 373 788 417; x_wconf 83' lang='lat' dir='ltr'><strong>secundum</strong></span> <span class='ocrx_word' id='word_1_19' title='bbox 821 383 1021 417; x_wconf 88' lang='lat' dir='ltr'><strong>naturam</strong></span> <span class='ocrx_word' id='word_1_20' title='bbox 1046 373 1231 416; x_wconf 88' lang='lat' dir='ltr'><strong>fluminis</strong></span> <span class='ocrx_word' id='word_1_21' title='bbox 1265 375 1626 431; x_wconf 85' lang='lat' dir='ltr'>procumberent:</span> <span class='ocrx_word' id='word_1_22' title='bbox 1661 375 1714 427; x_wconf 77' lang='lat' dir='ltr'><strong>iis¹</strong></span> 
     </span>
     <span class='ocr_line' id='line_1_4' title="bbox 233 432 1712 490; baseline -0.002 -11"><span class='ocrx_word' id='word_1_23' title='bbox 233 445 264 464; x_wconf 86' lang='lat'><strong>“</strong></span> <span class='ocrx_word' id='word_1_24' title='bbox 288 438 389 479; x_wconf 90' lang='lat' dir='ltr'><strong>item</strong></span> <span class='ocrx_word' id='word_1_25' title='bbox 426 434 643 477; x_wconf 86' lang='lat' dir='ltr'><strong>contraria</strong></span> <span class='ocrx_word' id='word_1_26' title='bbox 670 433 788 482; x_wconf 90' lang='lat' dir='ltr'><strong>bina,</strong></span> <span class='ocrx_word' id='word_1_27' title='bbox 811 433 866 476; x_wconf 89' lang='lat' dir='ltr'><strong>ad</strong></span> <span class='ocrx_word' id='word_1_28' title='bbox 887 433 1082 475; x_wconf 90' lang='lat' dir='ltr'><strong>eumdem</strong></span> <span class='ocrx_word' id='word_1_29' title='bbox 1099 432 1274 475; x_wconf 90' lang='lat' dir='ltr'><strong>modum</strong></span> <span class='ocrx_word' id='word_1_30' title='bbox 1291 433 1458 490; x_wconf 88' lang='lat' dir='ltr'><strong>juncta,</strong></span> <span class='ocrx_word' id='word_1_31' title='bbox 1480 432 1712 477; x_wconf 83' lang='lat' dir='ltr'><strong>intervallo</strong></span> 
     </span>
     <span class='ocr_line' id='line_1_5' title="bbox 234 489 1716 552; baseline -0.002 -16"><span class='ocrx_word' id='word_1_32' title='bbox 234 503 246 523; x_wconf 92' lang='lat'>‘</span> <span class='ocrx_word' id='word_1_33' title='bbox 259 504 270 522; x_wconf 89' lang='lat'>‘</span> <span class='ocrx_word' id='word_1_34' title='bbox 289 494 446 552; x_wconf 90' lang='lat' dir='ltr'><strong>pedum</strong></span> <span class='ocrx_word' id='word_1_35' title='bbox 468 492 811 551; x_wconf 88' lang='lat' dir='ltr'><strong>quadragenum,</strong></span> <span class='ocrx_word' id='word_1_36' title='bbox 833 492 890 534; x_wconf 87' lang='lat' dir='ltr'><strong>ab</strong></span> <span class='ocrx_word' id='word_1_37' title='bbox 911 491 1112 534; x_wconf 89' lang='lat' dir='ltr'><strong>inferiore</strong></span> <span class='ocrx_word' id='word_1_38' title='bbox 1134 500 1274 549; x_wconf 89' lang='lat' dir='ltr'><strong>parte,</strong></span> <span class='ocrx_word' id='word_1_39' title='bbox 1297 501 1451 534; x_wconf 89' lang='lat' dir='ltr'><strong>contra</strong></span> <span class='ocrx_word' id='word_1_40' title='bbox 1471 491 1559 534; x_wconf 90' lang='lat' dir='ltr'><strong>vim</strong></span> <span class='ocrx_word' id='word_1_41' title='bbox 1579 489 1716 549; x_wconf 74' lang='lat' dir='ltr'><strong>atque</strong></span> 
     </span>
     <span class='ocr_line' id='line_1_6' title="bbox 233 549 1712 611; baseline -0.001 -17"><span class='ocrx_word' id='word_1_42' title='bbox 233 561 265 580; x_wconf 88' lang='lat'><strong>“</strong></span> <span class='ocrx_word' id='word_1_43' title='bbox 289 554 485 611; x_wconf 89' lang='lat' dir='ltr'><strong>inpetum</strong></span> <span class='ocrx_word' id='word_1_44' title='bbox 523 551 707 594; x_wconf 85' lang='lat' dir='ltr'><strong>fluminis</strong></span> <span class='ocrx_word' id='word_1_45' title='bbox 744 566 949 594; x_wconf 88' lang='lat' dir='ltr'><strong>conversa</strong></span> <span class='ocrx_word' id='word_1_46' title='bbox 984 550 1217 593; x_wconf 83' lang='lat' dir='ltr'><strong>statuebat.</strong></span> <span class='ocrx_word' id='word_1_47' title='bbox 1283 549 1391 592; x_wconf 86' lang='lat' dir='ltr'><strong>Haec</strong></span> <span class='ocrx_word' id='word_1_48' title='bbox 1425 559 1612 608; x_wconf 88' lang='lat' dir='ltr'><strong>utraque</strong></span> <span class='ocrx_word' id='word_1_49' title='bbox 1651 550 1712 593; x_wconf 87' lang='lat' dir='ltr'><strong>in·</strong></span> 
     </span>
     <span class='ocr_line' id='line_1_7' title="bbox 234 608 1712 669; baseline 0 -16"><span class='ocrx_word' id='word_1_50' title='bbox 234 619 263 638; x_wconf 89' lang='lat'>“</span> <span class='ocrx_word' id='word_1_51' title='bbox 287 626 418 669; x_wconf 90' lang='lat' dir='ltr'><strong>super</strong></span> <span class='ocrx_word' id='word_1_52' title='bbox 437 609 711 669; x_wconf 77' lang='lat' dir='ltr'>bipedalibus</span> <span class='ocrx_word' id='word_1_53' title='bbox 733 610 930 653; x_wconf 81' lang='lat' dir='ltr'><strong>trabibus</strong></span> <span class='ocrx_word' id='word_1_54' title='bbox 951 608 1146 658; x_wconf 87' lang='lat' dir='ltr'>inmissis,</span> <span class='ocrx_word' id='word_1_55' title='bbox 1170 617 1383 666; x_wconf 89' lang='lat' dir='ltr'><strong>quantum</strong></span> <span class='ocrx_word' id='word_1_56' title='bbox 1399 625 1550 652; x_wconf 90' lang='lat' dir='ltr'><strong>eorum</strong></span> <span class='ocrx_word' id='word_1_57' title='bbox 1572 609 1712 668; x_wconf 88' lang='lat' dir='ltr'><strong>tigno-</strong></span> 
     </span>
     <span class='ocr_line' id='line_1_8' title="bbox 235 666 1713 728; baseline -0.001 -16"><span class='ocrx_word' id='word_1_58' title='bbox 235 678 265 697; x_wconf 90' lang='lat'><strong>“</strong></span> <span class='ocrx_word' id='word_1_59' title='bbox 290 686 389 713; x_wconf 91' lang='lat' dir='ltr'><strong>rum</strong></span> <span class='ocrx_word' id='word_1_60' title='bbox 417 668 624 728; x_wconf 88' lang='lat' dir='ltr'><strong>junctura</strong></span> <span class='ocrx_word' id='word_1_61' title='bbox 651 669 857 717; x_wconf 86' lang='lat' dir='ltr'><strong>distabat,</strong></span> <span class='ocrx_word' id='word_1_62' title='bbox 897 668 1007 711; x_wconf 91' lang='lat' dir='ltr'><strong>binis</strong></span> <span class='ocrx_word' id='word_1_63' title='bbox 1029 668 1249 724; x_wconf 89' lang='lat' dir='ltr'><strong>utrimque</strong></span> <span class='ocrx_word' id='word_1_64' title='bbox 1276 666 1420 710; x_wconf 85' lang='lat' dir='ltr'><strong>fibulis</strong></span> <span class='ocrx_word' id='word_1_65' title='bbox 1441 668 1498 710; x_wconf 90' lang='lat' dir='ltr'><strong>ab</strong></span> <span class='ocrx_word' id='word_1_66' title='bbox 1519 676 1713 710; x_wconf 80' lang='lat' dir='ltr'><strong>extrema</strong></span> 
     </span>
     <span class='ocr_line' id='line_1_9' title="bbox 235 725 1713 788; baseline -0.001 -17"><span class='ocrx_word' id='word_1_67' title='bbox 235 737 266 756; x_wconf 90' lang='lat'><strong>“</strong></span> <span class='ocrx_word' id='word_1_68' title='bbox 290 738 430 788; x_wconf 83' lang='lat' dir='ltr'><strong>parte,</strong></span> <span class='ocrx_word' id='word_1_69' title='bbox 451 727 795 776; x_wconf 80' lang='lat' dir='ltr'><strong>distinebantur3</strong></span> <span class='ocrx_word' id='word_1_70' title='bbox 827 727 986 784; x_wconf 90' lang='lat' dir='ltr'><strong>quibus</strong></span> <span class='ocrx_word' id='word_1_71' title='bbox 1006 725 1201 769; x_wconf 82' lang='lat' dir='ltr'>disclusis</span> <span class='ocrx_word' id='word_1_72' title='bbox 1222 735 1354 783; x_wconf 88' lang='lat' dir='ltr'><strong>atque</strong></span> <span class='ocrx_word' id='word_1_73' title='bbox 1380 726 1422 768; x_wconf 93' lang='lat' dir='ltr'><strong>in</strong></span> <span class='ocrx_word' id='word_1_74' title='bbox 1448 727 1713 769; x_wconf 86' lang='lat' dir='ltr'><strong>contrariam</strong></span> 
     </span>
     <span class='ocr_line' id='line_1_10' title="bbox 235 784 1714 843; baseline -0.002 -13"><span class='ocrx_word' id='word_1_75' title='bbox 235 796 265 815; x_wconf 90' lang='lat'><strong>“</strong></span> <span class='ocrx_word' id='word_1_76' title='bbox 290 797 460 841; x_wconf 88' lang='lat' dir='ltr'><strong>partem</strong></span> <span class='ocrx_word' id='word_1_77' title='bbox 478 786 697 834; x_wconf 83' lang='lat' dir='ltr'>revinctis,</span> <span class='ocrx_word' id='word_1_78' title='bbox 716 795 839 828; x_wconf 87' lang='lat' dir='ltr'><strong>tanta</strong></span> <span class='ocrx_word' id='word_1_79' title='bbox 855 794 949 828; x_wconf 91' lang='lat' dir='ltr'><strong>erat</strong></span> <span class='ocrx_word' id='word_1_80' title='bbox 962 785 1104 843; x_wconf 87' lang='lat' dir='ltr'><strong>operis</strong></span> <span class='ocrx_word' id='word_1_81' title='bbox 1119 784 1341 828; x_wconf 88' lang='lat' dir='ltr'><strong>firmitudo</strong></span> <span class='ocrx_word' id='word_1_82' title='bbox 1357 793 1488 842; x_wconf 86' lang='lat' dir='ltr'><strong>atque</strong></span> <span class='ocrx_word' id='word_1_83' title='bbox 1501 801 1551 827; x_wconf 88' lang='lat' dir='ltr'><strong>ea</strong></span> <span class='ocrx_word' id='word_1_84' title='bbox 1568 801 1714 827; x_wconf 89' lang='lat' dir='ltr'><strong>rerum</strong></span> 
     </span>
     <span class='ocr_line' id='line_1_11' title="bbox 235 842 1716 904; baseline -0.002 -15"><span class='ocrx_word' id='word_1_85' title='bbox 235 855 267 875; x_wconf 88' lang='lat'>“</span> <span class='ocrx_word' id='word_1_86' title='bbox 291 856 465 895; x_wconf 86' lang='lat' dir='ltr'><strong>natura,</strong></span> <span class='ocrx_word' id='word_1_87' title='bbox 501 854 567 895; x_wconf 90' lang='lat' dir='ltr'><strong>ut,</strong></span> <span class='ocrx_word' id='word_1_88' title='bbox 602 861 691 903; x_wconf 90' lang='lat' dir='ltr'><strong>quo</strong></span> <span class='ocrx_word' id='word_1_89' title='bbox 712 845 849 904; x_wconf 81' lang='lat' dir='ltr'><strong>major</strong></span> <span class='ocrx_word' id='word_1_90' title='bbox 871 845 935 887; x_wconf 89' lang='lat' dir='ltr'><strong>vis</strong></span> <span class='ocrx_word' id='word_1_91' title='bbox 955 859 1078 902; x_wconf 83' lang='lat' dir='ltr'><strong>aquae</strong></span> <span class='ocrx_word' id='word_1_92' title='bbox 1098 860 1141 886; x_wconf 89' lang='lat' dir='ltr'><strong>se</strong></span> <span class='ocrx_word' id='word_1_93' title='bbox 1163 843 1441 893; x_wconf 82' lang='lat' dir='ltr'><strong>incitavisset,</strong></span> <span class='ocrx_word' id='word_1_94' title='bbox 1469 842 1549 886; x_wconf 92' lang='lat' dir='ltr'><strong>hoc</strong></span> <span class='ocrx_word' id='word_1_95' title='bbox 1579 843 1716 886; x_wconf 72' lang='lat' dir='ltr'><strong>artius</strong></span> 
     </span>
     <span class='ocr_line' id='line_1_12' title="bbox 235 902 1717 964; baseline -0.003 -15"><span class='ocrx_word' id='word_1_96' title='bbox 235 914 266 934; x_wconf 80' lang='lat'><strong>‘⁶</strong></span> <span class='ocrx_word' id='word_1_97' title='bbox 290 906 472 964; x_wconf 85' lang='lat' dir='ltr'>inligata</span> <span class='ocrx_word' id='word_1_98' title='bbox 493 913 759 947; x_wconf 85' lang='lat' dir='ltr'><strong>tenerentur.</strong></span> <span class='ocrx_word' id='word_1_99' title='bbox 824 903 932 946; x_wconf 86' lang='lat' dir='ltr'><strong>Haec</strong></span> <span class='ocrx_word' id='word_1_100' title='bbox 951 903 1124 946; x_wconf 88' lang='lat' dir='ltr'><strong>derecta</strong></span> <span class='ocrx_word' id='word_1_101' title='bbox 1146 902 1325 944; x_wconf 89' lang='lat' dir='ltr'><strong>materie</strong></span> <span class='ocrx_word' id='word_1_102' title='bbox 1343 902 1500 960; x_wconf 85' lang='lat' dir='ltr'><strong>injecta</strong></span> <span class='ocrx_word' id='word_1_103' title='bbox 1519 912 1717 945; x_wconf 86' lang='lat' dir='ltr'><strong>contexe-</strong></span> 
     </span>
     <span class='ocr_line' id='line_1_13' title="bbox 235 960 1716 1021; baseline -0.001 -14"><span class='ocrx_word' id='word_1_104' title='bbox 235 973 267 992; x_wconf 92' lang='lat'>“</span> <span class='ocrx_word' id='word_1_105' title='bbox 289 965 452 1008; x_wconf 86' lang='lat' dir='ltr'><strong>bantur</strong></span> <span class='ocrx_word' id='word_1_106' title='bbox 472 971 516 1006; x_wconf 87' lang='lat' dir='ltr'><strong>et</strong></span> <span class='ocrx_word' id='word_1_107' title='bbox 537 963 749 1021; x_wconf 87' lang='lat' dir='ltr'><strong>longuriis</strong></span> <span class='ocrx_word' id='word_1_108' title='bbox 769 963 1049 1019; x_wconf 82' lang='lat' dir='ltr'><strong>cratibusque</strong></span> <span class='ocrx_word' id='word_1_109' title='bbox 1069 961 1475 1004; x_wconf 87' lang='lat' dir='ltr'><strong>consternebantur:</strong></span> <span class='ocrx_word' id='word_1_110' title='bbox 1510 976 1559 1003; x_wconf 90' lang='lat' dir='ltr'><strong>ac</strong></span> <span class='ocrx_word' id='word_1_111' title='bbox 1581 960 1716 1005; x_wconf 84' lang='lat' dir='ltr'>nihilo</span> 
     </span>
     <span class='ocr_line' id='line_1_14' title="bbox 236 1018 1717 1078; baseline -0.003 -12"><span class='ocrx_word' id='word_1_112' title='bbox 236 1032 268 1051; x_wconf 90' lang='lat'>“</span> <span class='ocrx_word' id='word_1_113' title='bbox 293 1024 427 1066; x_wconf 88' lang='lat' dir='ltr'><strong>secius</strong></span> <span class='ocrx_word' id='word_1_114' title='bbox 455 1022 631 1065; x_wconf 88' lang='lat' dir='ltr'><strong>sublicae</strong></span> <span class='ocrx_word' id='word_1_115' title='bbox 667 1030 711 1063; x_wconf 89' lang='lat' dir='ltr'><strong>et</strong></span> <span class='ocrx_word' id='word_1_116' title='bbox 744 1022 800 1065; x_wconf 84' lang='lat' dir='ltr'><strong>ad</strong></span> <span class='ocrx_word' id='word_1_117' title='bbox 831 1021 1078 1064; x_wconf 85' lang='lat' dir='ltr'><strong>inferiorem</strong></span> <span class='ocrx_word' id='word_1_118' title='bbox 1111 1028 1279 1078; x_wconf 85' lang='lat' dir='ltr'><strong>partem</strong></span> <span class='ocrx_word' id='word_1_119' title='bbox 1317 1018 1502 1062; x_wconf 88' lang='lat' dir='ltr'><strong>fluminis</strong></span> <span class='ocrx_word' id='word_1_120' title='bbox 1538 1019 1717 1077; x_wconf 86' lang='lat' dir='ltr'><strong>oblique</strong></span> 
     </span>
     <span class='ocr_line' id='line_1_15' title="bbox 236 1079 1717 1140; baseline -0.003 -15"><span class='ocrx_word' id='word_1_121' title='bbox 236 1090 269 1111; x_wconf 89' lang='lat'><strong>“</strong></span> <span class='ocrx_word' id='word_1_122' title='bbox 290 1083 549 1140; x_wconf 86' lang='lat' dir='ltr'><strong>agebantur,</strong></span> <span class='ocrx_word' id='word_1_123' title='bbox 579 1096 693 1138; x_wconf 87' lang='lat' dir='ltr'><strong>quae,</strong></span> <span class='ocrx_word' id='word_1_124' title='bbox 716 1097 797 1138; x_wconf 90' lang='lat' dir='ltr'><strong>pro</strong></span> <span class='ocrx_word' id='word_1_125' title='bbox 819 1080 984 1138; x_wconf 89' lang='lat' dir='ltr'><strong>pariete</strong></span> <span class='ocrx_word' id='word_1_126' title='bbox 1013 1079 1217 1137; x_wconf 84' lang='lat' dir='ltr'><strong>subjectae</strong></span> <span class='ocrx_word' id='word_1_127' title='bbox 1249 1086 1294 1120; x_wconf 85' lang='lat' dir='ltr'><strong>et</strong></span> <span class='ocrx_word' id='word_1_128' title='bbox 1323 1094 1420 1120; x_wconf 94' lang='lat' dir='ltr'><strong>cum</strong></span> <span class='ocrx_word' id='word_1_129' title='bbox 1449 1079 1564 1121; x_wconf 92' lang='lat' dir='ltr'><strong>omni</strong></span> <span class='ocrx_word' id='word_1_130' title='bbox 1587 1094 1717 1137; x_wconf 87' lang='lat' dir='ltr'><strong>opere</strong></span> 
     </span>
     <span class='ocr_line' id='line_1_16' title="bbox 237 1137 1718 1200; baseline -0.003 -17"><span class='ocrx_word' id='word_1_131' title='bbox 237 1149 268 1169; x_wconf 91' lang='lat'><strong>“</strong></span> <span class='ocrx_word' id='word_1_132' title='bbox 292 1141 548 1200; x_wconf 76' lang='lat' dir='ltr'><strong>conjunctae,</strong></span> <span class='ocrx_word' id='word_1_133' title='bbox 582 1140 671 1182; x_wconf 91' lang='lat' dir='ltr'><strong>vim</strong></span> <span class='ocrx_word' id='word_1_134' title='bbox 708 1140 908 1188; x_wconf 80' lang='lat' dir='ltr'><strong>fluminis,</strong></span> <span class='ocrx_word' id='word_1_135' title='bbox 932 1139 1200 1197; x_wconf 84' lang='lat' dir='ltr'><strong>exciperent:</strong></span> <span class='ocrx_word' id='word_1_136' title='bbox 1235 1145 1278 1179; x_wconf 90' lang='lat' dir='ltr'><strong>et</strong></span> <span class='ocrx_word' id='word_1_137' title='bbox 1314 1137 1409 1179; x_wconf 84' lang='lat' dir='ltr'><strong>aliae</strong></span> <span class='ocrx_word' id='word_1_138' title='bbox 1451 1138 1553 1179; x_wconf 87' lang='lat' dir='ltr'><strong>item</strong></span> <span class='ocrx_word' id='word_1_139' title='bbox 1586 1153 1718 1196; x_wconf 83' lang='lat' dir='ltr'><strong>supra</strong></span> 
     </span>
    </p>
   </div>
   <div class='ocr_carea' id='block_1_3' title="bbox 234 1233 968 3027">
    <p class='ocr_par' dir='ltr' id='par_1_3' title="bbox 234 1233 948 1757">
     <span class='ocr_line' id='line_1_17' title="bbox 235 1233 944 1276; baseline -0.004 -8"><span class='ocrx_word' id='word_1_140' title='bbox 235 1247 338 1268; x_wconf 88' lang='lat' dir='ltr'><strong>causa</strong></span> <span class='ocrx_word' id='word_1_141' title='bbox 348 1246 484 1268; x_wconf 89' lang='lat' dir='ltr'><strong>monere</strong></span> <span class='ocrx_word' id='word_1_142' title='bbox 493 1235 583 1272; x_wconf 87' lang='lat' dir='ltr'><strong>licet,</strong></span> <span class='ocrx_word' id='word_1_143' title='bbox 591 1233 764 1274; x_wconf 87' lang='lat' dir='ltr'><strong>machina,</strong></span> <span class='ocrx_word' id='word_1_144' title='bbox 773 1244 837 1276; x_wconf 64' lang='lat' dir='ltr'><strong>qua</strong></span> <span class='ocrx_word' id='word_1_145' title='bbox 849 1234 944 1276; x_wconf 88' lang='lat' dir='ltr'><strong>palos</strong></span> 
     </span>
     <span class='ocr_line' id='line_1_18' title="bbox 237 1278 944 1320; baseline -0.003 -9"><span class='ocrx_word' id='word_1_146' title='bbox 237 1281 382 1312; x_wconf 89' lang='lat' dir='ltr'><strong>tundunt</strong></span> <span class='ocrx_word' id='word_1_147' title='bbox 406 1280 464 1318; x_wconf 81' lang='lat' dir='ltr'><strong>ita,</strong></span> <span class='ocrx_word' id='word_1_148' title='bbox 487 1285 523 1311; x_wconf 90' lang='lat' dir='ltr'><strong>ut</strong></span> <span class='ocrx_word' id='word_1_149' title='bbox 546 1278 649 1311; x_wconf 90' lang='lat' dir='ltr'><strong>altius</strong></span> <span class='ocrx_word' id='word_1_150' title='bbox 674 1278 851 1320; x_wconf 74' lang='lat' dir='ltr'><strong>infigantur</strong></span> <span class='ocrx_word' id='word_1_151' title='bbox 871 1278 944 1310; x_wconf 89' lang='lat' dir='ltr'><strong>solo</strong></span> 
     </span>
     <span class='ocr_line' id='line_1_19' title="bbox 234 1322 945 1363; baseline -0.004 -7"><span class='ocrx_word' id='word_1_152' title='bbox 234 1326 482 1362; x_wconf 62' lang='lat' dir='ltr'><strong>(efflrammeln,</strong></span> <span class='ocrx_word' id='word_1_153' title='bbox 494 1325 592 1361; x_wconf 79' lang='lat' dir='ltr'><strong>hier),</strong></span> <span class='ocrx_word' id='word_1_154' title='bbox 609 1328 667 1354; x_wconf 87' lang='lat' dir='ltr'><strong>aut</strong></span> <span class='ocrx_word' id='word_1_155' title='bbox 681 1322 825 1363; x_wconf 80' lang='lat' dir='ltr'><strong>lapides.</strong></span> <span class='ocrx_word' id='word_1_156' title='bbox 842 1322 874 1353; x_wconf 91' lang='lat' dir='ltr'><strong>in</strong></span> <span class='ocrx_word' id='word_1_157' title='bbox 891 1322 945 1353; x_wconf 85' lang='lat' dir='ltr'><strong>via</strong></span> 
     </span>
     <span class='ocr_line' id='line_1_20' title="bbox 237 1365 944 1408; baseline -0.007 -8"><span class='ocrx_word' id='word_1_158' title='bbox 237 1374 372 1405; x_wconf 79' lang='lat' dir='ltr'><strong>stratos,</strong></span> <span class='ocrx_word' id='word_1_159' title='bbox 405 1367 634 1408; x_wconf 78' lang='lat' dir='ltr'><strong>complanant,</strong></span> <span class='ocrx_word' id='word_1_160' title='bbox 662 1372 719 1396; x_wconf 86' lang='lat' dir='ltr'><strong>aut</strong></span> <span class='ocrx_word' id='word_1_161' title='bbox 754 1365 944 1406; x_wconf 80' lang='lat' dir='ltr'><strong>pavimenta</strong></span> 
     </span>
     <span class='ocr_line' id='line_1_21' title="bbox 237 1409 945 1448; baseline -0.004 -6"><span class='ocrx_word' id='word_1_162' title='bbox 237 1411 393 1443; x_wconf 88' lang='lat' dir='ltr'><strong>solidant.</strong></span> <span class='ocrx_word' id='word_1_163' title='bbox 438 1411 502 1442; x_wconf 89' lang='lat' dir='ltr'><strong>Sed</strong></span> <span class='ocrx_word' id='word_1_164' title='bbox 519 1420 584 1440; x_wconf 88' lang='lat' dir='ltr'><strong>non</strong></span> <span class='ocrx_word' id='word_1_165' title='bbox 601 1410 702 1440; x_wconf 89' lang='lat' dir='ltr'><strong>modo</strong></span> <span class='ocrx_word' id='word_1_166' title='bbox 717 1419 756 1440; x_wconf 80' lang='lat' dir='ltr'><strong>ea</strong></span> <span class='ocrx_word' id='word_1_167' title='bbox 774 1409 945 1448; x_wconf 82' lang='lat' dir='ltr'><strong>machina,</strong></span> 
     </span>
     <span class='ocr_line' id='line_1_22' title="bbox 235 1452 946 1496; baseline -0.003 -10"><span class='ocrx_word' id='word_1_168' title='bbox 235 1465 311 1496; x_wconf 86' lang='lat' dir='ltr'><strong>quae</strong></span> <span class='ocrx_word' id='word_1_169' title='bbox 340 1464 439 1486; x_wconf 86' lang='lat' dir='ltr'><strong>manu</strong></span> <span class='ocrx_word' id='word_1_170' title='bbox 462 1453 596 1495; x_wconf 76' lang='lat' dir='ltr'><strong>opificis</strong></span> <span class='ocrx_word' id='word_1_171' title='bbox 621 1453 728 1484; x_wconf 85' lang='lat' dir='ltr'><strong>levata</strong></span> <span class='ocrx_word' id='word_1_172' title='bbox 746 1452 869 1487; x_wconf 80' lang='lat' dir='ltr'><strong>tundit.</strong></span> <span class='ocrx_word' id='word_1_173' title='bbox 891 1453 946 1484; x_wconf 73' lang='lat' dir='ltr'><strong>iis-</strong></span> 
     </span>
     <span class='ocr_line' id='line_1_23' title="bbox 237 1496 946 1537; baseline -0.003 -7"><span class='ocrx_word' id='word_1_174' title='bbox 237 1505 314 1530; x_wconf 88' lang='lat' dir='ltr'><strong>tuca</strong></span> <span class='ocrx_word' id='word_1_175' title='bbox 327 1498 470 1529; x_wconf 88' lang='lat' dir='ltr'><strong>dicitur:</strong></span> <span class='ocrx_word' id='word_1_176' title='bbox 488 1498 545 1528; x_wconf 89' lang='lat' dir='ltr'><strong>sed</strong></span> <span class='ocrx_word' id='word_1_177' title='bbox 555 1502 588 1527; x_wconf 86' lang='lat' dir='ltr'><strong>et</strong></span> <span class='ocrx_word' id='word_1_178' title='bbox 600 1497 769 1537; x_wconf 78' lang='lat' dir='ltr'><strong>haec,quae</strong></span> <span class='ocrx_word' id='word_1_179' title='bbox 783 1496 946 1528; x_wconf 75' lang='lat' dir='ltr'><strong>trochleis</strong></span> 
     </span>
     <span class='ocr_line' id='line_1_24' title="bbox 238 1540 946 1582; baseline -0.004 -8"><span class='ocrx_word' id='word_1_180' title='bbox 238 1543 348 1574; x_wconf 87' lang='lat' dir='ltr'><strong>levata</strong></span> <span class='ocrx_word' id='word_1_181' title='bbox 364 1548 397 1573; x_wconf 86' lang='lat' dir='ltr'><strong>et</strong></span> <span class='ocrx_word' id='word_1_182' title='bbox 415 1552 527 1573; x_wconf 87' lang='lat' dir='ltr'><strong>rursus</strong></span> <span class='ocrx_word' id='word_1_183' title='bbox 543 1542 682 1581; x_wconf 85' lang='lat' dir='ltr'><strong>delapsa</strong></span> <span class='ocrx_word' id='word_1_184' title='bbox 698 1540 868 1581; x_wconf 84' lang='lat' dir='ltr'><strong>subjectos</strong></span> <span class='ocrx_word' id='word_1_185' title='bbox 887 1551 946 1582; x_wconf 85' lang='lat' dir='ltr'><strong>pa-</strong></span> 
     </span>
     <span class='ocr_line' id='line_1_25' title="bbox 238 1583 945 1628; baseline -0.004 -10"><span class='ocrx_word' id='word_1_186' title='bbox 238 1587 290 1618; x_wconf 84' lang='lat' dir='ltr'><strong>los</strong></span> <span class='ocrx_word' id='word_1_187' title='bbox 303 1587 449 1628; x_wconf 81' lang='lat' dir='ltr'><strong>pondere</strong></span> <span class='ocrx_word' id='word_1_188' title='bbox 462 1591 494 1616; x_wconf 92' lang='lat' dir='ltr'><strong>et</strong></span> <span class='ocrx_word' id='word_1_189' title='bbox 510 1585 576 1616; x_wconf 91' lang='lat' dir='ltr'><strong>ictu</strong></span> <span class='ocrx_word' id='word_1_190' title='bbox 590 1584 710 1625; x_wconf 74' lang='lat' dir='ltr'><strong>intigit.</strong></span> <span class='ocrx_word' id='word_1_191' title='bbox 726 1583 794 1614; x_wconf 82' lang='lat' dir='ltr'><strong>vid.</strong></span> <span class='ocrx_word' id='word_1_192' title='bbox 806 1584 945 1616; x_wconf 84' lang='lat' dir='ltr'><strong>Gesneri</strong></span> 
     </span>
     <span class='ocr_line' id='line_1_26' title="bbox 237 1627 944 1669; baseline -0.003 -8"><span class='ocrx_word' id='word_1_193' title='bbox 237 1630 343 1661; x_wconf 87' lang='lat' dir='ltr'><strong>Thes.</strong></span> <span class='ocrx_word' id='word_1_194' title='bbox 354 1629 441 1661; x_wconf 76' lang='lat' dir='ltr'><strong>1..L.</strong></span> <span class='ocrx_word' id='word_1_195' title='bbox 455 1635 487 1659; x_wconf 86' lang='lat' dir='ltr'><strong>et</strong></span> <span class='ocrx_word' id='word_1_196' title='bbox 497 1627 652 1669; x_wconf 86' lang='lat' dir='ltr'><strong>inprimis</strong></span> <span class='ocrx_word' id='word_1_197' title='bbox 660 1628 892 1658; x_wconf 84' lang='lat' dir='ltr'><strong>Hotomannus</strong></span> <span class='ocrx_word' id='word_1_198' title='bbox 903 1629 944 1659; x_wconf 87' lang='lat' dir='ltr'><strong>ad</strong></span> 
     </span>
     <span class='ocr_line' id='line_1_27' title="bbox 239 1671 947 1712; baseline -0.003 -7"><span class='ocrx_word' id='word_1_199' title='bbox 239 1675 328 1706; x_wconf 85' lang='lat' dir='ltr'><strong>hunc</strong></span> <span class='ocrx_word' id='word_1_200' title='bbox 337 1673 479 1704; x_wconf 61' lang='lat' dir='ltr'><strong>Caesaris</strong></span> <span class='ocrx_word' id='word_1_201' title='bbox 489 1672 615 1703; x_wconf 90' lang='lat' dir='ltr'><strong>locum.</strong></span> <span class='ocrx_word' id='word_1_202' title='bbox 628 1672 678 1702; x_wconf 84' lang='lat' dir='ltr'><strong>M.</strong></span> <span class='ocrx_word' id='word_1_203' title='bbox 702 1671 802 1712; x_wconf 81' lang='lat' dir='ltr'><strong>Apud</strong></span> <span class='ocrx_word' id='word_1_204' title='bbox 814 1672 947 1703; x_wconf 82' lang='lat' dir='ltr'><strong>vitruv.</strong></span> 
     </span>
     <span class='ocr_line' id='line_1_28' title="bbox 242 1716 948 1757; baseline -0.003 -8"><span class='ocrx_word' id='word_1_205' title='bbox 242 1721 274 1757; x_wconf 77' lang='lat'><strong>3,</strong></span> <span class='ocrx_word' id='word_1_206' title='bbox 292 1719 323 1748; x_wconf 85' lang='lat'><strong>3.</strong></span> <span class='ocrx_word' id='word_1_207' title='bbox 339 1724 373 1748; x_wconf 84' lang='lat' dir='ltr'><strong>et</strong></span> <span class='ocrx_word' id='word_1_208' title='bbox 394 1719 444 1755; x_wconf 74' lang='lat'><strong>10,</strong></span> <span class='ocrx_word' id='word_1_209' title='bbox 462 1717 493 1746; x_wconf 88' lang='lat'><strong>3.</strong></span> <span class='ocrx_word' id='word_1_210' title='bbox 517 1717 781 1756; x_wconf 42' lang='lat' dir='ltr'><strong>est-fistucatione</strong></span> <span class='ocrx_word' id='word_1_211' title='bbox 796 1716 948 1747; x_wconf 75' lang='lat' dir='ltr'><strong>solidare.</strong></span> 
     </span>
    </p>

    <p class='ocr_par' dir='ltr' id='par_1_4' title="bbox 287 1759 948 1793">
     <span class='ocr_line' id='line_1_29' title="bbox 287 1759 948 1793; baseline -0.003 0"><span class='ocrx_word' id='word_1_212' title='bbox 287 1763 442 1793; x_wconf 77' lang='lat' dir='ltr'><strong>Derecea.</strong></span> <span class='ocrx_word' id='word_1_213' title='bbox 459 1770 491 1790; x_wconf 90' lang='lat' dir='ltr'><strong>v.</strong></span> <span class='ocrx_word' id='word_1_214' title='bbox 508 1760 578 1790; x_wconf 91' lang='lat' dir='ltr'><strong>lnd.</strong></span> <span class='ocrx_word' id='word_1_215' title='bbox 594 1760 643 1790; x_wconf 90' lang='lat' dir='ltr'><strong>M.</strong></span> <span class='ocrx_word' id='word_1_216' title='bbox 660 1759 703 1789; x_wconf 83' lang='lat' dir='ltr'><strong>al.</strong></span> <span class='ocrx_word' id='word_1_217' title='bbox 716 1759 803 1789; x_wconf 83' lang='lat' dir='ltr'><strong>male</strong></span> <span class='ocrx_word' id='word_1_218' title='bbox 812 1759 948 1791; x_wconf 70' lang='lat' dir='ltr'><strong>directa.</strong></span> 
     </span>
    </p>

    <p class='ocr_par' dir='ltr' id='par_1_5' title="bbox 240 1801 951 2064">
     <span class='ocr_line' id='line_1_30' title="bbox 289 1801 950 1844; baseline -0.005 -8"><span class='ocrx_word' id='word_1_219' title='bbox 289 1806 400 1837; x_wconf 71' lang='lat' dir='ltr'><strong>Prema</strong></span> <span class='ocrx_word' id='word_1_220' title='bbox 429 1815 467 1836; x_wconf 80' lang='lat' dir='ltr'><strong>nc</strong></span> <span class='ocrx_word' id='word_1_221' title='bbox 489 1803 665 1844; x_wconf 71' lang='lat' dir='ltr'><strong>fastiqaea.</strong></span> <span class='ocrx_word' id='word_1_222' title='bbox 695 1801 740 1833; x_wconf 84' lang='lat' dir='ltr'><strong>ita</strong></span> <span class='ocrx_word' id='word_1_223' title='bbox 767 1812 883 1843; x_wconf 79' lang='lat' dir='ltr'><strong>prona,</strong></span> <span class='ocrx_word' id='word_1_224' title='bbox 914 1810 950 1834; x_wconf 83' lang='lat' dir='ltr'><strong>ut</strong></span> 
     </span>
     <span class='ocr_line' id='line_1_31' title="bbox 240 1846 947 1887; baseline -0.004 -6"><span class='ocrx_word' id='word_1_225' title='bbox 240 1848 376 1887; x_wconf 71' lang='lat' dir='ltr'><strong>fastigio</strong></span> <span class='ocrx_word' id='word_1_226' title='bbox 413 1847 539 1879; x_wconf 84' lang='lat' dir='ltr'>similia</span> <span class='ocrx_word' id='word_1_227' title='bbox 581 1851 702 1877; x_wconf 84' lang='lat' dir='ltr'><strong>essent.</strong></span> <span class='ocrx_word' id='word_1_228' title='bbox 763 1846 947 1883; x_wconf 64' lang='lat' dir='ltr'><strong>Fastigium</strong></span> 
     </span>
     <span class='ocr_line' id='line_1_32' title="bbox 243 1890 949 1932; baseline -0.003 -8"><span class='ocrx_word' id='word_1_229' title='bbox 243 1899 355 1925; x_wconf 82' lang='lat' dir='ltr'><strong>autem</strong></span> <span class='ocrx_word' id='word_1_230' title='bbox 381 1898 429 1923; x_wconf 84' lang='lat' dir='ltr'><strong>est</strong></span> <span class='ocrx_word' id='word_1_231' title='bbox 452 1897 577 1923; x_wconf 88' lang='lat' dir='ltr'><strong>tectum</strong></span> <span class='ocrx_word' id='word_1_232' title='bbox 603 1890 818 1931; x_wconf 75' lang='lat' dir='ltr'><strong>templorum,</strong></span> <span class='ocrx_word' id='word_1_233' title='bbox 843 1890 949 1932; x_wconf 82' lang='lat' dir='ltr'><strong>figura</strong></span> 
     </span>
     <span class='ocr_line' id='line_1_33' title="bbox 246 1935 950 1978; baseline -0.003 -10"><span class='ocrx_word' id='word_1_234' title='bbox 246 1936 338 1978; x_wconf 89' lang='lat' dir='ltr'><strong>plani</strong></span> <span class='ocrx_word' id='word_1_235' title='bbox 363 1935 514 1967; x_wconf 83' lang='lat' dir='ltr'><strong>inclinati</strong></span> <span class='ocrx_word' id='word_1_236' title='bbox 537 1935 733 1965; x_wconf 83' lang='lat' dir='ltr'><strong>decurrens:</strong></span> <span class='ocrx_word' id='word_1_237' title='bbox 767 1935 855 1966; x_wconf 81' lang='lat' dir='ltr'><strong>unde</strong></span> <span class='ocrx_word' id='word_1_238' title='bbox 872 1945 950 1976; x_wconf 85' lang='lat' dir='ltr'><strong>pro-</strong></span> 
     </span>
     <span class='ocr_line' id='line_1_34' title="bbox 244 1977 951 2016; baseline -0.004 -3"><span class='ocrx_word' id='word_1_239' title='bbox 244 1991 324 2013; x_wconf 91' lang='lat' dir='ltr'><strong>num</strong></span> <span class='ocrx_word' id='word_1_240' title='bbox 344 1986 377 2010; x_wconf 90' lang='lat' dir='ltr'><strong>et</strong></span> <span class='ocrx_word' id='word_1_241' title='bbox 393 1979 585 2016; x_wconf 59' lang='lat' dir='ltr'><strong>fastigatum</strong></span> <span class='ocrx_word' id='word_1_242' title='bbox 600 1984 650 2010; x_wconf 85' lang='lat' dir='ltr'><strong>est</strong></span> <span class='ocrx_word' id='word_1_243' title='bbox 668 1977 876 2010; x_wconf 86' lang='lat' dir='ltr'><strong>inclinatum.</strong></span> <span class='ocrx_word' id='word_1_244' title='bbox 900 1979 951 2010; x_wconf 87' lang='lat' dir='ltr'><strong>M.</strong></span> 
     </span>
     <span class='ocr_line' id='line_1_35' title="bbox 244 2023 587 2064; baseline -0.006 -8"><span class='ocrx_word' id='word_1_245' title='bbox 244 2025 290 2057; x_wconf 80' lang='lat' dir='ltr'><strong>ul.</strong></span> <span class='ocrx_word' id='word_1_246' title='bbox 306 2024 392 2055; x_wconf 87' lang='lat' dir='ltr'><strong>male</strong></span> <span class='ocrx_word' id='word_1_247' title='bbox 409 2023 587 2064; x_wconf 67' lang='lat' dir='ltr'><strong>factiqiaea.</strong></span> 
     </span>
    </p>

    <p class='ocr_par' dir='ltr' id='par_1_6' title="bbox 249 2066 953 2151">
     <span class='ocr_line' id='line_1_36' title="bbox 294 2066 953 2107; baseline -0.003 -7"><span class='ocrx_word' id='word_1_248' title='bbox 294 2068 483 2100; x_wconf 75' lang='lat' dir='ltr'><strong>Secundum</strong></span> <span class='ocrx_word' id='word_1_249' title='bbox 507 2073 665 2099; x_wconf 76' lang='lat' dir='ltr'><strong>naturam</strong></span> <span class='ocrx_word' id='word_1_250' title='bbox 679 2066 853 2107; x_wconf 71' lang='lat' dir='ltr'><strong>fluminis,</strong></span> <span class='ocrx_word' id='word_1_251' title='bbox 877 2066 953 2098; x_wconf 81' lang='lat' dir='ltr'><strong>dem</strong></span> 
     </span>
     <span class='ocr_line' id='line_1_37' title="bbox 249 2109 953 2151; baseline -0.004 -7"><span class='ocrx_word' id='word_1_252' title='bbox 249 2114 377 2144; x_wconf 81' lang='lat' dir='ltr'><strong>Strome</strong></span> <span class='ocrx_word' id='word_1_253' title='bbox 400 2113 501 2143; x_wconf 76' lang='lat' dir='ltr'><strong>nach.</strong></span> <span class='ocrx_word' id='word_1_254' title='bbox 528 2111 577 2141; x_wconf 88' lang='lat' dir='ltr'><strong>M.</strong></span> <span class='ocrx_word' id='word_1_255' title='bbox 599 2112 684 2142; x_wconf 76' lang='lat' dir='ltr'><strong>selon</strong></span> <span class='ocrx_word' id='word_1_256' title='bbox 699 2112 730 2141; x_wconf 82' lang='lat' dir='ltr'><strong>le</strong></span> <span class='ocrx_word' id='word_1_257' title='bbox 742 2112 782 2151; x_wconf 79' lang='lat' dir='ltr'><strong>fil</strong></span> <span class='ocrx_word' id='word_1_258' title='bbox 797 2111 839 2141; x_wconf 67' lang='lat' dir='ltr'><strong>do</strong></span> <span class='ocrx_word' id='word_1_259' title='bbox 852 2109 953 2142; x_wconf 79' lang='lat' dir='ltr'><strong>I&#39;eau.</strong></span> 
     </span>
    </p>

    <p class='ocr_par' dir='ltr' id='par_1_7' title="bbox 246 2153 955 2232">
     <span class='ocr_line' id='line_1_38' title="bbox 298 2153 955 2196; baseline -0.005 -9"><span class='ocrx_word' id='word_1_260' title='bbox 298 2157 383 2187; x_wconf 80' lang='lat' dir='ltr'><strong>Item</strong></span> <span class='ocrx_word' id='word_1_261' title='bbox 414 2161 464 2186; x_wconf 87' lang='lat' dir='ltr'><strong>est</strong></span> <span class='ocrx_word' id='word_1_262' title='bbox 502 2153 635 2185; x_wconf 91' lang='lat' dir='ltr'><strong>initium</strong></span> <span class='ocrx_word' id='word_1_263' title='bbox 672 2154 862 2195; x_wconf 85' lang='lat' dir='ltr'><strong>apodoseos</strong></span> <span class='ocrx_word' id='word_1_264' title='bbox 896 2164 955 2196; x_wconf 79' lang='lat' dir='ltr'><strong>pe-</strong></span> 
     </span>
     <span class='ocr_line' id='line_1_39' title="bbox 246 2198 424 2232; baseline -0.022 0"><span class='ocrx_word' id='word_1_265' title='bbox 246 2198 349 2232; x_wconf 90' lang='lat' dir='ltr'><strong>riodi.</strong></span> <span class='ocrx_word' id='word_1_266' title='bbox 374 2199 424 2229; x_wconf 90' lang='lat' dir='ltr'><strong>M.</strong></span> 
     </span>
    </p>

    <p class='ocr_par' dir='ltr' id='par_1_8' title="bbox 298 2241 838 2281">
     <span class='ocr_line' id='line_1_40' title="bbox 298 2241 838 2281; baseline -0.006 -6"><span class='ocrx_word' id='word_1_267' title='bbox 298 2245 399 2275; x_wconf 80' lang='lat' dir='ltr'><strong>Bina.</strong></span> <span class='ocrx_word' id='word_1_268' title='bbox 422 2242 471 2273; x_wconf 91' lang='lat' dir='ltr'><strong>sic</strong></span> <span class='ocrx_word' id='word_1_269' title='bbox 487 2241 620 2273; x_wconf 85' lang='lat' dir='ltr'><strong>Clarke.</strong></span> <span class='ocrx_word' id='word_1_270' title='bbox 644 2242 746 2281; x_wconf 61' lang='lat' dir='ltr'><strong>vulgo</strong></span> <span class='ocrx_word' id='word_1_271' title='bbox 761 2243 838 2274; x_wconf 80' lang='lat' dir='ltr'><strong>duo.</strong></span> 
     </span>
    </p>

    <p class='ocr_par' dir='ltr' id='par_1_9' title="bbox 251 2286 958 2418">
     <span class='ocr_line' id='line_1_41' title="bbox 301 2286 958 2328; baseline -0.002 -10"><span class='ocrx_word' id='word_1_272' title='bbox 301 2287 348 2319; x_wconf 81' lang='lat' dir='ltr'><strong>Ab</strong></span> <span class='ocrx_word' id='word_1_273' title='bbox 364 2287 514 2328; x_wconf 45' lang='lat' dir='ltr'><strong>inferiore</strong></span> <span class='ocrx_word' id='word_1_274' title='bbox 527 2291 621 2326; x_wconf 69' lang='lat' dir='ltr'><strong>parte</strong></span> <span class='ocrx_word' id='word_1_275' title='bbox 643 2286 836 2324; x_wconf 83' lang='lat' dir='ltr'><strong>(fluminis).</strong></span> <span class='ocrx_word' id='word_1_276' title='bbox 850 2288 958 2318; x_wconf 71' lang='lat' dir='ltr'><strong>wee&#39;eer</strong></span> 
     </span>
     <span class='ocr_line' id='line_1_42' title="bbox 251 2329 958 2372; baseline -0.004 -8"><span class='ocrx_word' id='word_1_277' title='bbox 251 2337 366 2364; x_wconf 73' lang='lat' dir='ltr'><strong>umen.</strong></span> <span class='ocrx_word' id='word_1_278' title='bbox 396 2332 447 2362; x_wconf 92' lang='lat' dir='ltr'><strong>M.</strong></span> <span class='ocrx_word' id='word_1_279' title='bbox 492 2330 675 2371; x_wconf 86' lang='lat' dir='ltr'><strong>Perperam</strong></span> <span class='ocrx_word' id='word_1_280' title='bbox 715 2329 778 2361; x_wconf 89' lang='lat' dir='ltr'><strong>ista</strong></span> <span class='ocrx_word' id='word_1_281' title='bbox 816 2330 958 2372; x_wconf 81' lang='lat' dir='ltr'><strong>exponit</strong></span> 
     </span>
     <span class='ocr_line' id='line_1_43' title="bbox 254 2373 649 2418; baseline -0.01 -11"><span class='ocrx_word' id='word_1_282' title='bbox 254 2375 392 2418; x_wconf 82' lang='lat' dir='ltr'>Lipsius</span> <span class='ocrx_word' id='word_1_283' title='bbox 409 2373 554 2416; x_wconf 87' lang='lat' dir='ltr'><strong>poliorc.</strong></span> <span class='ocrx_word' id='word_1_284' title='bbox 569 2378 602 2411; x_wconf 73' lang='lat'><strong>9,</strong></span> <span class='ocrx_word' id='word_1_285' title='bbox 618 2377 649 2404; x_wconf 93' lang='grc'><strong>5.</strong></span> 
     </span>
    </p>

    <p class='ocr_par' dir='ltr' id='par_1_10' title="bbox 257 2417 963 2635">
     <span class='ocr_line' id='line_1_44' title="bbox 306 2417 957 2459; baseline -0.003 -7"><span class='ocrx_word' id='word_1_286' title='bbox 306 2421 388 2452; x_wconf 81' lang='lat' dir='ltr'><strong>Haec</strong></span> <span class='ocrx_word' id='word_1_287' title='bbox 414 2425 568 2459; x_wconf 77' lang='lat' dir='ltr'><strong>utraque,</strong></span> <span class='ocrx_word' id='word_1_288' title='bbox 594 2417 687 2459; x_wconf 79' lang='lat' dir='ltr'><strong>tigna</strong></span> <span class='ocrx_word' id='word_1_289' title='bbox 714 2417 771 2449; x_wconf 86' lang='lat' dir='ltr'><strong>illa</strong></span> <span class='ocrx_word' id='word_1_290' title='bbox 795 2429 900 2459; x_wconf 84' lang='lat' dir='ltr'><strong>prona</strong></span> <span class='ocrx_word' id='word_1_291' title='bbox 923 2418 957 2450; x_wconf 88' lang='lat' dir='ltr'><strong>in</strong></span> 
     </span>
     <span class='ocr_line' id='line_1_45' title="bbox 259 2461 961 2505; baseline -0.004 -9"><span class='ocrx_word' id='word_1_292' title='bbox 259 2462 431 2505; x_wconf 77' lang='lat' dir='ltr'><strong>superiore</strong></span> <span class='ocrx_word' id='word_1_293' title='bbox 457 2468 489 2493; x_wconf 89' lang='lat' dir='ltr'><strong>et</strong></span> <span class='ocrx_word' id='word_1_294' title='bbox 515 2461 674 2492; x_wconf 79' lang='lat' dir='ltr'><strong>inferiore</strong></span> <span class='ocrx_word' id='word_1_295' title='bbox 695 2461 844 2493; x_wconf 85' lang='lat' dir='ltr'><strong>fluminis</strong></span> <span class='ocrx_word' id='word_1_296' title='bbox 866 2469 961 2503; x_wconf 85' lang='lat' dir='ltr'><strong>parte</strong></span> 
     </span>
     <span class='ocr_line' id='line_1_46' title="bbox 257 2505 963 2546; baseline -0.004 -6"><span class='ocrx_word' id='word_1_297' title='bbox 257 2508 378 2540; x_wconf 78' lang='lat' dir='ltr'><strong>defixa.</strong></span> <span class='ocrx_word' id='word_1_298' title='bbox 404 2507 453 2538; x_wconf 91' lang='lat' dir='ltr'><strong>M.</strong></span> <span class='ocrx_word' id='word_1_299' title='bbox 498 2505 597 2543; x_wconf 85' lang='lat' dir='ltr'><strong>Quod</strong></span> <span class='ocrx_word' id='word_1_300' title='bbox 642 2505 792 2546; x_wconf 81' lang='lat' dir='ltr'><strong>sequitur</strong></span> <span class='ocrx_word' id='word_1_301' title='bbox 828 2508 963 2546; x_wconf 73' lang='lat' dir='ltr'><strong>imuper</strong></span> 
     </span>
     <span class='ocr_line' id='line_1_47' title="bbox 258 2548 963 2591; baseline -0.001 -8"><span class='ocrx_word' id='word_1_302' title='bbox 258 2551 403 2584; x_wconf 77' lang='lat' dir='ltr'><strong>restituit</strong></span> <span class='ocrx_word' id='word_1_303' title='bbox 418 2549 508 2582; x_wconf 92' lang='lat' dir='ltr'><strong>Oud.</strong></span> <span class='ocrx_word' id='word_1_304' title='bbox 524 2560 543 2580; x_wconf 89' lang='lat' dir='ltr'><strong>e</strong></span> <span class='ocrx_word' id='word_1_305' title='bbox 559 2549 656 2580; x_wconf 87' lang='lat' dir='ltr'><strong>codd.</strong></span> <span class='ocrx_word' id='word_1_306' title='bbox 669 2548 747 2579; x_wconf 88' lang='lat' dir='ltr'><strong>dein</strong></span> <span class='ocrx_word' id='word_1_307' title='bbox 765 2550 963 2591; x_wconf 77' lang='lat' dir='ltr'><strong>bipedalibus</strong></span> 
     </span>
     <span class='ocr_line' id='line_1_48' title="bbox 259 2593 839 2635; baseline -0.009 -7"><span class='ocrx_word' id='word_1_308' title='bbox 259 2595 410 2635; x_wconf 73' lang='lat' dir='ltr'><strong>intellige</strong></span> <span class='ocrx_word' id='word_1_309' title='bbox 426 2593 659 2630; x_wconf 84' lang='lat' dir='ltr'><strong>crassitudine,</strong></span> <span class='ocrx_word' id='word_1_310' title='bbox 674 2598 711 2624; x_wconf 88' lang='lat' dir='ltr'><strong>ut</strong></span> <span class='ocrx_word' id='word_1_311' title='bbox 725 2603 839 2634; x_wconf 83' lang='lat' dir='ltr'><strong>supra.</strong></span> 
     </span>
    </p>

    <p class='ocr_par' dir='ltr' id='par_1_11' title="bbox 261 2636 966 2899">
     <span class='ocr_line' id='line_1_49' title="bbox 307 2636 964 2679; baseline -0.005 -8"><span class='ocrx_word' id='word_1_312' title='bbox 307 2640 484 2673; x_wconf 72' lang='lat' dir='ltr'><strong>Juncrura.</strong></span> <span class='ocrx_word' id='word_1_313' title='bbox 499 2637 645 2679; x_wconf 81' lang='lat' dir='ltr'><strong>spatium</strong></span> <span class='ocrx_word' id='word_1_314' title='bbox 660 2637 704 2668; x_wconf 84' lang='lat' dir='ltr'><strong>ab</strong></span> <span class='ocrx_word' id='word_1_315' title='bbox 719 2646 784 2667; x_wconf 87' lang='lat' dir='ltr'><strong>una</strong></span> <span class='ocrx_word' id='word_1_316' title='bbox 798 2636 886 2668; x_wconf 87' lang='lat' dir='ltr'><strong>serie</strong></span> <span class='ocrx_word' id='word_1_317' title='bbox 903 2637 964 2675; x_wconf 64' lang='lat' dir='ltr'><strong>tig-</strong></span> 
     </span>
     <span class='ocr_line' id='line_1_50' title="bbox 263 2680 964 2722; baseline 0 -9"><span class='ocrx_word' id='word_1_318' title='bbox 263 2693 380 2714; x_wconf 87' lang='lat' dir='ltr'><strong>norum</strong></span> <span class='ocrx_word' id='word_1_319' title='bbox 395 2683 436 2713; x_wconf 88' lang='lat' dir='ltr'><strong>ad</strong></span> <span class='ocrx_word' id='word_1_320' title='bbox 448 2682 601 2719; x_wconf 84' lang='lat' dir='ltr'><strong>alteram,</strong></span> <span class='ocrx_word' id='word_1_321' title='bbox 613 2681 702 2722; x_wconf 90' lang='lat' dir='ltr'><strong>quod</strong></span> <span class='ocrx_word' id='word_1_322' title='bbox 716 2680 862 2722; x_wconf 82' lang='lat' dir='ltr'><strong>spatium</strong></span> <span class='ocrx_word' id='word_1_323' title='bbox 876 2691 964 2713; x_wconf 91' lang='lat' dir='ltr'><strong>nunc</strong></span> 
     </span>
     <span class='ocr_line' id='line_1_51' title="bbox 261 2724 965 2765; baseline -0.004 -7"><span class='ocrx_word' id='word_1_324' title='bbox 261 2727 438 2763; x_wconf 57' lang='lat' dir='ltr'><strong>tegendum</strong></span> <span class='ocrx_word' id='word_1_325' title='bbox 451 2731 578 2762; x_wconf 81' lang='lat' dir='ltr'><strong>erat‚ut</strong></span> <span class='ocrx_word' id='word_1_326' title='bbox 591 2724 722 2756; x_wconf 82' lang='lat' dir='ltr'><strong>transiri</strong></span> <span class='ocrx_word' id='word_1_327' title='bbox 737 2731 865 2765; x_wconf 89' lang='lat' dir='ltr'><strong>posset:</strong></span> <span class='ocrx_word' id='word_1_328' title='bbox 888 2735 965 2756; x_wconf 83' lang='lat' dir='ltr'><strong>nam</strong></span> 
     </span>
     <span class='ocr_line' id='line_1_52' title="bbox 264 2768 966 2810; baseline -0.001 -10"><span class='ocrx_word' id='word_1_329' title='bbox 264 2770 329 2801; x_wconf 80' lang='lat' dir='ltr'><strong>hoc</strong></span> <span class='ocrx_word' id='word_1_330' title='bbox 350 2776 400 2801; x_wconf 88' lang='lat' dir='ltr'><strong>est</strong></span> <span class='ocrx_word' id='word_1_331' title='bbox 420 2770 559 2810; x_wconf 71' lang='lat' dir='ltr'><strong>jung-ere</strong></span> <span class='ocrx_word' id='word_1_332' title='bbox 575 2779 627 2800; x_wconf 86' lang='lat' dir='ltr'><strong>res</strong></span> <span class='ocrx_word' id='word_1_333' title='bbox 641 2769 809 2800; x_wconf 87' lang='lat' dir='ltr'><strong>distantes.</strong></span> <span class='ocrx_word' id='word_1_334' title='bbox 823 2768 966 2803; x_wconf 84' lang='lat' dir='ltr'><strong>efficere.</strong></span> 
     </span>
     <span class='ocr_line' id='line_1_53' title="bbox 262 2812 966 2845; baseline -0.001 -1"><span class='ocrx_word' id='word_1_335' title='bbox 262 2820 300 2844; x_wconf 84' lang='lat' dir='ltr'><strong>ut</strong></span> <span class='ocrx_word' id='word_1_336' title='bbox 322 2813 366 2844; x_wconf 88' lang='lat' dir='ltr'><strong>ab</strong></span> <span class='ocrx_word' id='word_1_337' title='bbox 389 2824 452 2845; x_wconf 85' lang='lat' dir='ltr'><strong>una</strong></span> <span class='ocrx_word' id='word_1_338' title='bbox 476 2814 516 2844; x_wconf 87' lang='lat' dir='ltr'><strong>ad</strong></span> <span class='ocrx_word' id='word_1_339' title='bbox 540 2812 642 2844; x_wconf 83' lang='lat' dir='ltr'><strong>aliam</strong></span> <span class='ocrx_word' id='word_1_340' title='bbox 669 2822 735 2844; x_wconf 89' lang='lat' dir='ltr'><strong>una</strong></span> <span class='ocrx_word' id='word_1_341' title='bbox 754 2812 840 2844; x_wconf 83' lang='lat' dir='ltr'><strong>serie</strong></span> <span class='ocrx_word' id='word_1_342' title='bbox 859 2812 966 2844; x_wconf 87' lang='lat' dir='ltr'><strong>veniri</strong></span> 
     </span>
     <span class='ocr_line' id='line_1_54' title="bbox 266 2856 800 2899; baseline -0.002 -11"><span class='ocrx_word' id='word_1_343' title='bbox 266 2856 385 2899; x_wconf 80' lang='lat' dir='ltr'><strong>possit,</strong></span> <span class='ocrx_word' id='word_1_344' title='bbox 398 2856 492 2897; x_wconf 82' lang='lat' dir='ltr'><strong>quasi</strong></span> <span class='ocrx_word' id='word_1_345' title='bbox 509 2857 725 2888; x_wconf 63' lang='lat' dir='ltr'><strong>cohaererent.</strong></span> <span class='ocrx_word' id='word_1_346' title='bbox 751 2857 800 2887; x_wconf 91' lang='lat' dir='ltr'><strong>M.</strong></span> 
     </span>
    </p>

    <p class='ocr_par' dir='ltr' id='par_1_12' title="bbox 264 2898 968 3027">
     <span class='ocr_line' id='line_1_55' title="bbox 318 2898 965 2940; baseline 0 -9"><span class='ocrx_word' id='word_1_347' title='bbox 318 2901 407 2931; x_wconf 74' lang='lat' dir='ltr'><strong>Binis</strong></span> <span class='ocrx_word' id='word_1_348' title='bbox 429 2901 552 2940; x_wconf 68' lang='lat' dir='ltr'><strong>fibulis,</strong></span> <span class='ocrx_word' id='word_1_349' title='bbox 588 2901 632 2932; x_wconf 83' lang='lat' dir='ltr'><strong>ita</strong></span> <span class='ocrx_word' id='word_1_350' title='bbox 667 2908 704 2931; x_wconf 85' lang='lat' dir='ltr'><strong>ut</strong></span> <span class='ocrx_word' id='word_1_351' title='bbox 733 2906 843 2932; x_wconf 80' lang='lat' dir='ltr'><strong>essent</strong></span> <span class='ocrx_word' id='word_1_352' title='bbox 875 2898 965 2931; x_wconf 82' lang='lat' dir='ltr'><strong>binae</strong></span> 
     </span>
     <span class='ocr_line' id='line_1_56' title="bbox 264 2942 968 2987; baseline -0.001 -12"><span class='ocrx_word' id='word_1_353' title='bbox 264 2942 380 2976; x_wconf 74' lang='lat' dir='ltr'><strong>fibulae</strong></span> <span class='ocrx_word' id='word_1_354' title='bbox 391 2956 418 2976; x_wconf 86' lang='lat' dir='ltr'><strong>s.</strong></span> <span class='ocrx_word' id='word_1_355' title='bbox 430 2944 574 2984; x_wconf 75' lang='lat' dir='ltr'><strong>copulae,</strong></span> <span class='ocrx_word' id='word_1_356' title='bbox 584 2945 818 2984; x_wconf 70' lang='lat' dir='ltr'><strong>(Klammern,</strong></span> <span class='ocrx_word' id='word_1_357' title='bbox 827 2945 968 2987; x_wconf 73' lang='lat' dir='ltr'><strong>desortes</strong></span> 
     </span>
     <span class='ocr_line' id='line_1_57' title="bbox 265 2987 786 3027; baseline -0.002 -6"><span class='ocrx_word' id='word_1_358' title='bbox 265 2988 436 3027; x_wconf 54' lang='lat' dir='ltr'><strong>chauces)</strong></span> <span class='ocrx_word' id='word_1_359' title='bbox 449 2987 537 3021; x_wconf 83' lang='lat' dir='ltr'><strong>clavi</strong></span> <span class='ocrx_word' id='word_1_360' title='bbox 553 2987 711 3023; x_wconf 82' lang='lat' dir='ltr'><strong>trabales.</strong></span> <span class='ocrx_word' id='word_1_361' title='bbox 734 2988 786 3023; x_wconf 80' lang='lat' dir='ltr'><strong>M.</strong></span> 
     </span>
    </p>
   </div>
   <div class='ocr_carea' id='block_1_4' title="bbox 1012 1231 1731 3022">
    <p class='ocr_par' dir='ltr' id='par_1_13' title="bbox 1012 1231 1718 1362">
     <span class='ocr_line' id='line_1_58' title="bbox 1059 1231 1717 1273; baseline 0 -9"><span class='ocrx_word' id='word_1_362' title='bbox 1059 1233 1324 1270; x_wconf 67' lang='lat' dir='ltr'><strong>Distinebantur,</strong></span> <span class='ocrx_word' id='word_1_363' title='bbox 1342 1231 1540 1273; x_wconf 83' lang='lat' dir='ltr'><strong>interpositu</strong></span> <span class='ocrx_word' id='word_1_364' title='bbox 1557 1232 1717 1264; x_wconf 83' lang='lat' dir='ltr'><strong>trabium.</strong></span> 
     </span>
     <span class='ocr_line' id='line_1_59' title="bbox 1012 1276 1718 1314; baseline 0 -6"><span class='ocrx_word' id='word_1_365' title='bbox 1012 1277 1140 1308; x_wconf 87' lang='lat' dir='ltr'><strong>Eodem</strong></span> <span class='ocrx_word' id='word_1_366' title='bbox 1172 1277 1273 1307; x_wconf 83' lang='lat' dir='ltr'><strong>modo</strong></span> <span class='ocrx_word' id='word_1_367' title='bbox 1310 1286 1390 1307; x_wconf 80' lang='lat' dir='ltr'><strong>mox</strong></span> <span class='ocrx_word' id='word_1_368' title='bbox 1428 1277 1586 1314; x_wconf 66' lang='lat' dir='ltr'><strong>disclusis,</strong></span> <span class='ocrx_word' id='word_1_369' title='bbox 1619 1276 1718 1308; x_wconf 87' lang='lat' dir='ltr'><strong>inter-</strong></span> 
     </span>
     <span class='ocr_line' id='line_1_60' title="bbox 1012 1320 1374 1362; baseline -0.006 -11"><span class='ocrx_word' id='word_1_370' title='bbox 1012 1320 1124 1362; x_wconf 83' lang='lat' dir='ltr'><strong>positu</strong></span> <span class='ocrx_word' id='word_1_371' title='bbox 1141 1320 1298 1351; x_wconf 87' lang='lat' dir='ltr'><strong>trabium.</strong></span> <span class='ocrx_word' id='word_1_372' title='bbox 1324 1320 1374 1350; x_wconf 89' lang='lat' dir='ltr'><strong>M.</strong></span> 
     </span>
    </p>

    <p class='ocr_par' dir='ltr' id='par_1_14' title="bbox 1013 1362 1719 1439">
     <span class='ocr_line' id='line_1_61' title="bbox 1060 1362 1719 1406; baseline 0.002 -11"><span class='ocrx_word' id='word_1_373' title='bbox 1060 1366 1235 1395; x_wconf 61' lang='lat' dir='ltr'><strong>Rev-incus.</strong></span> <span class='ocrx_word' id='word_1_374' title='bbox 1260 1362 1390 1394; x_wconf 79' lang='lat' dir='ltr'><strong>Additis</strong></span> <span class='ocrx_word' id='word_1_375' title='bbox 1404 1362 1571 1405; x_wconf 85' lang='lat' dir='ltr'><strong>utrimque</strong></span> <span class='ocrx_word' id='word_1_376' title='bbox 1585 1362 1719 1406; x_wconf 79' lang='lat' dir='ltr'><strong>copulis</strong></span> 
     </span>
     <span class='ocr_line' id='line_1_62' title="bbox 1013 1407 1259 1439; baseline 0 -1"><span class='ocrx_word' id='word_1_377' title='bbox 1013 1419 1040 1438; x_wconf 87' lang='lat' dir='ltr'><strong>s.</strong></span> <span class='ocrx_word' id='word_1_378' title='bbox 1057 1408 1184 1439; x_wconf 84' lang='lat' dir='ltr'><strong>fibulis.</strong></span> <span class='ocrx_word' id='word_1_379' title='bbox 1209 1407 1259 1438; x_wconf 87' lang='lat' dir='ltr'><strong>M.</strong></span> 
     </span>
    </p>

    <p class='ocr_par' dir='ltr' id='par_1_15' title="bbox 1060 1451 1556 1492">
     <span class='ocr_line' id='line_1_63' title="bbox 1060 1451 1556 1492; baseline -0.002 -9"><span class='ocrx_word' id='word_1_380' title='bbox 1060 1452 1154 1489; x_wconf 80' lang='lat' dir='ltr'><strong>Hoec,</strong></span> <span class='ocrx_word' id='word_1_381' title='bbox 1178 1451 1243 1482; x_wconf 89' lang='lat' dir='ltr'><strong>hoc</strong></span> <span class='ocrx_word' id='word_1_382' title='bbox 1258 1456 1364 1482; x_wconf 83' lang='lat' dir='ltr'><strong>totum</strong></span> <span class='ocrx_word' id='word_1_383' title='bbox 1381 1461 1481 1492; x_wconf 89' lang='lat' dir='ltr'><strong>opus.</strong></span> <span class='ocrx_word' id='word_1_384' title='bbox 1507 1452 1556 1482; x_wconf 90' lang='lat' dir='ltr'><strong>M.</strong></span> 
     </span>
    </p>

    <p class='ocr_par' dir='ltr' id='par_1_16' title="bbox 1012 1495 1721 1790">
     <span class='ocr_line' id='line_1_64' title="bbox 1061 1495 1721 1536; baseline 0.003 -10"><span class='ocrx_word' id='word_1_385' title='bbox 1061 1497 1198 1527; x_wconf 68' lang='lat' dir='ltr'><strong>Derecto</strong></span> <span class='ocrx_word' id='word_1_386' title='bbox 1216 1497 1271 1533; x_wconf 90' lang='lat' dir='ltr'><strong>(an</strong></span> <span class='ocrx_word' id='word_1_387' title='bbox 1292 1495 1415 1536; x_wconf 77' lang='lat' dir='ltr'><strong>potius,</strong></span> <span class='ocrx_word' id='word_1_388' title='bbox 1429 1496 1574 1526; x_wconf 71' lang='lat' dir='ltr'><strong>directa?</strong></span> <span class='ocrx_word' id='word_1_389' title='bbox 1590 1496 1721 1536; x_wconf 86' lang='lat' dir='ltr'><strong>v.1nd.)</strong></span> 
     </span>
     <span class='ocr_line' id='line_1_65' title="bbox 1012 1539 1720 1581; baseline 0.001 -11"><span class='ocrx_word' id='word_1_390' title='bbox 1012 1542 1150 1571; x_wconf 67' lang='lat' dir='ltr'><strong>materie</strong></span> <span class='ocrx_word' id='word_1_391' title='bbox 1158 1542 1290 1578; x_wconf 73' lang='lat' dir='ltr'><strong>injecta.</strong></span> <span class='ocrx_word' id='word_1_392' title='bbox 1307 1539 1461 1570; x_wconf 85' lang='lat' dir='ltr'><strong>materies</strong></span> <span class='ocrx_word' id='word_1_393' title='bbox 1470 1539 1589 1581; x_wconf 73' lang='lat' dir='ltr'><strong>(ligna,</strong></span> <span class='ocrx_word' id='word_1_394' title='bbox 1599 1546 1720 1580; x_wconf 76' lang='lat' dir='ltr'><strong>crates,</strong></span> 
     </span>
     <span class='ocr_line' id='line_1_66' title="bbox 1012 1582 1720 1625; baseline 0.001 -11"><span class='ocrx_word' id='word_1_395' title='bbox 1012 1590 1045 1614; x_wconf 85' lang='lat' dir='ltr'><strong>et</strong></span> <span class='ocrx_word' id='word_1_396' title='bbox 1057 1583 1222 1624; x_wconf 81' lang='lat' dir='ltr'><strong>quidquid</strong></span> <span class='ocrx_word' id='word_1_397' title='bbox 1239 1582 1377 1614; x_wconf 87' lang='lat' dir='ltr'><strong>inseruit</strong></span> <span class='ocrx_word' id='word_1_398' title='bbox 1390 1583 1493 1614; x_wconf 89' lang='lat' dir='ltr'><strong>veluti</strong></span> <span class='ocrx_word' id='word_1_399' title='bbox 1505 1584 1579 1615; x_wconf 89' lang='lat' dir='ltr'><strong>solo</strong></span> <span class='ocrx_word' id='word_1_400' title='bbox 1593 1583 1720 1625; x_wconf 80' lang='lat' dir='ltr'><strong>pontis,</strong></span> 
     </span>
     <span class='ocr_line' id='line_1_67' title="bbox 1015 1626 1719 1668; baseline 0.003 -11"><span class='ocrx_word' id='word_1_401' title='bbox 1015 1637 1074 1668; x_wconf 83' lang='lat' dir='ltr'><strong>per</strong></span> <span class='ocrx_word' id='word_1_402' title='bbox 1099 1628 1190 1668; x_wconf 84' lang='lat' dir='ltr'><strong>quod</strong></span> <span class='ocrx_word' id='word_1_403' title='bbox 1219 1626 1399 1665; x_wconf 85' lang='lat' dir='ltr'><strong>inceditur)</strong></span> <span class='ocrx_word' id='word_1_404' title='bbox 1429 1626 1578 1668; x_wconf 89' lang='lat' dir='ltr'><strong>injicitur</strong></span> <span class='ocrx_word' id='word_1_405' title='bbox 1601 1629 1719 1660; x_wconf 79' lang='lat' dir='ltr'><strong>eadem</strong></span> 
     </span>
     <span class='ocr_line' id='line_1_68' title="bbox 1012 1670 1719 1711; baseline 0.001 -10"><span class='ocrx_word' id='word_1_406' title='bbox 1012 1671 1197 1701; x_wconf 72' lang='lat' dir='ltr'><strong>directione</strong></span> <span class='ocrx_word' id='word_1_407' title='bbox 1211 1681 1277 1711; x_wconf 87' lang='lat' dir='ltr'><strong>qua</strong></span> <span class='ocrx_word' id='word_1_408' title='bbox 1293 1670 1548 1708; x_wconf 69' lang='lat' dir='ltr'><strong>longitudinem.</strong></span> <span class='ocrx_word' id='word_1_409' title='bbox 1563 1671 1612 1702; x_wconf 83' lang='lat' dir='ltr'><strong>M.</strong></span> <span class='ocrx_word' id='word_1_410' title='bbox 1637 1671 1719 1702; x_wconf 90' lang='lat' dir='ltr'><strong>Om-</strong></span> 
     </span>
     <span class='ocr_line' id='line_1_69' title="bbox 1014 1714 1720 1747; baseline 0.003 -2"><span class='ocrx_word' id='word_1_411' title='bbox 1014 1714 1095 1745; x_wconf 88' lang='lat' dir='ltr'><strong>nino</strong></span> <span class='ocrx_word' id='word_1_412' title='bbox 1122 1715 1250 1746; x_wconf 77' lang='lat' dir='ltr'><strong>derecta</strong></span> <span class='ocrx_word' id='word_1_413' title='bbox 1272 1721 1304 1745; x_wconf 84' lang='lat' dir='ltr'><strong>et</strong></span> <span class='ocrx_word' id='word_1_414' title='bbox 1329 1717 1465 1746; x_wconf 74' lang='lat' dir='ltr'><strong>materie</strong></span> <span class='ocrx_word' id='word_1_415' title='bbox 1479 1714 1573 1746; x_wconf 81' lang='lat' dir='ltr'><strong>dedit</strong></span> <span class='ocrx_word' id='word_1_416' title='bbox 1595 1715 1684 1747; x_wconf 88' lang='lat' dir='ltr'><strong>Oud.</strong></span> <span class='ocrx_word' id='word_1_417' title='bbox 1700 1726 1720 1747; x_wconf 83' lang='lat' dir='ltr'><strong>e</strong></span> 
     </span>
     <span class='ocr_line' id='line_1_70' title="bbox 1014 1758 1484 1790; baseline 0 -1"><span class='ocrx_word' id='word_1_418' title='bbox 1014 1759 1112 1789; x_wconf 90' lang='lat' dir='ltr'><strong>codd.</strong></span> <span class='ocrx_word' id='word_1_419' title='bbox 1128 1758 1188 1790; x_wconf 85' lang='lat' dir='ltr'><strong>alii</strong></span> <span class='ocrx_word' id='word_1_420' title='bbox 1206 1758 1331 1789; x_wconf 83' lang='lat' dir='ltr'><strong>malunt</strong></span> <span class='ocrx_word' id='word_1_421' title='bbox 1347 1759 1484 1790; x_wconf 74' lang='lat' dir='ltr'><strong>directa.</strong></span> 
     </span>
    </p>

    <p class='ocr_par' dir='ltr' id='par_1_17' title="bbox 1013 1801 1724 2194">
     <span class='ocr_line' id='line_1_71' title="bbox 1065 1801 1721 1843; baseline 0.002 -10"><span class='ocrx_word' id='word_1_422' title='bbox 1065 1803 1114 1833; x_wconf 76' lang='lat' dir='ltr'><strong>Ad</strong></span> <span class='ocrx_word' id='word_1_423' title='bbox 1134 1802 1194 1842; x_wconf 74' lang='lat' dir='ltr'><strong>inf.</strong></span> <span class='ocrx_word' id='word_1_424' title='bbox 1210 1803 1515 1843; x_wconf 29' lang='lat' dir='ltr'><strong>partem-fluminis.</strong></span> <span class='ocrx_word' id='word_1_425' title='bbox 1547 1802 1626 1833; x_wconf 78' lang='lat' dir='ltr'><strong>Joh.</strong></span> <span class='ocrx_word' id='word_1_426' title='bbox 1643 1801 1721 1834; x_wconf 83' lang='lat' dir='ltr'><strong>Cle-</strong></span> 
     </span>
     <span class='ocr_line' id='line_1_72' title="bbox 1016 1845 1722 1884; baseline 0.003 -8"><span class='ocrx_word' id='word_1_427' title='bbox 1016 1845 1106 1877; x_wconf 87' lang='lat' dir='ltr'><strong>ricus</strong></span> <span class='ocrx_word' id='word_1_428' title='bbox 1132 1848 1202 1877; x_wconf 79' lang='lat' dir='ltr'><strong>Art.</strong></span> <span class='ocrx_word' id='word_1_429' title='bbox 1225 1846 1308 1876; x_wconf 78' lang='lat' dir='ltr'><strong>Crit.</strong></span> <span class='ocrx_word' id='word_1_430' title='bbox 1335 1846 1374 1876; x_wconf 89' lang='lat' dir='ltr'><strong>P.</strong></span> <span class='ocrx_word' id='word_1_431' title='bbox 1397 1847 1425 1875; x_wconf 85' lang='grc'><strong>3.</strong></span> <span class='ocrx_word' id='word_1_432' title='bbox 1454 1846 1486 1876; x_wconf 82' lang='lat' dir='ltr'><strong>S.</strong></span> <span class='ocrx_word' id='word_1_433' title='bbox 1515 1848 1542 1877; x_wconf 89' lang='lat' dir='ltr'><strong>l.</strong></span> <span class='ocrx_word' id='word_1_434' title='bbox 1568 1849 1647 1884; x_wconf 82' lang='lat' dir='ltr'><strong>c.6,</strong></span> <span class='ocrx_word' id='word_1_435' title='bbox 1667 1849 1722 1879; x_wconf 79' lang='lat'><strong>21.</strong></span> 
     </span>
     <span class='ocr_line' id='line_1_73' title="bbox 1016 1889 1723 1931; baseline 0.003 -11"><span class='ocrx_word' id='word_1_436' title='bbox 1016 1889 1097 1929; x_wconf 76' lang='lat' dir='ltr'><strong>legit</strong></span> <span class='ocrx_word' id='word_1_437' title='bbox 1117 1891 1274 1930; x_wconf 78' lang='lat' dir='ltr'><strong>flumini.</strong></span> <span class='ocrx_word' id='word_1_438' title='bbox 1309 1889 1467 1929; x_wconf 68' lang='lat' dir='ltr'><strong>intelligit</strong></span> <span class='ocrx_word' id='word_1_439' title='bbox 1506 1891 1633 1931; x_wconf 81' lang='lat' dir='ltr'><strong>quippe</strong></span> <span class='ocrx_word' id='word_1_440' title='bbox 1663 1891 1723 1931; x_wconf 61' lang='lat' dir='ltr'><strong>ins.</strong></span> 
     </span>
     <span class='ocr_line' id='line_1_74' title="bbox 1013 1934 1722 1975; baseline 0.003 -11"><span class='ocrx_word' id='word_1_441' title='bbox 1013 1939 1144 1974; x_wconf 74' lang='lat' dir='ltr'><strong>partem</strong></span> <span class='ocrx_word' id='word_1_442' title='bbox 1157 1936 1273 1975; x_wconf 75' lang='lat' dir='ltr'><strong>pomis.</strong></span> <span class='ocrx_word' id='word_1_443' title='bbox 1316 1934 1438 1964; x_wconf 72' lang='lat' dir='ltr'><strong>verum</strong></span> <span class='ocrx_word' id='word_1_444' title='bbox 1456 1934 1594 1965; x_wconf 81' lang='lat' dir='ltr'><strong>sublicae</strong></span> <span class='ocrx_word' id='word_1_445' title='bbox 1613 1935 1663 1966; x_wconf 75' lang='lat' dir='ltr'><strong>ha·</strong></span> <span class='ocrx_word' id='word_1_446' title='bbox 1679 1936 1722 1966; x_wconf 81' lang='lat' dir='ltr'><strong>ad</strong></span> 
     </span>
     <span class='ocr_line' id='line_1_75' title="bbox 1018 1977 1724 2018; baseline 0.003 -10"><span class='ocrx_word' id='word_1_447' title='bbox 1018 1977 1077 2008; x_wconf 82' lang='lat' dir='ltr'><strong>inf.</strong></span> <span class='ocrx_word' id='word_1_448' title='bbox 1088 1984 1212 2018; x_wconf 85' lang='lat' dir='ltr'><strong>partem</strong></span> <span class='ocrx_word' id='word_1_449' title='bbox 1226 1977 1374 2008; x_wconf 85' lang='lat' dir='ltr'><strong>fluminis</strong></span> <span class='ocrx_word' id='word_1_450' title='bbox 1384 1985 1600 2018; x_wconf 85' lang='lat' dir='ltr'><strong>opponuntur</strong></span> <span class='ocrx_word' id='word_1_451' title='bbox 1610 1977 1724 2010; x_wconf 85' lang='lat' dir='ltr'><strong>alteris</strong></span> 
     </span>
     <span class='ocr_line' id='line_1_76' title="bbox 1018 2021 1723 2064; baseline 0.003 -12"><span class='ocrx_word' id='word_1_452' title='bbox 1018 2021 1088 2052; x_wconf 89' lang='lat' dir='ltr'><strong>illis</strong></span> <span class='ocrx_word' id='word_1_453' title='bbox 1106 2032 1183 2052; x_wconf 80' lang='lat' dir='ltr'><strong>mox</strong></span> <span class='ocrx_word' id='word_1_454' title='bbox 1200 2032 1297 2061; x_wconf 82' lang='lat' dir='ltr'><strong>supra</strong></span> <span class='ocrx_word' id='word_1_455' title='bbox 1314 2028 1450 2063; x_wconf 82' lang='lat' dir='ltr'><strong>pontem</strong></span> <span class='ocrx_word' id='word_1_456' title='bbox 1470 2021 1510 2057; x_wconf 90' lang='lat' dir='ltr'><strong>(i.</strong></span> <span class='ocrx_word' id='word_1_457' title='bbox 1523 2032 1555 2053; x_wconf 88' lang='lat' dir='ltr'><strong>e.</strong></span> <span class='ocrx_word' id='word_1_458' title='bbox 1572 2022 1605 2053; x_wconf 90' lang='lat' dir='ltr'><strong>in</strong></span> <span class='ocrx_word' id='word_1_459' title='bbox 1622 2033 1723 2064; x_wconf 82' lang='lat' dir='ltr'><strong>supe-</strong></span> 
     </span>
     <span class='ocr_line' id='line_1_77' title="bbox 1019 2065 1724 2106; baseline 0.003 -10"><span class='ocrx_word' id='word_1_460' title='bbox 1019 2065 1108 2096; x_wconf 87' lang='lat' dir='ltr'><strong>riore</strong></span> <span class='ocrx_word' id='word_1_461' title='bbox 1127 2072 1218 2106; x_wconf 87' lang='lat' dir='ltr'><strong>parte</strong></span> <span class='ocrx_word' id='word_1_462' title='bbox 1236 2065 1398 2101; x_wconf 85' lang='lat' dir='ltr'><strong>fluminis)</strong></span> <span class='ocrx_word' id='word_1_463' title='bbox 1412 2065 1552 2097; x_wconf 77' lang='lat' dir='ltr'><strong>adactis.</strong></span> <span class='ocrx_word' id='word_1_464' title='bbox 1599 2067 1672 2098; x_wconf 77' lang='lat' dir='ltr'><strong>noc</strong></span> <span class='ocrx_word' id='word_1_465' title='bbox 1690 2072 1724 2098; x_wconf 87' lang='lat' dir='ltr'><strong>et</strong></span> 
     </span>
     <span class='ocr_line' id='line_1_78' title="bbox 1020 2109 1724 2152; baseline 0.003 -12"><span class='ocrx_word' id='word_1_466' title='bbox 1020 2109 1158 2150; x_wconf 85' lang='lat' dir='ltr'><strong>Lipsius</strong></span> <span class='ocrx_word' id='word_1_467' title='bbox 1172 2110 1219 2141; x_wconf 85' lang='lat' dir='ltr'><strong>sic</strong></span> <span class='ocrx_word' id='word_1_468' title='bbox 1234 2109 1423 2151; x_wconf 72' lang='lat' dir='ltr'><strong>adgnoscit.</strong></span> <span class='ocrx_word' id='word_1_469' title='bbox 1460 2109 1539 2141; x_wconf 81' lang='lat' dir='ltr'><strong>Noli</strong></span> <span class='ocrx_word' id='word_1_470' title='bbox 1554 2121 1634 2152; x_wconf 85' lang='lat' dir='ltr'><strong>ergo</strong></span> <span class='ocrx_word' id='word_1_471' title='bbox 1647 2121 1724 2142; x_wconf 87' lang='lat' dir='ltr'><strong>cum</strong></span> 
     </span>
     <span class='ocr_line' id='line_1_79' title="bbox 1021 2153 1657 2194; baseline 0.005 -11"><span class='ocrx_word' id='word_1_472' title='bbox 1021 2153 1237 2185; x_wconf 73' lang='lat' dir='ltr'><strong>llotomanno</strong></span> <span class='ocrx_word' id='word_1_473' title='bbox 1255 2162 1383 2185; x_wconf 76' lang='lat' dir='ltr'><strong>mutare</strong></span> <span class='ocrx_word' id='word_1_474' title='bbox 1400 2153 1432 2185; x_wconf 90' lang='lat' dir='ltr'><strong>in</strong></span> <span class='ocrx_word' id='word_1_475' title='bbox 1446 2157 1657 2194; x_wconf 61' lang='lat' dir='ltr'><strong>mppr-iorem.</strong></span> 
     </span>
    </p>

    <p class='ocr_par' dir='ltr' id='par_1_18' title="bbox 1021 2197 1731 2943">
     <span class='ocr_line' id='line_1_80' title="bbox 1068 2197 1724 2240; baseline 0.003 -12"><span class='ocrx_word' id='word_1_476' title='bbox 1068 2198 1200 2239; x_wconf 76' lang='lat' dir='ltr'><strong>Oblique</strong></span> <span class='ocrx_word' id='word_1_477' title='bbox 1234 2199 1430 2240; x_wconf 75' lang='lat' dir='ltr'><strong>ayebantur,</strong></span> <span class='ocrx_word' id='word_1_478' title='bbox 1465 2197 1724 2231; x_wconf 81' lang='lat' dir='ltr'><strong>inclinabantur.</strong></span> 
     </span>
     <span class='ocr_line' id='line_1_81' title="bbox 1069 2285 1727 2327; baseline 0 -9"><span class='ocrx_word' id='word_1_479' title='bbox 1069 2287 1136 2318; x_wconf 76' lang='lat' dir='ltr'><strong>Pro</strong></span> <span class='ocrx_word' id='word_1_480' title='bbox 1159 2289 1282 2327; x_wconf 70' lang='lat' dir='ltr'><strong>pariete</strong></span> <span class='ocrx_word' id='word_1_481' title='bbox 1308 2286 1470 2326; x_wconf 63' lang='lat' dir='ltr'><strong>subiectae.</strong></span> <span class='ocrx_word' id='word_1_482' title='bbox 1517 2285 1624 2317; x_wconf 86' lang='lat' dir='ltr'><strong>Paulo</strong></span> <span class='ocrx_word' id='word_1_483' title='bbox 1650 2291 1727 2327; x_wconf 82' lang='lat' dir='ltr'><strong>post</strong></span> 
     </span>
     <span class='ocr_line' id='line_1_82' title="bbox 1023 2329 1727 2371; baseline 0.003 -11"><span class='ocrx_word' id='word_1_484' title='bbox 1023 2330 1107 2361; x_wconf 77' lang='lat' dir='ltr'><strong>tales</strong></span> <span class='ocrx_word' id='word_1_485' title='bbox 1123 2330 1234 2362; x_wconf 82' lang='lat' dir='ltr'><strong>trabes</strong></span> <span class='ocrx_word' id='word_1_486' title='bbox 1247 2330 1395 2371; x_wconf 85' lang='lat' dir='ltr'><strong>adpellat</strong></span> <span class='ocrx_word' id='word_1_487' title='bbox 1410 2329 1599 2370; x_wconf 57' lang='lat' dir='ltr'><strong>absentares.</strong></span> <span class='ocrx_word' id='word_1_488' title='bbox 1645 2331 1727 2362; x_wconf 89' lang='lat' dir='ltr'><strong>Sunt</strong></span> 
     </span>
     <span class='ocr_line' id='line_1_83' title="bbox 1021 2373 1727 2416; baseline 0.001 -11"><span class='ocrx_word' id='word_1_489' title='bbox 1021 2374 1125 2405; x_wconf 83' lang='lat' dir='ltr'><strong>veluti</strong></span> <span class='ocrx_word' id='word_1_490' title='bbox 1140 2385 1254 2405; x_wconf 90' lang='lat' dir='ltr'><strong>murus</strong></span> <span class='ocrx_word' id='word_1_491' title='bbox 1267 2379 1325 2405; x_wconf 88' lang='lat' dir='ltr'><strong>aut</strong></span> <span class='ocrx_word' id='word_1_492' title='bbox 1339 2383 1451 2414; x_wconf 72' lang='lat' dir='ltr'><strong>agger.</strong></span> <span class='ocrx_word' id='word_1_493' title='bbox 1495 2373 1606 2404; x_wconf 82' lang='lat' dir='ltr'><strong>Tanto</strong></span> <span class='ocrx_word' id='word_1_494' title='bbox 1619 2374 1727 2416; x_wconf 77' lang='lat' dir='ltr'><strong>magis</strong></span> 
     </span>
     <span class='ocr_line' id='line_1_84' title="bbox 1025 2416 1726 2459; baseline 0.001 -11"><span class='ocrx_word' id='word_1_495' title='bbox 1025 2418 1147 2459; x_wconf 78' lang='lat' dir='ltr'><strong>probo.</strong></span> <span class='ocrx_word' id='word_1_496' title='bbox 1163 2419 1254 2459; x_wconf 86' lang='lat' dir='ltr'><strong>quod</strong></span> <span class='ocrx_word' id='word_1_497' title='bbox 1271 2418 1360 2448; x_wconf 89' lang='lat' dir='ltr'><strong>Oud.</strong></span> <span class='ocrx_word' id='word_1_498' title='bbox 1378 2428 1396 2447; x_wconf 91' lang='lat' dir='ltr'><strong>e</strong></span> <span class='ocrx_word' id='word_1_499' title='bbox 1409 2416 1612 2458; x_wconf 84' lang='lat' dir='ltr'><strong>quibusdam</strong></span> <span class='ocrx_word' id='word_1_500' title='bbox 1628 2418 1726 2449; x_wconf 88' lang='lat' dir='ltr'><strong>codd.</strong></span> 
     </span>
     <span class='ocr_line' id='line_1_85' title="bbox 1023 2461 1728 2503; baseline 0 -10"><span class='ocrx_word' id='word_1_501' title='bbox 1023 2462 1151 2503; x_wconf 88' lang='lat' dir='ltr'><strong>recepit</strong></span> <span class='ocrx_word' id='word_1_502' title='bbox 1168 2465 1303 2500; x_wconf 72' lang='lat' dir='ltr'><strong>pariete,</strong></span> <span class='ocrx_word' id='word_1_503' title='bbox 1316 2471 1392 2492; x_wconf 90' lang='lat' dir='ltr'><strong>cum</strong></span> <span class='ocrx_word' id='word_1_504' title='bbox 1407 2461 1507 2502; x_wconf 74' lang='lat' dir='ltr'><strong>vulgo</strong></span> <span class='ocrx_word' id='word_1_505' title='bbox 1523 2464 1623 2493; x_wconf 69' lang='lat' dir='ltr'><strong>arim</strong></span> <span class='ocrx_word' id='word_1_506' title='bbox 1635 2462 1728 2503; x_wconf 85' lang='lat' dir='ltr'><strong>lege·</strong></span> 
     </span>
     <span class='ocr_line' id='line_1_86' title="bbox 1025 2504 1727 2539; baseline 0 -2"><span class='ocrx_word' id='word_1_507' title='bbox 1025 2512 1128 2539; x_wconf 83' lang='lat' dir='ltr'><strong>retur.</strong></span> <span class='ocrx_word' id='word_1_508' title='bbox 1155 2505 1324 2537; x_wconf 66' lang='lat' dir='ltr'><strong>Plutarch.</strong></span> <span class='ocrx_word' id='word_1_509' title='bbox 1351 2504 1382 2535; x_wconf 86' lang='lat' dir='ltr'><strong>in</strong></span> <span class='ocrx_word' id='word_1_510' title='bbox 1406 2506 1490 2536; x_wconf 78' lang='lat' dir='ltr'><strong>Caes.</strong></span> <span class='ocrx_word' id='word_1_511' title='bbox 1513 2516 1544 2536; x_wconf 88' lang='lat' dir='ltr'><strong>c.</strong></span> <span class='ocrx_word' id='word_1_512' title='bbox 1566 2508 1621 2536; x_wconf 70' lang='lat'><strong>22.</strong></span> <span class='ocrx_word' id='word_1_513' title='bbox 1644 2506 1727 2537; x_wconf 82' lang='lat' dir='ltr'><strong>dicit</strong></span> 
     </span>
     <span class='ocr_line' id='line_1_87' title="bbox 1027 2548 1731 2593; baseline 0.003 -14"><span class='ocrx_word' id='word_1_514' title='bbox 1027 2549 1182 2593; x_wconf 61' lang='grc' dir='ltr'><strong>προβόλους</strong></span> <span class='ocrx_word' id='word_1_515' title='bbox 1213 2550 1303 2588; x_wconf 68' lang='grc' dir='ltr'>ξύλων</span> <span class='ocrx_word' id='word_1_516' title='bbox 1329 2550 1483 2589; x_wconf 64' lang='grc' dir='ltr'><strong>μεγάλων.</strong></span> <span class='ocrx_word' id='word_1_517' title='bbox 1512 2550 1561 2580; x_wconf 82' lang='grc' dir='ltr'><strong>Μ.</strong></span> <span class='ocrx_word' id='word_1_518' title='bbox 1604 2548 1731 2582; x_wconf 74' lang='lat' dir='ltr'><strong>Contra</strong></span> 
     </span>
     <span class='ocr_line' id='line_1_88' title="bbox 1026 2591 1730 2636; baseline -0.003 -11"><span class='ocrx_word' id='word_1_519' title='bbox 1026 2593 1163 2625; x_wconf 71' lang='lat' dir='ltr'><strong>Graecus</strong></span> <span class='ocrx_word' id='word_1_520' title='bbox 1198 2593 1361 2634; x_wconf 76' lang='lat' dir='ltr'><strong>metaphr.</strong></span> <span class='ocrx_word' id='word_1_521' title='bbox 1394 2592 1496 2624; x_wconf 79' lang='lat' dir='ltr'><strong>habet</strong></span> <span class='ocrx_word' id='word_1_522' title='bbox 1534 2591 1612 2625; x_wconf 68' lang='lat'><strong>351⁸:-</strong></span> <span class='ocrx_word' id='word_1_523' title='bbox 1642 2593 1730 2636; x_wconf 66' lang='grc' dir='ltr'><strong>ιςισῧ,</strong></span> 
     </span>
     <span class='ocr_line' id='line_1_89' title="bbox 1026 2636 1729 2676; baseline 0 -8"><span class='ocrx_word' id='word_1_524' title='bbox 1026 2648 1118 2668; x_wconf 80' lang='lat' dir='ltr'><strong>more</strong></span> <span class='ocrx_word' id='word_1_525' title='bbox 1132 2639 1253 2676; x_wconf 71' lang='lat' dir='ltr'><strong>arietis,</strong></span> <span class='ocrx_word' id='word_1_526' title='bbox 1267 2644 1301 2668; x_wconf 90' lang='lat' dir='ltr'><strong>et</strong></span> <span class='ocrx_word' id='word_1_527' title='bbox 1315 2636 1492 2668; x_wconf 82' lang='lat' dir='ltr'><strong>Turnebus</strong></span> <span class='ocrx_word' id='word_1_528' title='bbox 1506 2637 1590 2668; x_wconf 77' lang='lat' dir='ltr'><strong>Adv.</strong></span> <span class='ocrx_word' id='word_1_529' title='bbox 1605 2640 1658 2674; x_wconf 80' lang='lat'><strong>24,</strong></span> <span class='ocrx_word' id='word_1_530' title='bbox 1675 2639 1729 2668; x_wconf 73' lang='grc'><strong>30.</strong></span> 
     </span>
     <span class='ocr_line' id='line_1_90' title="bbox 1025 2680 1730 2723; baseline 0 -12"><span class='ocrx_word' id='word_1_531' title='bbox 1025 2692 1087 2723; x_wconf 82' lang='lat' dir='ltr'><strong>pro</strong></span> <span class='ocrx_word' id='word_1_532' title='bbox 1104 2683 1204 2713; x_wconf 75' lang='lat' dir='ltr'><strong>ariete</strong></span> <span class='ocrx_word' id='word_1_533' title='bbox 1219 2681 1356 2722; x_wconf 79' lang='lat' dir='ltr'><strong>exponit</strong></span> <span class='ocrx_word' id='word_1_534' title='bbox 1381 2691 1444 2722; x_wconf 91' lang='lat' dir='ltr'><strong>pro</strong></span> <span class='ocrx_word' id='word_1_535' title='bbox 1465 2680 1658 2711; x_wconf 81' lang='lat' dir='ltr'><strong>defensione</strong></span> <span class='ocrx_word' id='word_1_536' title='bbox 1672 2686 1730 2711; x_wconf 80' lang='lat' dir='ltr'><strong>aut</strong></span> 
     </span>
     <span class='ocr_line' id='line_1_91' title="bbox 1029 2723 1730 2766; baseline -0.001 -10"><span class='ocrx_word' id='word_1_537' title='bbox 1029 2725 1248 2756; x_wconf 87' lang='lat' dir='ltr'><strong>munimento.</strong></span> <span class='ocrx_word' id='word_1_538' title='bbox 1295 2724 1432 2766; x_wconf 79' lang='lat' dir='ltr'><strong>Lipsius</strong></span> <span class='ocrx_word' id='word_1_539' title='bbox 1459 2723 1529 2762; x_wconf 79' lang='lat' dir='ltr'><strong>liic,</strong></span> <span class='ocrx_word' id='word_1_540' title='bbox 1556 2733 1615 2754; x_wconf 86' lang='lat' dir='ltr'><strong>nec</strong></span> <span class='ocrx_word' id='word_1_541' title='bbox 1642 2727 1730 2755; x_wconf 74' lang='lat' dir='ltr'><strong>aries</strong></span> 
     </span>
     <span class='ocr_line' id='line_1_92' title="bbox 1030 2767 1729 2810; baseline -0.003 -9"><span class='ocrx_word' id='word_1_542' title='bbox 1030 2779 1091 2800; x_wconf 79' lang='lat' dir='ltr'><strong>nec</strong></span> <span class='ocrx_word' id='word_1_543' title='bbox 1118 2772 1227 2810; x_wconf 72' lang='lat' dir='ltr'><strong>paries</strong></span> <span class='ocrx_word' id='word_1_544' title='bbox 1247 2768 1328 2810; x_wconf 88' lang='lat' dir='ltr'><strong>quid</strong></span> <span class='ocrx_word' id='word_1_545' title='bbox 1354 2768 1420 2799; x_wconf 85' lang='lat' dir='ltr'><strong>sibi</strong></span> <span class='ocrx_word' id='word_1_546' title='bbox 1437 2767 1531 2804; x_wconf 80' lang='lat' dir='ltr'><strong>velit,</strong></span> <span class='ocrx_word' id='word_1_547' title='bbox 1551 2778 1585 2798; x_wconf 90' lang='lat' dir='ltr'><strong>se</strong></span> <span class='ocrx_word' id='word_1_548' title='bbox 1607 2777 1729 2808; x_wconf 81' lang='lat' dir='ltr'><strong>capere</strong></span> 
     </span>
     <span class='ocr_line' id='line_1_93' title="bbox 1030 2812 1730 2854; baseline 0 -11"><span class='ocrx_word' id='word_1_549' title='bbox 1030 2812 1215 2854; x_wconf 78' lang='lat' dir='ltr'><strong>profitetur,</strong></span> <span class='ocrx_word' id='word_1_550' title='bbox 1230 2823 1291 2844; x_wconf 88' lang='lat' dir='ltr'><strong>nec</strong></span> <span class='ocrx_word' id='word_1_551' title='bbox 1307 2812 1419 2853; x_wconf 81' lang='lat' dir='ltr'><strong>negari</strong></span> <span class='ocrx_word' id='word_1_552' title='bbox 1435 2816 1555 2852; x_wconf 85' lang='lat' dir='ltr'><strong>potest,</strong></span> <span class='ocrx_word' id='word_1_553' title='bbox 1568 2813 1730 2852; x_wconf 62' lang='lat' dir='ltr'><strong>parionem</strong></span> 
     </span>
     <span class='ocr_line' id='line_1_94' title="bbox 1030 2853 1729 2898; baseline -0.001 -11"><span class='ocrx_word' id='word_1_554' title='bbox 1030 2857 1203 2898; x_wconf 83' lang='lat' dir='ltr'><strong>inproprie</strong></span> <span class='ocrx_word' id='word_1_555' title='bbox 1240 2856 1322 2889; x_wconf 88' lang='lat' dir='ltr'><strong>dici.</strong></span> <span class='ocrx_word' id='word_1_556' title='bbox 1380 2853 1543 2887; x_wconf 76' lang='lat' dir='ltr'><strong>Cellarius</strong></span> <span class='ocrx_word' id='word_1_557' title='bbox 1581 2855 1729 2896; x_wconf 81' lang='lat' dir='ltr'><strong>praetulit</strong></span> 
     </span>
     <span class='ocr_line' id='line_1_95' title="bbox 1023 2903 1216 2943; baseline -0.01 -10"><span class='ocrx_word' id='word_1_558' title='bbox 1023 2912 1084 2943; x_wconf 81' lang='lat' dir='ltr'><strong>pro</strong></span> <span class='ocrx_word' id='word_1_559' title='bbox 1102 2903 1216 2932; x_wconf 70' lang='lat' dir='ltr'><strong>ariete.</strong></span> 
     </span>
    </p>

    <p class='ocr_par' dir='ltr' id='par_1_19' title="bbox 1028 2941 1730 3022">
     <span class='ocr_line' id='line_1_96' title="bbox 1079 2941 1730 2982; baseline -0.002 -6"><span class='ocrx_word' id='word_1_560' title='bbox 1079 2945 1122 2977; x_wconf 73' lang='lat' dir='ltr'><strong>Et</strong></span> <span class='ocrx_word' id='word_1_561' title='bbox 1147 2946 1224 2978; x_wconf 71' lang='lat' dir='ltr'><strong>aliae</strong></span> <span class='ocrx_word' id='word_1_562' title='bbox 1247 2947 1337 2979; x_wconf 71' lang='lat' dir='ltr'><strong>um.</strong></span> <span class='ocrx_word' id='word_1_563' title='bbox 1393 2941 1612 2976; x_wconf 78' lang='lat' dir='ltr'><strong>Recentiores</strong></span> <span class='ocrx_word' id='word_1_564' title='bbox 1641 2942 1730 2982; x_wconf 73' lang='lat' dir='ltr'><strong>male</strong></span> 
     </span>
     <span class='ocr_line' id='line_1_97' title="bbox 1028 2989 1108 3022; baseline -0.025 0"><span class='ocrx_word' id='word_1_565' title='bbox 1028 2989 1108 3022; x_wconf 82' lang='lat' dir='ltr'><strong>alia.</strong></span> 
     </span>
    </p>
   </div>
  </div>
 </body>
</html>
