1946 3261
236 220 325 265 374
692 214 776 258 DE
809 211 1013 257 BELLO
1047 210 1260 256 CIVILI.

231 348 326 395 bat,
359 343 477 402 quod
498 356 664 387 omnem
685 342 943 401 adparatum
964 339 1087 393 belli,
1109 340 1213 392 tela,
1235 354 1370 390 arma,
1401 346 1632 392 tormenta,
1653 341 1715 385 ibi

232 404 548 454 conlocaverat,
572 402 925 458 frumentumque
958 400 1169 442 exercitui
1195 399 1378 442 navibus
1404 399 1715 457 subportabat:

232 479 372 519 neque
417 458 676 508 munitiones
721 460 899 503 Caesaris
943 457 1172 517 prohibere
1212 466 1403 517 poterat,
1445 457 1523 504 nisi
1561 457 1717 516 proelio

233 521 457 564 decertare
487 519 634 570 vellet,
669 518 788 577 quod
810 534 860 560 eo
883 526 1079 579 tempore
1107 525 1318 565 statuerat
1348 532 1431 558 non
1459 532 1545 559 esse
1566 516 1718 566 facien-

234 579 353 630 dum.
419 578 785 636 Relinquebatur,
816 586 881 626 ut,
905 585 1143 619 extremam
1163 575 1374 618 rationem
1398 575 1503 622 belli
1523 591 1721 634 sequens,

233 654 365 699 quam
387 637 598 704 plurimos
620 637 750 680 colles
772 643 1006 694 occuparet
1036 643 1081 677 et
1109 650 1241 692 quam
1269 634 1493 681 latissimas
1526 634 1722 694 regiones

258 697 445 746 ,raesidiis
473 704 633 747 tenere,
673 695 939 752 Caesarisque
977 694 1137 752 copias,
1175 709 1308 751 quam
1344 693 1524 741 maxime
1563 701 1723 752 posset,

232 714 481 800 Sistineret:
516 753 559 797 id
582 753 699 812 quod
720 752 892 800 accidit.
958 751 1161 803 Castellis
1171 752 1282 795 enim
1299 761 1490 810 quatuor
1506 761 1550 795 et
1568 750 1725 810 viginti

234 813 414 864 effectis,
430 813 671 872 quindecim
684 813 800 859 milia
815 827 1017 870 passuum
1033 811 1218 857 circuitu
1234 810 1474 869 amplexus,
1487 810 1568 853 hoc
1584 810 1725 870 spatio

235 873 557 933 pabulabatur3
591 872 816 929 multaque
849 879 973 914 erant
1003 870 1118 914 intra
1150 885 1248 912 eum
1281 869 1424 917 locum
1457 885 1587 912 manu
1615 878 1723 921 sata,

235 932 396 996 quibus
418 931 590 979 interim
615 931 809 989 jumenta
837 937 1043 988 pasceret.
1109 930 1258 986 Atque
1281 936 1331 970 ut
1352 927 1503 978 nostri,
1533 928 1609 986 qui
1630 944 1726 986 per-

235 998 390 1051 petuas
406 990 663 1036 munitiones
682 989 919 1038 habebant,
944 989 1176 1048 perductas
1197 1003 1249 1030 ex
1261 987 1447 1030 castellis
1466 987 1506 1029 in
1526 987 1726 1046 proxima

236 1049 428 1100 castella,
462 1064 514 1096 ne
536 1065 623 1106 quo
656 1049 752 1092 loco
785 1056 1064 1106 erumperent
1088 1047 1339 1105 Pompeiani
1372 1055 1416 1089 et
1438 1055 1607 1090 nostros
1631 1054 1728 1104 post

236 1117 412 1170 tergum
449 1106 742 1157 adorirentur,
778 1108 1012 1153 timebant:
1046 1107 1107 1149 ita
1140 1106 1203 1149 illi
1237 1105 1440 1148 interiore
1469 1106 1609 1163 spatio
1630 1121 1728 1163 per-

237 1176 391 1226 petuas
411 1166 668 1214 munitiones
684 1166 946 1216 efficiebant,
968 1182 1021 1210 ne
1043 1181 1132 1223 quo
1153 1165 1248 1208 loco
1266 1165 1400 1207 nostri
1418 1164 1581 1206 intrare
1594 1173 1728 1221 atque

236 1227 349 1288 ipsos
369 1241 393 1267 a
416 1233 483 1267 tel·
518 1242 542 1271 ο
564 1225 875 1272 circumvenire
905 1232 1090 1285 possent.
1159 1223 1247 1266 Sed
1272 1223 1335 1265 illi
1357 1222 1564 1281 operibus
1585 1223 1727 1265 vince-

236 1286 361 1334 bant,
384 1298 471 1341 quo
524 1292 568 1326 et
587 1299 769 1329 numero
791 1285 978 1331 militum
1005 1282 1272 1341 praestabant
1293 1290 1336 1324 et
1356 1280 1562 1324 interiore
1587 1281 1729 1339 spatio

239 1343 448 1393 minorem
469 1341 701 1388 circuitum
724 1343 958 1390 habehant.
1025 1342 1132 1391 Quae
1151 1356 1287 1397 quum
1309 1348 1435 1384 erant
1455 1339 1547 1384 loca
1570 1339 1729 1384 Caesari

238 1399 464 1459 capienda,
487 1402 566 1450 etsi
586 1401 817 1459 prohibere
844 1399 1075 1467 Pompeius
1094 1400 1196 1443 totis
1215 1398 1347 1457 copiis
1359 1408 1403 1442 et
1422 1398 1626 1443 dimicare
1645 1413 1731 1442 non

240 1459 556 1508 constituerat;
592 1468 733 1503 tamen
767 1461 852 1503 suis
884 1460 986 1504 locis
1007 1458 1253 1516 sagittarios
1274 1458 1605 1515 funditoresque
1632 1458 1730 1502 mit-

237 1518 377 1567 tebat,
426 1532 616 1575 quorum
657 1533 859 1572 magnum
898 1517 1090 1562 habebat
1131 1530 1375 1565 numerum,
1425 1516 1638 1574 multique
1676 1532 1730 1560 ex

237 1576 392 1619 nostris
413 1574 771 1624 vulnerabantur,
796 1588 1064 1631 magnusque
1079 1573 1307 1616 incesserat
1325 1574 1454 1616 timor
1471 1575 1732 1632 sagittarum

238 1644 371 1694 atque
400 1648 543 1676 omnes
572 1631 663 1677 fere
695 1632 850 1675 milites
883 1641 960 1675 aut
991 1647 1044 1672 ex
1072 1631 1245 1681 coactis,
1279 1640 1356 1674 aut
1377 1649 1430 1675 ex
1458 1633 1728 1684 centonibu8‚

238 1701 315 1737 aut
347 1709 401 1736 ex
437 1691 560 1734 coriis
598 1691 763 1734 tunicas
801 1698 878 1737 aut
916 1689 1153 1748 tegimenta
1192 1690 1399 1742 fecerant,
1442 1691 1604 1749 quibus
1640 1691 1729 1735 tela.

239 1752 443 1797 vitarent.

300 1810 372 1853 45.
407 1809 458 1852 In
478 1807 735 1868 occupandis
763 1806 972 1869 praesidiis
1005 1821 1159 1865 magna
1193 1807 1234 1850 vi
1268 1815 1456 1866 uterque
1489 1808 1730 1866 nitebatur,

295 1942 340 1976 Id
352 1942 440 1986 quod
453 1942 580 1976 accidit.
621 1941 734 1983 Vulgo
750 1941 863 1983 idque.
890 1939 954 1972 Sed

1021 1940 1088 1981 leg.
1109 1939 1301 1981 junqebant
1329 1939 1382 1971 vel
1408 1939 1564 1980 aqebaut,
1593 1940 1731 1973 omissis

249 1987 349 2021 codd.
379 1985 516 2018 Norvic.
547 1990 580 2016 et
598 1986 714 2016 Petav.
736 1985 771 2016 id
787 1985 888 2027 quod.
907 1983 954 2016 sic

1023 1987 1083 2026 qui
1109 1990 1141 2015 et
1170 1984 1203 2016 in
1233 1985 1297 2015 fine
1313 1985 1483 2016 timebant.
1531 1983 1655 2016 Μαι-01.
1683 1983 1730 2016 id.

249 2042 337 2073 saepe
353 2036 475 2062 noster.
503 2029 586 2060 V.ct
604 2029 648 2060 ΙΙ.
666 2032 698 2060 8.

296 2077 457 2107 Circm'm.
486 2073 556 2106 Alii
573 2075 608 2105 ιή
619 2075 770 2105 circuilu.

299 2120 398 2150 Intra
412 2128 489 2150 eum
504 2120 623 2150 locum.
670 2117 725 2149 Sic
752 2117 849 2148 codd.
867 2115 955 2149 Scal.

250 2169 283 2196 et
298 2162 498 2194 recentiores
511 2163 606 2193 inter.

300 2207 364 2241 Qui
384 2211 510 2247 perpet.
528 2207 649 2236 munit.
688 2205 876 2236 Pronomon
900 2207 960 2246 qui

254 2256 371 2283 contra
395 2260 512 2281 omnes
527 2250 625 2280 codd.
654 2248 814 2281 intrusum
840 2255 891 2281 cst
912 2249 956 2281 ab

249 2293 439 2332 editoribus
452 2293 665 2335 quibusdam.
689 2294 739 2324 M.

305 2338 494 2370 Habebam.
532 2337 575 2368 Et
598 2337 663 2368 hoc
687 2344 737 2368 est
760 2337 804 2368 ab
820 2336 961 2368 editori-

255 2384 345 2415 bus:
371 2381 403 2413 in
426 2382 525 2413 codd.
555 2386 588 2412 et
611 2381 686 2411 cdd.
704 2388 774 2411 ant.
800 2380 960 2412 omnibus

256 2426 378 2469 legitur
392 2426 556 2457 videbant.
602 2425 688 2455 Tota
706 2425 775 2456 haec
796 2424 960 2466 particula

257 2478 309 2504 est
337 2475 520 2512 conrupta:
547 2468 574 2500 si
600 2468 681 2510 quid
710 2473 837 2500 tentare
862 2469 959 2508 licet,

257 2514 417 2557 legerim:
459 2514 564 2555 Atque
594 2519 630 2544 ut
663 2515 768 2544 nos-tri
787 2518 962 2555 perpaucas

259 2570 354 2592 mun.
399 2558 574 2595 habebant,
610 2557 706 2598 pvrcl.
735 2573 779 2578 —
814 2558 961 2595 (rafulla,

259 2606 354 2645 quia,
377 2613 420 2634 m»
441 2612 505 2644 quo
531 2618 576 2624 ·—
596 2618 641 2623 -
662 2600 828 2632 timebant.
873 2600 964 2631 Mar-

260 2647 399 2679 clandus
425 2646 457 2676 in
475 2645 613 2687 Explic.
629 2650 709 2676 vett.
725 2650 814 2675 auct.
848 2655 880 2685 p.
899 2647 961 2675 2ῖῖ

259 2694 345 2723 lianc
370 2689 553 2723 lectionem
579 2687 756 2730 proponit:
807 2689 912 2729 ⁴{sque
929 2692 964 2718 m

259 2737 379 2768 vostris
409 2738 577 2776 pmpeluoe
606 2735 804 2764 munitione<
826 2733 966 2771 fiebant,

259 2780 429 2821 perductae
442 2796 486 2800 —
499 2795 555 2807 —.
582 2776 709 2808 Deinde
720 2775 809 2806 delet
824 2776 964 2806 verbum

262 2824 434 2854 rinwbant.
460 2822 510 2852 M.
535 2821 573 2851 To*
586 2821 736 2852 ridebant
751 2819 849 2851 codd.
864 2820 966 2850 Scali-

264 2877 324 2905 ger
339 2877 357 2897 e
372 2867 449 2897 cod.
475 2864 681 2896 Hotomanni
699 2863 837 2895 mutavit
855 2862 887 2894 in
907 2865 967 2895 lta-

266 2911 392 2943 bebcmr.
429 2909 521 2942 Oud·
536 2919 614 2941 cum
636 2906 764 2941 Faerno
780 2907 968 2949 suspicatur

1022 2029 1174 2061 ridebant
1206 2028 1344 2069 putabat
1376 2033 1485 2060 ortum
1515 2038 1558 2059 ex
1590 2029 1730 2068 fiebant.

1023 2072 1103 2104 Inde
1119 2073 1191 2113 ejus
1207 2073 1398 2114 conjectura
1411 2072 1668 2104 emendationis.

1071 2120 1151 2152 Quoe
1177 2128 1283 2158 quum
1307 2117 1377 2155 (an,
1393 2117 1522 2153 dum&
1549 2121 1646 2149 eram
1659 2118 1734 2151 loca

1022 2179 1077 2192 —.
1116 2161 1165 2192 M.
1183 2161 1355 2192 Bentleius
1371 2162 1612 2204 Quaecumque.

1076 2206 1163 2238 Totis
1174 2207 1282 2247 copiis.
1309 2205 1362 2236 Sic
1379 2211 1410 2235 ct
1426 2204 1477 2235 ΑΙ.
1495 2205 1548 2235 76.

1071 2252 1214 2281 Coactis.
1241 2249 1365 2291 Vulgo,
1378 2247 1729 2289 subcoactis;quidam

1023 2294 1177 2328 subactis.
1223 2293 1278 2326 Sic
1309 2304 1387 2335 ergo
1415 2302 1508 2323 error
1538 2299 1634 2327 natus
1659 2299 1729 2325 est:

1026 2348 1091 2369 non
1110 2337 1344 2369 intellexerunt
1365 2341 1526 2374 coactum,
1548 2336 1624 2368 inde
1642 2336 1731 2369 feee-

1027 2387 1101 2413 runt
1124 2383 1311 2415 subactum,
1334 2391 1375 2413 ex
1406 2380 1471 2412 hoc
1493 2390 1606 2412 rursus
1619 2382 1731 2414 subco-

1025 2432 1150 2457 actnm.
1174 2425 1244 2457 vid.
1263 2426 1334 2457 lnd.
1351 2426 1402 2456 M.
1448 2425 1539 2457 Bene
1565 2423 1734 2457 cellarius

1025 2470 1133 2501 adfert
1147 2480 1189 2501 ex
1205 2469 1343 2512 Ulpian.
1359 2469 1418 2501 off.
1454 2468 1492 2500 L.
1509 2473 1564 2501 25.
1578 2469 1619 2500 de
1635 2479 1733 2508 auro,

1026 2520 1161 2555 argento
1185 2520 1249 2544 otc.
1267 2515 1430 2550 mamilia,
1445 2513 1560 2545 Germ.
1583 2514 1731 2554 qmalkt,

1028 2558 1115 2589 Gall.
1134 2556 1237 2598 fimle'.
1254 2559 1348 2589 Grut.
1364 2557 1449 2588 thes.
1482 2558 1586 2590 Inscr.
1605 2567 1637 2598 p.
1654 2559 1729 2594 648,

1028 2604 1058 2633 3.
1075 2607 1107 2632 et
1122 2602 1151 2631 -ί,
1168 2603 1347 2633 lanarium
1364 2605 1547 2633 coactor-em
1570 2606 1604 2632 et
1634 2610 1730 2632 coac-

1026 2647 1190 2677 tiliariam
1205 2645 1358 2677 exhibet.

1077 2690 1367 2727 P1-1eei‹11·a:e,lncis‚
1393 2689 1452 2721 ubi
1478 2687 1628 2730 praesidia
1651 2697 1733 2718 con-

1030 2732 1228 2764 locarentur.
1255 2733 1304 2765 ill.
1351 2733 1406 2765 Sic
1434 2740 1467 2765 et
1491 2733 1533 2764 G.
1558 2734 1589 2771 6,
1605 2734 1659 2770 33,
1677 2733 1730 2763 84.

1029 2777 1173 2810 1.iv.121.
1191 2779 1244 2808 57.

1078 2822 1266 2852 Nitnlmtur.
1295 2822 1349 2854 Sic
1372 2821 1469 2852 Voss.
1483 2831 1502 2852 e
1517 2819 1623 2851 Codd.
1645 2818 1731 2850 Vul-

1029 2875 1072 2906 go
1102 2867 1269 2898 urebatur.
1296 2871 1331 2900 ut
1357 2866 1398 2898 G.
1425 2868 1456 2904 4,
1481 2866 1536 2895 24.
1559 2869 1591 2895 et
1615 2863 1730 2905 paullo

1030 2914 1106 2941 ante
1121 2919 1151 2941 c.
1169 2913 1222 2942 43.
