1946 3261
255 257 349 301 680
707 257 760 298 C.
793 252 961 298 JULII
995 253 1279 298 CAESARIS

322 383 450 426 Nono
471 378 634 423 decimo
655 380 791 424 aetatis
819 396 929 424 anno
952 380 1002 424 L.
1029 382 1204 424 Crassus
1227 381 1279 423 C.
1305 378 1566 427 Carbonem,
1586 392 1671 420 uno
1692 386 1737 420 et

257 440 464 498 vigesimo
486 439 631 482 Oaesar
653 439 945 490 Dolabellam,
968 440 1107 483 altero
1128 447 1172 482 et
1187 438 1390 498 vigesimo
1406 437 1575 479 Asinius
1595 435 1734 477 Pollio

260 499 486 548 Catonem,
523 513 609 540 non
641 498 780 540 multo
814 506 985 541 aetatem
1021 497 1277 541 antecedens
1309 497 1473 540 Calvus
1496 493 1735 542 Vatinium,

259 556 309 598 iis
327 555 593 599 orationibus
613 555 791 598 insecuti
813 565 930 605 sunt,
961 572 1066 614 quas
1085 556 1300 613 hodieque
1333 571 1432 600 cum
1457 551 1738 596 admiratione

256 613 588 672 legimus-Ea*
608 613 804 672 Dialogo
826 615 877 656 de
898 614 1169 665 Oratoribus,
1192 629 1228 657 c.
1252 614 1322 657 34,

319 733 539 776 Caeterum
572 732 810 792 composita
840 733 1047 776 seditione
1085 732 1215 785 civili,
1249 731 1499 775 Cornelium
1533 729 1739 773 Dolabel-

254 790 344 834 lam
366 791 648 858 Consularem
680 800 725 834 et
758 791 1065 849 triumphalem
1085 792 1244 840 virum,
1281 789 1622 856 repetundarum
1635 804 1738 889 ξος-

257 848 752 951 tulav1t‚4absolutoque
801 849 1007 893 Rhodum
1052 850 1248 893 secedere
1295 847 1599 892 statum-En
1667 861 1720 889 ue

262 914 350 952 ton.
372 921 408 950 c.
465 939 474 948 .
1502 926 1507 931 ·

320 1022 460 1067 Divus
492 1038 669 1081 quoque
692 1023 852 1074 Julius,
889 1039 1021 1080 quam
1042 1022 1222 1065 coelestis
1253 1022 1448 1073 numinis,
1483 1031 1572 1064 tam
1610 1022 1741 1065 etiam

256 1080 432 1128 humani
452 1081 610 1138 ingenii
643 1081 1000 1138 perfectissimum
1034 1082 1246 1131 columen,
1284 1081 1371 1123 vim
1401 1081 1611 1123 facundiae
1639 1096 1739 1141 pro-

256 1139 364 1197 priae
385 1140 610 1198 expressit,
641 1139 822 1182 dicendo
850 1140 894 1182 in
921 1138 1195 1183 adcusatione
1220 1140 1301 1182 Cn.
1328 1136 1584 1189 Dolabellae,
1607 1154 1736 1196 quem

257 1212 379 1240 reum
401 1198 508 1255 agit,
531 1198 781 1256 extorqueri
809 1198 890 1240 sibi
920 1214 1109 1241 caussam
1129 1198 1336 1255 optimam
1358 1196 1407 1239 L.
1431 1198 1572 1241 Cottae
1595 1206 1739 1256 patro-

259 1255 517 1299 cinio—Ex*
544 1255 687 1299 Valer.
713 1256 838 1299 Maoe.
863 1256 908 1305 8,
931 1255 972 1298 9.

320 1369 392 1412 Ne
414 1369 527 1412 forte
549 1372 702 1414 erretis
729 1379 774 1413 et
805 1370 990 1413 eundem
1012 1370 1125 1413 hunc
1156 1371 1237 1413 Cn.
1273 1370 1549 1413 Dolabellam
1582 1372 1741 1429 putetis

260 1443 366 1478 esse,
387 1428 431 1471 in
452 1443 581 1484 quem
603 1431 655 1472 C.
682 1430 859 1472 Caesaris
893 1430 1105 1472 orationes
1126 1429 1282 1485 legitis,
1313 1430 1419 1472 scire
1452 1446 1527 1472 vos
1547 1439 1739 1487 oportet,

260 1485 368 1528 duos
400 1487 551 1530 eodem
586 1497 782 1547 tempore
816 1488 943 1530 fuisse
962 1514 1020 1521 —-
1044 1488 1325 1531 Dolabellas:
1361 1488 1514 1531 horum
1551 1490 1738 1531 alterum

261 1545 406 1646 ἳῦεεὲι·
433 1547 669 1597 accusavit,
702 1563 779 1590 nec
802 1546 1171 1590 damnavit-Ex
1200 1546 1401 1590 Pediano
1435 1546 1483 1590 in
1506 1547 1624 1591 Orat.
1662 1562 1741 1605 pro

323 1635 332 1644 .
389 1617 536 1647 cam-0.

321 1717 546 1775 Significat
563 1725 608 1760 et
631 1719 857 1769 Caesarem,
880 1720 982 1762 item
998 1719 1327 1770 adolescentem,
1351 1721 1392 1762 in
1411 1720 1644 1763 Dolabella
1665 1736 1739 1762 reo

261 1791 316 1818 ex
339 1777 500 1827 Sicilia,
538 1776 613 1834 qui
633 1777 807 1834 quidem
837 1778 1062 1820 damnatus
1098 1793 1182 1820 non
1213 1787 1276 1820 est
1305 1787 1517 1835 quantum
1545 1779 1737 1836 oportuit

262 1849 344 1892 pei·
368 1834 587 1878 Hortensii
605 1835 789 1892 gratiam
810 1844 956 1878 etc.——
978 1836 1049 1879 Ea:
1063 1835 1265 1879 Pediano
1287 1836 1336 1878 in
1356 1836 1513 1879 Dz'vz'n.

319 1960 575 2003 Ἐπανελθὼν
592 1961 625 2001 δ’
641 1962 691 2001 εἷς
705 1960 865 2008 ‘Potiu-‘nv
886 1960 1157 2008 Δολαβέλλαν
1173 1961 1286 2015 ἔκρινε
1309 1962 1508 2001 κακώσεως
1525 1962 1737 2016 ἐπαρχίας,

265 2019 330 2060 καὶ
349 2020 495 2061 πολλαὶ
517 2019 595 2061 ἀπὸ
612 2022 682 2062 τῆς
706 2018 906 2059 (Ελλάδος
927 2023 1001 2059 τῶν
1033 2021 1180 2059 πόλεων
1211 2020 1426 2074 μαρτυρίας
1462 2021 1568 2073 αὐτῷ
1597 2023 1738 2075 παρέσ-

264 2095 353 2176 ἔςον.
385 2080 402 2118 ὁ
428 2080 498 2176 μὲν
530 2076 589 2119 οὖν
622 2077 894 2125 Δολαβέλλας
924 2077 1099 2130 ἀπέφυγε
1136 2077 1207 2120 τὴν
1239 2075 1493 2119 Binum—Ex
1525 2075 1649 2119 Plut.
1690 2076 1735 2119 in

303 2147 371 2176 ὧδ’.
396 2148 432 2176 C.
488 2166 496 2175 .

634 2248 714 2292 EX
747 2248 931 2292 ORAT.
964 2249 1049 2291 AD
1085 2248 1361 2291 MILITES.

267 2366 402 2409 FAMA
443 2380 547 2408 vero
582 2363 801 2407 hostilium
840 2365 1061 2423 copiarum
1101 2365 1374 2422 perterritos,
1419 2379 1502 2407 non
1542 2366 1737 2423 negando

263 2422 567 2473 minuendove,
599 2423 668 2466 sed
702 2423 875 2481 insuper
903 2422 1205 2481 amplificando
1241 2421 1599 2480 ementiendoque
1639 2440 1736 2468 con-

264 2483 479 2532 firmabat,
511 2481 659 2540 itaque
692 2497 827 2538 quum
856 2481 1121 2539 exspectatio
1141 2481 1351 2523 adventus
1378 2481 1405 2523 J
1411 2481 1505 2524 ubae
1533 2482 1738 2525 terribilis

261 2550 387 2590 esset,
409 2540 653 2584 convocatis
672 2539 727 2582 ad
748 2539 991 2582 concionem
1019 2539 1246 2589 militibus,
1279 2546 1307 2563 “
1335 2539 1546 2588 Scitote,’'
1579 2540 1735 2598 inquit,

264 2608 294 2626 “
317 2599 577 2657 paucissimis
597 2598 660 2640 his
679 2597 828 2640 diebus
847 2597 1011 2654 Regem
1030 2597 1289 2641 adfuturum
1306 2613 1402 2639 cum
1418 2597 1459 2639 X
1480 2597 1734 2656 legionibus,

264 2666 293 2684 ‘⁶
317 2658 517 2715 equitum
543 2656 682 2699 XXX.
715 2655 820 2697 levis
847 2665 1076 2698 armaturae
1108 2656 1144 2698 C
1177 2656 1383 2703 millibus,
1411 2655 1736 2713 elephantisque

267 2720 295 2741 ‘⁶
321 2716 456 2758 CCC.
478 2714 663 2757 Proinde
679 2713 873 2756 desinant
886 2713 1061 2770 quidam
1079 2729 1272 2770 quaerere
1291 2713 1422 2763 ultra,
1444 2722 1521 2755 aut
1539 2715 1706 2772 opinari
1722 2730 1733 2756 ι

266 2779 297 2800 “
320 2773 524 2831 mihique,
569 2773 644 2830 qui
685 2778 955 2830 compertum
994 2771 1146 2821 habeo,
1189 2771 1394 2814 credant:
1441 2780 1519 2814 aut
1557 2771 1733 2829 quidem

267 2839 297 2858 “
321 2831 605 2874 vetustissima
624 2846 731 2872 nave
761 2829 965 2888 inpositos
993 2845 1267 2886 quocumque
1294 2838 1423 2873 vento
1447 2829 1489 2873 in
1510 2845 1731 2888 quascum-

267 2896 297 2917 “
321 2905 404 2947 que
426 2898 562 2934 terras
577 2889 743 2948 jubebo
762 2887 1056 2933 avehi.”—-E,22
1077 2887 1193 2932 Suet.
1219 2903 1313 2945 cap.
1338 2888 1407 2930 66.
