1946 3261
608 213 726 260 LIB.
789 215 927 259 CAP.
960 211 1148 258 79—82.
1542 208 1628 254 525

152 341 301 398 coepit.
336 341 468 392 Quod
480 352 711 402 postquam
727 343 886 387 Caesari
901 342 1155 385 nunciatum
1172 348 1252 390 est,
1269 338 1407 388 milite
1423 338 1481 384 ab
1497 352 1631 397 opere

152 400 358 451 deducto,
380 403 530 445 castris
549 403 745 461 praesidio
769 403 1014 460 Asprenate
1037 399 1300 443 Proconsule
1334 414 1431 442 cum
1456 396 1634 457 legioni-

155 459 236 502 bus
257 459 428 503 duabus
458 462 627 511 relicto,
649 462 741 521 ipse
763 477 860 504 cum
886 458 1091 518 expedita
1123 459 1249 517 copia
1280 458 1324 500 in
1359 474 1459 500 eum
1488 457 1634 500 locum

155 517 322 561 citatim
357 521 578 562 contendit
601 535 612 561 ;
668 520 895 577 classisque
936 525 1063 576 parte
1104 517 1160 559 ad
1198 517 1424 575 Thapsum
1465 517 1635 564 relicta,

154 577 341 635 reliquas
363 594 491 620 naves
507 578 635 635 jubet
656 587 755 637 post.
774 578 963 621 hostium
991 584 1166 632 tergum
1199 591 1331 632 quam
1359 574 1549 617 maxime
1579 572 1637 616 ad

155 635 260 678 litus
281 635 446 694 adpelli
465 637 722 694 signumque
757 652 883 680 suum
918 635 1178 681 observare;
1231 649 1319 690 quo
1354 634 1476 691 signo
1513 634 1635 682 dat0,

155 694 301 736 subito
336 694 525 737 clamore
559 695 690 745 facto,
723 712 776 739 ex
809 695 1028 753 inproviso
1049 692 1247 736 hostibus
1280 693 1438 734 aversis
1472 692 1637 734 incute-

155 761 253 794 rent
273 761 501 804 terrorem,
523 763 573 796 ut
594 754 844 814 perturbati
860 770 909 796 ac
927 752 1154 812 perterriti
1172 750 1384 809 respicere
1397 758 1497 808 post
1513 759 1640 808 terga

157 820 433 868 cogerentur.

212 867 284 913 81.
337 871 436 920 Quo
468 879 702 930 postquam
723 871 866 914 Caesar
888 870 1089 929 pervenit
1109 878 1154 912 et
1176 867 1484 912 animadvertit
1505 868 1640 911 aciem

157 943 240 987 pro
259 930 376 972 vallo
400 930 630 988 Scipionis,
659 929 999 988 elephantosque
1027 929 1184 971 dextro
1213 928 1472 985 sinistroque
1503 942 1640 970 cornu

155 988 400 1030 eonlocatos
417 997 462 1030 et
482 988 618 1031 nihilo
640 989 779 1031 minus
801 997 971 1047 partem
1003 988 1191 1030 militum
1225 996 1365 1030 castra
1401 1001 1487 1028 non
1520 986 1640 1044 igna-

156 1046 270 1090 viter
302 1047 495 1096 munire;
539 1048 645 1105 ipse,
679 1048 770 1089 acie
801 1047 965 1106 triplici
998 1046 1236 1096 conlocata,
1274 1044 1445 1103 legione
1475 1044 1642 1088 decima

154 1105 429 1163 secundaque
450 1105 605 1148 dextro
628 1122 779 1155 cornu,
815 1116 969 1149 octava
1001 1114 1046 1148 et
1083 1121 1195 1148 nona
1217 1104 1404 1154 sinistro,
1433 1104 1641 1162 obpositis

155 1163 349 1222 quinque
370 1165 611 1223 legionibus
633 1165 677 1206 in
699 1174 857 1221 quarta
891 1165 998 1213 acie,
1037 1173 1136 1207 ante
1173 1165 1266 1222 ipsa
1302 1179 1465 1206 cornua
1500 1163 1643 1221 quinis

157 1222 408 1267 cohortibus
429 1232 581 1267 eontra
603 1224 759 1266 bestias
790 1223 1039 1273 conlocatis,
1073 1222 1324 1281 sagittariis,
1347 1221 1643 1265 funditoribus

157 1282 203 1326 in
253 1282 451 1340 utrisque
494 1283 696 1326 cornibus
746 1282 980 1341 dispositis,
1031 1281 1204 1339 levique
1255 1290 1478 1323 armatura
1528 1281 1643 1324 inter

158 1340 327 1399 equites
356 1341 597 1399 interjecta,
628 1341 720 1399 ipse
755 1342 939 1399 pedibus
977 1342 1139 1384 circum
1178 1341 1334 1383 milites
1373 1355 1644 1390 concursans,

158 1400 431 1458 virtutesque
452 1409 759 1443 veteranorum
782 1400 1023 1459 proeliaque
1051 1400 1275 1458 superiora
1308 1413 1644 1442 commemorans

158 1459 407 1518 blandeque
427 1459 664 1517 adpellans,
694 1452 867 1502 animos'
882 1475 1049 1501 eorum.
1070 1459 1304 1501 excitabat.
1367 1457 1547 1500 Tirones
1568 1474 1643 1500 au-

160 1526 265 1569 tem,
288 1519 365 1576 qui
386 1534 621 1575 numquam
642 1519 685 1561 in
702 1518 791 1560 acie
802 1518 1088 1566 dimicassent,
1107 1517 1386 1567 hortabatur,
1407 1524 1436 1542 ‘⁶
1457 1525 1506 1559 ut
1524 1524 1643 1560 vete-

161 1585 191 1604 “
216 1593 422 1620 ranorum
441 1578 652 1620 virtutem
679 1577 985 1620 aemularentur
1006 1592 1245 1633 eorumque
1268 1576 1443 1626 famam,
1472 1590 1641 1625 nomen,

159 1643 188 1663 ‘⁶
212 1636 459 1696 locumque,
482 1636 664 1679 victoria
681 1644 824 1694 parta,
848 1643 1060 1694 cuperent
1083 1634 1349 1693 possidere.’'

219 1695 290 1738 82.
325 1695 482 1753 Itaque
503 1695 545 1738 in
567 1694 875 1738 circumeundo
896 1694 1134 1737 exercitum
1157 1693 1483 1743 animadvertit,
1505 1694 1646 1736 hostes

159 1754 274 1797 circa
306 1755 470 1797 vallum
503 1754 743 1813 trepidare,
781 1764 914 1811 atque
947 1753 1066 1796 ultro
1101 1754 1301 1810 citroque
1332 1752 1515 1811 pavidos
1545 1767 1644 1794 con-

160 1829 335 1856 cursare
356 1822 415 1864 et,
450 1813 578 1856 modo
608 1830 650 1855 se
671 1813 786 1855 intra
808 1822 955 1871 portas
978 1812 1183 1870 recipere,
1203 1812 1332 1855 modo
1354 1812 1647 1855 inconstanter

161 1871 518 1930 inmoderateque
540 1872 728 1931 prodire.
785 1873 932 1922 Quum
954 1872 1067 1914 idem
1089 1887 1114 1913 a
1137 1872 1338 1930 pluribus
1359 1870 1647 1914 animadverti

160 1940 355 1990 coeptum
374 1941 509 1980 esset;
541 1931 685 1974 subito
709 1931 867 1990 Legati
885 1931 1141 1989 evocatique
1164 1931 1388 1973 obsecrare
1415 1931 1646 1979 Caesarem,

163 1997 194 2017 ‘⁶
218 2007 271 2034 ne
290 1991 515 2034 dubitaret
534 1991 704 2048 signum
727 1990 832 2032 dare
851 2006 860 2031 :
895 1990 1121 2032 victoriam
1142 1989 1224 2032 sibi
1244 1989 1470 2048 propriam
1501 2006 1527 2032 a
1550 1989 1646 2032 Diis
1694 1988 1697 2003 ⁵

165 2057 194 2076 “
217 2049 522 2092 inmortalibus
555 2048 802 2107 portendi.”
863 2049 1108 2092 Dubitante
1148 2049 1315 2090 Caesare
1339 2057 1473 2106 atque
1495 2064 1647 2091 eorum

162 2107 307 2151 studio
330 2107 652 2166 cupiditatique
685 2110 924 2158 resistente,
956 2108 1141 2165 sibique,
1176 2107 1407 2166 eruptione
1444 2108 1647 2166 pugnari,

213 2201 321 2233 Milite
351 2204 395 2234 ab
425 2214 478 2243 op.
503 2202 651 2234 deducto.
690 2201 745 2233 Sic
770 2202 869 2233 codd.

940 2201 1161 2243 pergendum,
1187 2202 1224 2231 in
1250 2206 1377 2241 quarta
1399 2202 1467 2232 acie
1484 2206 1561 2233 ante
1574 2203 1649 2243 ipsa

167 2246 230 2278 Sed
249 2247 348 2288 vulgo
364 2248 481 2278 milites
493 2247 536 2278 ab
553 2257 604 2287 op.
620 2246 786 2277 deductos.

937 2263 983 2269 ——
1008 2246 1196 2282 conlocatis,
1226 2244 1371 2276 ostendit
1402 2244 1646 2276 Guischardus.

213 2292 411 2323 Proceri-sule
434 2290 570 2328 dieitur,
593 2289 653 2331 qui
681 2291 871 2320 Proconsu-

164 2334 231 2366 lari
247 2334 391 2377 imperio
415 2341 477 2373 est,
499 2334 584 2366 licet
610 2334 712 2365 modo
731 2333 773 2364 sit
790 2335 872 2365 Pro-

169 2384 303 2420 praetor.
345 2379 400 2411 Sic
415 2390 446 2410 c.
464 2381 517 2410 87.
557 2380 600 2410 Et
617 2379 663 2409 ita
680 2387 769 2419 saepe
786 2379 872 2409 Pro-

164 2428 310 2464 praetore
340 2424 382 2454 de
413 2423 601 2462 Quaestore,
634 2423 688 2454 vel
718 2433 772 2461 eo,
809 2421 869 2463 qui

166 2467 299 2498 nullum
316 2467 418 2508 gessit
429 2467 678 2509 magistratum.
710 2466 795 2497 Owl.

215 2513 327 2542 Aciem
359 2523 422 2553 pro
458 2513 547 2543 rollo
586 2513 673 2553 Scip.
715 2510 872 2542 Clark-ius

169 2565 249 2586 cum
278 2555 486 2597 Glandorpio
517 2555 596 2586 addi
624 2555 698 2586 vult
729 2557 871 2586 ‘ins-truc-

167 2605 263 2637 tam;
286 2600 343 2630 sed
360 2599 571 2631 subauditur.
610 2599 679 2630 Alii
695 2598 760 2630 alia
779 2609 798 2629 e
814 2608 872 2629 va-

166 2642 284 2675 rietate
300 2643 458 2675 codicum
475 2643 690 2685 exsculpunt.
725 2643 872 2684 Vulgata

170 2687 275 2723 lectio
290 2686 375 2719 bene
391 2687 505 2719 habet.

215 2733 449 2774 Secundaque.
491 2732 604 2763 Jurin.
633 2732 691 2762 dat
716 2733 872 2773 septima-

167 2785 245 2817 que,
290 2777 373 2818 quia
419 2776 570 2808 secunda
609 2785 676 2807 non
725 2781 797 2807 erat
835 2774 871 2805 in

166 2819 293 2852 Africa.

213 2865 369 2907 obpositis·
384 2865 534 2907 quinque
548 2864 743 2904 leqionibus.
772 2863 871 2895 Nunc

167 2909 359 2942 addendum
375 2919 450 2941 esse
465 2911 503 2940 in.
516 2908 629 2941 media
655 2911 740 2946 acie,
765 2913 798 2940 et
820 2907 869 2939 sic

939 2289 995 2321 vid
1025 2288 1214 2320 Memoires
1240 2288 1317 2320 erit.
1346 2294 1379 2319 et
1406 2288 1525 2320 histor.
1552 2290 1594 2320 T.
1612 2293 1643 2320 4.

941 2336 1064 2376 p.238.
1098 2333 1160 2364 Sed
1181 2333 1251 2375 jam
1279 2339 1355 2363 ante
1380 2344 1457 2364 eum
1483 2334 1546 2364 hoc
1572 2343 1645 2364 mo-

939 2384 1059 2409 nuerat
1072 2377 1299 2418 Glandorpius
1317 2377 1359 2407 ad
1376 2377 1409 2408 h.
1426 2378 1448 2408 1.
1466 2376 1577 2408 Ceteri
1594 2377 1645 2408 in-

938 2427 1098 2464 terpretes
1108 2432 1227 2453 omnes
1244 2421 1470 2463 neglexerant.
1489 2422 1537 2453 M.
1564 2420 1643 2452 Dis-

938 2467 1028 2498 cedit
1057 2466 1101 2497 ab
1140 2466 1202 2497 hac
1237 2464 1404 2496 sententia
1439 2466 1579 2496 Roesch
1610 2465 1644 2496 in

939 2521 1043 2552 opere
1059 2511 1148 2541 laud.
1161 2522 1193 2552 p.
1211 2512 1282 2541 114.
1297 2516 1330 2540 et
1345 2509 1460 2541 verbis
1472 2512 1507 2540 in
1520 2515 1644 2551 quarta

938 2557 1016 2594 acie,
1033 2565 1110 2596 quae
1134 2554 1249 2596 inepte
1276 2554 1352 2584 heic
1380 2554 1490 2594 posita
1517 2559 1644 2592 censet,

939 2598 1113 2631 substituit
1139 2602 1176 2630 -ἱη
1200 2599 1312 2629 media
1336 2600 1417 2629 acie.
1445 2604 1516 2628 tum
1533 2597 1644 2639 pergit

940 2645 987 2676 azl
1004 2646 1074 2684 Ipsa
1087 2654 1116 2674 c.
1134 2642 1224 2684 quod
1238 2641 1361 2672 habent
1377 2642 1453 2672 edd.
1469 2647 1535 2672 vet.

990 2689 1170 2719 Victoriam
1183 2697 1298 2728 propr.
1316 2696 1347 2715 ν.
1365 2696 1395 2716 c.
1413 2687 1467 2715 39.
1494 2684 1544 2716 M.

986 2733 1184 2773 Eruptione.
1228 2730 1355 2761 Probat
1369 2729 1457 2760 Oud.
1472 2729 1645 2771 conjectu-

940 2786 1009 2807 ram
1034 2774 1165 2806 Schelii
1191 2773 1232 2804 ad
1258 2773 1383 2815 Hygin.
1401 2784 1434 2815 p.
1452 2776 1507 2804 41.
1522 2776 1644 2816 inrup-

939 2823 1036 2858 tione,
1060 2818 1142 2861 quia
1163 2818 1276 2850 Caesar
1294 2818 1363 2859 jam
1381 2828 1400 2848 e
1415 2817 1533 2851 castris
1551 2818 1647 2851 exie-

940 2870 1001 2896 rat.
1027 2864 1076 2895 M.
