1946 3261
289 220 372 263 532
515 218 570 258 A.
607 210 808 256 HIRTII
842 209 925 253 DE
958 208 1538 256 BELLOAFRICANO.

292 352 344 387 ut
375 356 454 400 per
474 339 706 383 triennium
725 353 798 380 sex
826 334 1100 393 pensionibus
1123 334 1294 392 Populo
1318 337 1516 380 Romano
1537 337 1764 388 solverent,

291 402 414 444 nullo
445 413 594 441 eorum
622 402 845 438 recusante
877 409 925 435 ac
957 409 999 435 se
1020 393 1168 436 eodem
1189 393 1258 435 die
1282 393 1456 436 demum
1477 404 1598 438 natos
1618 397 1766 455 praedi-

291 466 452 506 cantes,
476 455 563 498 laeti
585 454 744 511 gratias
765 460 903 510 agunt
926 452 1097 494 Caesari.
1200 481 1221 500 ,-

351 516 421 558 91.
456 516 552 556 Rex
581 509 754 555 interim
784 511 919 558 Juba‚
959 518 1010 552 ut
1041 526 1094 552 ex
1126 510 1281 568 proelio
1316 511 1505 569 fugerat,
1547 528 1632 555 una
1668 528 1765 555 cum

293 572 466 616 Petreio
486 569 674 613 interdiu
696 570 740 611 in
761 569 873 611 villis
893 567 1122 618 latitando,
1148 569 1338 619 tandem,
1367 570 1588 612 nocturnis
1608 570 1767 613 itineri-

289 632 370 675 bus
389 629 607 678 confectis,
625 628 669 670 in
687 629 891 686 Regnum
908 626 1107 684 pervenit
1123 634 1255 684 atque
1273 627 1329 670 ad
1346 643 1371 670 o
1406 628 1556 686 pidum
1573 628 1770 679 Zamam,

290 689 369 732 ubi
404 689 494 747 ipse
523 686 803 735 domicilium,
837 686 1055 743 conjuges,
1092 685 1338 744 liberosque
1397 687 1568 736 abebat,
1600 701 1687 744 quo
1717 703 1770 730 ex

291 756 450 790 cuncto
471 746 625 805 Regno
646 760 812 787 omnem
834 744 1058 801 pecuniam
1088 743 1406 803 carissimasque
1439 762 1504 787 res
1523 754 1768 803 comporta-

290 814 433 856 verat,
467 804 670 863 quodque
701 803 809 846 inito
839 802 956 845 bello
990 802 1193 860 operibus
1221 803 1410 845 maximis
1442 803 1671 852 munierat,
1705 819 1772 846 ac-

289 864 416 908 cedit.
481 863 623 913 Quem
659 861 879 919 oppidani,
910 869 1038 903 antea
1073 876 1248 903 rumore
1278 869 1482 918 exoptato
1512 861 1566 903 de
1597 861 1774 904 Caesaris

291 921 473 965 victoria
503 920 670 970 audito,
703 920 761 963 ob
781 919 854 962 has
881 935 1047 962 caussas
1078 918 1243 977 oppido
1273 918 1607 977 prohibuerunt,
1667 919 1774 969 uod,

291 980 410 1024 bello
441 988 592 1023 contra
616 978 834 1036 Populum
856 978 1099 1020 Romanum
1124 988 1340 1036 susceptO,
1371 978 1414 1020 in
1442 977 1605 1036 oppido
1667 993 1774 1020 amae

290 1038 418 1098 lignis
438 1037 664 1097 congestis,
687 1037 915 1079 maximam
936 1037 979 1078 in
999 1035 1140 1079 medio
1163 1035 1257 1078 foro
1278 1052 1429 1095 pyram
1449 1044 1772 1084 construxerat;

293 1105 362 1148 ut,
393 1097 428 1140 si
449 1105 562 1139 sorte
595 1095 712 1138 bello
735 1096 849 1138 foret
875 1103 1119 1154 superatuS,
1152 1095 1348 1137 omnibus
1377 1095 1505 1137 rebus
1536 1110 1586 1136 eo
1607 1110 1775 1136 coacer-

293 1155 420 1205 vatis,
454 1154 608 1196 dehinc
644 1153 809 1196 civibus
836 1153 999 1196 cunctis
1032 1153 1268 1195 interfectis
1297 1153 1534 1210 eodemque
1557 1153 1775 1210 projectis,

291 1213 391 1271 igne
413 1212 623 1269 subjecto,
655 1220 750 1254 tum
769 1212 942 1254 demum
974 1228 1016 1254 se
1042 1212 1133 1269 ipse
1155 1211 1329 1269 insuper
1361 1210 1621 1253 interficeret
1643 1219 1775 1268 atque

292 1287 378 1313 una
406 1287 505 1313 cum
524 1270 685 1320 liberis,
720 1270 990 1328 conjugibus,
1024 1270 1204 1319 civibus,
1237 1279 1477 1326 cunctaque
1501 1284 1613 1326 gaza
1635 1269 1774 1328 Regia

290 1341 572 1372 cremaretur.
637 1329 873 1385 Postquam
912 1328 1030 1370 Juba
1071 1336 1168 1370 ante
1211 1336 1357 1386 portas
1391 1327 1465 1369 diu
1503 1327 1774 1384 multumque

291 1387 433 1446 primo
472 1387 594 1430 minis
631 1403 712 1445 pro
748 1387 924 1444 imperio
955 1386 1111 1443 egisset
1142 1402 1238 1428 cum
1275 1385 1575 1434 Zamensibus;
1607 1385 1776 1435 deinde,

292 1461 428 1503 quum
449 1462 493 1488 se
515 1462 669 1504 parum
692 1444 899 1503 proficere
926 1444 1219 1492 intellexisset,
1251 1445 1449 1502 precibus
1469 1459 1642 1501 quoque
1664 1459 1776 1486 oras-

291 1512 375 1554 set,
407 1504 474 1546 uti
498 1520 541 1546 se
568 1505 623 1546 ad
643 1519 741 1546 suos
769 1503 883 1546 Deos
905 1512 1078 1561 penates
1104 1502 1403 1550 admitterent;
1437 1502 1511 1545 ubi
1532 1518 1602 1545 eos
1623 1502 1666 1544 in
1685 1518 1777 1544 sen-

292 1562 430 1604 tentia
466 1570 660 1620 perstare
701 1562 1019 1610 animadvertit,
1058 1577 1134 1603 nec
1172 1561 1294 1603 minis
1334 1577 1412 1603 nec
1453 1560 1656 1618 precibus
1694 1561 1779 1602 suis

292 1619 474 1667 moveri,
508 1635 594 1676 quo
622 1621 756 1677 magis
787 1637 830 1662 se
854 1620 1117 1678 reciperent;
1151 1620 1280 1662 tertio
1302 1620 1412 1678 petit
1443 1619 1500 1660 ab
1521 1618 1594 1667 eis,
1627 1628 1676 1660 ut
1697 1619 1777 1661 sibi

295 1677 497 1733 conjuges
533 1677 778 1733 liberosque
818 1678 1068 1728 redderent,
1110 1687 1159 1720 ut
1201 1694 1344 1720 secum
1381 1693 1450 1720 eos
1486 1677 1775 1734 absportaret.

297 1735 539 1791 Postquam
569 1735 648 1778 sibi
680 1735 784 1778 nihil
815 1737 986 1779 omnino
1015 1736 1253 1794 oppidanos
1274 1735 1463 1793 responsi
1491 1734 1672 1777 reddere
1692 1735 1779 1777 ani-

298 1791 548 1840 madvertit,
579 1793 698 1833 nulla
719 1809 763 1834 re
786 1795 842 1835 ab
863 1794 911 1834 iis
932 1795 1163 1849 inpetrata,
1194 1793 1250 1834 ab
1273 1794 1405 1834 Zama
1427 1792 1623 1838 discedit,
1647 1801 1779 1850 atque

299 1850 356 1893 ad
396 1850 542 1892 villam
581 1864 702 1891 suam
750 1863 847 1890 cum
892 1850 957 1890 M.
994 1849 1164 1890 Petreio
1208 1850 1438 1906 paucisque
1479 1850 1699 1906 equitibus
1739 1867 1781 1893 se

300 1908 487 1951 confert.

360 1965 431 2007 92.
467 1966 691 2008 Zamenses
724 1963 893 2007 interim
929 1964 1094 2022 legatos
1133 1965 1186 2006 de
1229 1964 1277 2006 iis
1312 1965 1439 2007 rebus
1475 1964 1529 2006 ad
1565 1966 1776 2008 Caesarem

302 2024 480 2067 Uticam
521 2024 701 2066 mittunt
743 2031 985 2080 petuntque
1022 2024 1078 2065 ab
1114 2038 1181 2072 eo,
1216 2028 1242 2048 ‘⁶
1276 2023 1339 2064 uti
1372 2028 1488 2073 ante,
1525 2039 1655 2080 quam
1685 2024 1778 2066 Rex

306 2089 336 2108 “
360 2098 533 2125 manum
557 2081 810 2139 conligeret,
832 2097 1008 2139 seseque
1035 2082 1326 2139 obpugnaret,
1356 2082 1435 2125 sibi
1456 2082 1662 2124 auxilium
1686 2083 1781 2125 mit-

307 2147 336 2166 “
361 2149 495 2182 teret:
528 2157 570 2182 se
604 2148 746 2181 tamen
776 2148 947 2197 paratos
980 2156 1082 2189 esse,
1114 2140 1194 2182 sibi
1228 2140 1368 2196 quoad
1396 2141 1486 2182 vita
1513 2140 1781 2198 subpeteret,

307 2206 338 2225 “
362 2198 574 2256 oppidum
593 2213 722 2255 seque
744 2197 782 2240 ei
805 2202 1069 2240 reservare.”
1134 2198 1319 2256 Legatos
1341 2197 1620 2240 conlaudatos
1640 2198 1782 2241 Caesar

308 2256 484 2299 domum
512 2255 638 2313 jubet
671 2256 923 2299 antecedere
959 2273 1007 2299 ac
1039 2273 1162 2299 suum
1197 2257 1431 2299 adventum
1469 2257 1780 2314 praenunciare.

309 2314 424 2373 lpse,
449 2322 623 2373 postero
644 2313 711 2356 die
733 2314 867 2358 Utica
884 2331 1094 2374 egressus,
1111 2331 1208 2358 cum
1228 2316 1429 2373 equitatu
1447 2316 1490 2357 in
1505 2313 1703 2373 Regnum
1719 2315 1782 2357 ire

314 2458 446 2480 summa
468 2449 554 2481 soret
577 2458 664 2479 nunc
690 2447 884 2489 perexigua.
931 2449 1015 2481 Gro-

314 2492 418 2524 novio
434 2493 493 2531 (de
508 2498 633 2524 sestert.
650 2495 682 2530 2,
701 2493 747 2530 3.)
770 2493 946 2531 legendum
965 2494 1014 2525 vi-

316 2536 423 2575 detur,
443 2537 560 2567 millies
575 2537 717 2567 sesterlio
735 2537 786 2566 his
800 2536 867 2572 (vel
883 2537 947 2572 bis)
962 2539 1015 2568 in-

1129 2452 1283 2482 Zamam.
1330 2450 1398 2482 Alii
1418 2452 1545 2483 Zamoe.

1129 2496 1166 2529 Q.
1183 2495 1355 2535 oppidani,
1378 2501 1477 2526 antea
1498 2502 1562 2526 etc.
1608 2493 1661 2524 Sic
1681 2493 1783 2524 codd.

1083 2536 1175 2568 boni.
1226 2537 1332 2578 Vulgo
1365 2538 1398 2568 τὸ
1428 2542 1528 2569 aurea
1559 2537 1680 2579 legitur
1705 2544 1780 2567 ame

311 2582 430 2621 posito.
475 2579 527 2610 Cf.
551 2578 702 2611 Graevius
724 2579 766 2609 ad
789 2578 861 2609 Cic.
878 2580 919 2610 ad
937 2580 1014 2611 Div.

321 2625 373 2661 11,
402 2626 452 2654 10.
483 2624 534 2654 M.
581 2622 702 2654 Verior
739 2628 772 2652 et
808 2624 1016 2655 moderatior

317 2676 449 2698 summa
464 2666 597 2697 videtur
612 2665 699 2697 Oud.
717 2665 744 2696 si
760 2665 909 2697 deleatur
924 2668 981 2698 bis.

365 2711 407 2742 Se
417 2710 529 2742 eodem
539 2711 591 2741 die
603 2710 635 2741 d.
646 2720 679 2740 η.
703 2708 812 2740 Bentl.
823 2709 908 2739 bene
922 2711 1017 2743 malit

315 2763 350 2784 se
363 2764 398 2784 eo
414 2754 550 2786 demum
564 2754 618 2785 die
629 2764 662 2784 n.
692 2752 812 2783 Cicero
829 2753 954 2785 reditus
968 2755 1015 2785 fui

317 2796 410 2827 diem
425 2798 572 2828 natalem
586 2796 668 2828 dicit
685 2796 717 2827 in
731 2795 790 2827 Or.
805 2806 863 2837 pro
880 2798 947 2828 red.
965 2800 1015 2828 ll.

317 2841 422 2872 etad.
437 2842 504 2872 Att.
521 2842 554 2880 3,
577 2842 629 2873 20.
656 2845 690 2873 et
715 2840 943 2881 παλιγγενεσίαν
973 2842 1014 2873 ad

318 2884 387 2914 Att.
405 2886 437 2922 6,
455 2886 485 2916 6.

1083 2581 1256 2622 oppidani.

1129 2626 1253 2656 Zamae.
1300 2625 1367 2656 Alii
1388 2626 1506 2657 Zama.

1130 2669 1340 2708 Inter-ficeret.
1395 2669 1513 2700 Celsus
1549 2670 1780 2710 superjaceret.

1082 2711 1192 2743 Bentl.
1209 2714 1366 2751 injiceret.

1132 2757 1237 2787 Gaza.
1286 2755 1359 2786 Vox
1391 2755 1539 2787 Persica.
1566 2765 1598 2785 v.
1621 2755 1714 2786 Serv.
1737 2756 1779 2785 ad

1085 2798 1178 2839 Virg.
1196 2799 1270 2830 AEn.
1291 2800 1320 2836 1,
1340 2801 1458 2831 193..οῐ
1471 2803 1502 2837 2,
1518 2799 1593 2829 763.
1613 2797 1672 2828 ubi
1690 2799 1780 2829 male

1083 2848 1181 2883 negat
1219 2841 1250 2872 in
1284 2843 1403 2883 plurali
1439 2852 1573 2883 quoqne
1614 2842 1781 2883 usurpari.

1082 2885 1131 2917 Cf.
1150 2885 1267 2919 Horat.
1284 2886 1348 2918 Od.
1370 2887 1398 2925 l,
1414 2887 1467 2917 29.
