1946 3261
632 211 746 255 LIB.
782 212 920 256 CAP.
954 211 1142 254 95-98.
1545 210 1630 254 535

147 355 266 382 arma
287 340 492 389 tulerant,
529 339 800 398 praemiisque
837 338 1132 388 Zamensibus,
1167 337 1242 396 qui
1262 335 1316 381 de
1338 336 1462 398 Rege
1488 338 1632 381 exclu-

143 398 282 442 dendo
321 399 545 442 consilium
586 408 806 456 ceperant,
850 397 1040 444 tributis,
1072 397 1446 455 vectigalibusque
1480 397 1630 456 Regiis

144 457 382 516 abrogatis,
418 473 470 500 ex
505 457 748 514 Regnoque
785 455 1007 514 provincia
1045 455 1175 506 facta,
1207 464 1340 513 atque
1375 456 1435 499 ibi
1471 456 1629 514 Crispo

147 515 355 559 Sallustio
377 516 638 559 Proconsule
659 531 759 557 cum
781 514 963 572 imperio
985 513 1154 563 relicto,
1175 514 1264 571 ipse
1283 513 1418 556 Zama
1436 530 1630 573 egressus

147 573 325 618 Uticam
345 591 387 617 se
409 590 505 616 rece
543 573 592 616 it.
656 572 723 616 Ibi
747 573 870 615 bonis
891 572 1073 615 venditis
1093 588 1261 620 eorum,
1290 573 1365 628 qui
1393 573 1474 615 sub
1508 573 1537 615 J
1541 573 1631 616 uba

146 632 408 691 Petreioque
437 590 609 675 ordines
639 631 869 681 duxerant,
902 632 1007 674 item
1038 629 1314 689 Thapsitanis
1333 630 1414 672 HS
1437 631 1629 682 vicesies,

144 690 377 735 conventui
409 706 561 733 eorum
591 689 673 733 HS
709 690 925 738 tricesies3
961 688 1261 732 Adrumetinis
1302 688 1382 730 HS
1421 689 1629 741 tricesies,

143 750 376 793 conventui
408 764 559 793 eorum
598 748 679 791 HS
718 747 1019 807 quinquagies,
1055 748 1205 792 multae
1236 747 1406 790 nomine
1430 746 1628 805 inponit:

141 807 337 852 civitates
354 809 555 866 bonaque
577 822 727 850 eorum
749 807 806 850 ab
834 808 949 850 omni
973 807 1130 866 injuria
1152 806 1400 865 rapinisque
1420 806 1630 849 defendit.

142 864 414 926 Leptitanos,
437 882 627 925 quorum
646 866 944 925 superioribus
964 866 1082 909 annis
1098 866 1213 909 bona
1232 866 1261 908 J
1266 866 1353 908 uba
1372 865 1635 923 diripuerat,

139 934 185 968 et
213 924 270 968 ad
300 927 509 969 Senatum
534 925 672 983 questi
707 941 787 983 per
822 925 1005 982 legatOS,
1038 932 1173 982 atque
1201 923 1377 967 arbitris
1405 940 1431 966 a
1459 925 1628 967 Senatu

142 983 255 1027 datis
285 1000 362 1026 sua
392 992 666 1043 receperant,
699 984 844 1027 tricies
876 984 1063 1027 centenis
1094 982 1270 1027 milibus
1298 982 1446 1042 pondo
1474 982 1558 1025 olei
1586 983 1632 1026 in

140 1058 273 1087 annos
311 1042 501 1102 singulos
536 1043 713 1094 multat,
752 1042 848 1086 ideo
888 1042 1006 1101 quod
1039 1041 1177 1092 initio,
1215 1057 1294 1100 per
1333 1041 1631 1084 dissensionem

172 1102 404 1161 rincipum,
425 1101 674 1145 societatem
695 1117 794 1144 cum
815 1100 843 1144 J
848 1102 936 1144 uba
954 1101 1143 1144 inierant
1169 1115 1357 1157 eumque
1387 1100 1533 1149 armis,
1554 1100 1631 1143 mi-

137 1118 305 1212 iitibus‚
327 1161 509 1220 pecunia
526 1161 745 1219 juverant.
809 1160 1093 1210 Tisdritanos,
1126 1166 1311 1218 propter
1338 1158 1630 1202 humilitatem

141 1219 346 1270 civitatis,
369 1227 490 1264 certo
513 1235 692 1263 numero
710 1219 917 1262 frumenti
939 1218 1114 1261 multat.

199 1278 269 1322 98.
307 1278 390 1321 His
408 1279 540 1321 rebus
559 1279 705 1336 gestis,
729 1277 879 1321 Idibus
897 1278 925 1321 J
934 1294 1003 1321 un.
1030 1277 1174 1321 Uticae
1191 1275 1367 1319 classem
1382 1274 1631 1318 conscendit

141 1345 186 1380 et
221 1346 320 1396 post
352 1337 464 1381 diem
486 1337 666 1380 tertium
705 1337 883 1380 Carales
917 1337 960 1379 in
996 1336 1238 1379 Sardiniam
1277 1334 1486 1393 pervenit.
1558 1334 1627 1377 Ibi

143 1396 405 1447 Sulcitanos,
432 1396 550 1454 quod
577 1396 805 1439 Nasidium
829 1396 1006 1453 ejusque
1028 1395 1203 1437 classem
1221 1402 1491 1452 receperant,
1510 1392 1628 1451 copi-

141 1455 260 1512 isque
290 1456 510 1514 juverant,
547 1455 626 1497 HS
662 1455 819 1497 centies
847 1455 1030 1503 multam
1063 1462 1107 1496 et
1130 1469 1212 1512 pro
1232 1452 1423 1494 decumis
1455 1460 1629 1495 octavas

141 1514 331 1571 pendere
359 1515 486 1573 jubet
520 1514 717 1572 bonaque
754 1529 994 1571 paucorum
1022 1513 1173 1556 vendit
1193 1520 1237 1554 et
1259 1519 1359 1553 ante
1391 1510 1506 1553 diem
1539 1509 1625 1552 III.

146 1572 243 1616 Kal.
271 1573 449 1624 Quinct.
473 1589 602 1616 naves
624 1571 896 1621 conscendit;
928 1580 973 1615 et
991 1587 1016 1615 a
1036 1571 1265 1615 Caralibus
1282 1568 1518 1613 secundum
1539 1575 1626 1611 ter-

142 1647 238 1675 ram
257 1640 503 1690 provectus,
523 1631 884 1675 duodetricesimo
905 1631 989 1680 die,
1015 1646 1065 1674 eo
1093 1630 1212 1688 quod
1233 1625 1562 1686 tempestatibus
1582 1626 1625 1671 in

142 1692 360 1750 portubus
377 1690 677 1741 cohibebatur,
700 1690 754 1733 ad
775 1690 929 1733 urbem
954 1689 1133 1732 Romam
1154 1687 1287 1730 venit.

915 1847 1140 1890 scriptoribus
1166 1852 1197 1878 et
1221 1845 1395 1888 lapidibus
1437 1845 1491 1877 Cf.
1522 1845 1622 1878 Grut-

916 1894 1006 1924 thes.
1025 1893 1123 1923 inser.
1141 1903 1175 1933 p.
1192 1893 1254 1922 362
1270 1896 1303 1922 et
1320 1892 1411 1921 1099.

967 1938 1165 1978 Leptitanos.
1190 1934 1288 1966 Conf.
1312 1935 1349 1965 B.
1365 1933 1403 1964 C.
1418 1935 1450 1964 2.
1466 1934 1519 1964 38.
1544 1933 1595 1963 M.

191 1854 377 1896 Abroyatis.
414 1853 510 1885 Leid.
538 1854 566 1884 l.
585 1851 682 1883 offert
692 1853 849 1892 eroqate's,

146 1897 170 1930 i.
187 1909 218 1929 e.
246 1898 397 1940 inpensis
414 1898 449 1929 in
465 1897 542 1928 illos
558 1897 599 1927 ad
616 1895 766 1937 praemia.
812 1895 847 1925 ld

143 1942 242 1974 unice
258 1953 373 1974 verum
389 1941 584 1983 pronuntiat
609 1940 698 1970 Oud.
743 1939 778 1969 In
795 1938 849 1969 ed.

145 1993 256 2018 tamen
273 1988 419 2017 secunda
434 1984 573 2017 retinuit
593 1984 780 2023 vulgatum.

189 2032 366 2061 Sallustio.
401 2030 453 2060 Cf.
470 2039 545 2069 cap.
564 2029 615 2059 34.
654 2026 711 2056 Est
733 2031 847 2056 autem

145 2073 185 2112 is,
208 2074 304 2115 cujus
330 2073 470 2105 historia
496 2071 577 2103 belli
591 2070 693 2102 Catil.
719 2075 752 2100 et
767 2070 847 2110 Jug.

144 2118 330 2150 hodienum
355 2123 474 2149 exstat.
519 2114 735 2147 Provinciam
758 2113 848 2144 foede

143 2161 309 2204 expilavit
327 2167 591 2203 perpetuamque
615 2158 715 2189 famae
733 2167 849 2187 macu-

143 2207 213 2238 lam
250 2207 426 2247 adspersit.
487 2204 555 2235 Dio
586 2202 682 2234 Cass.
723 2203 778 2238 43,
817 2202 849 2232 9.

144 2250 245 2282 Conf.
262 2250 410 2282 Fabricii
428 2248 514 2280 bibl.
532 2246 627 2279 latin.
644 2246 707 2278 lib.
728 2247 755 2275 1.
774 2253 850 2285 cap.

143 2297 175 2326 9.
200 2295 250 2326 M.
295 2294 382 2326 Edd.
405 2299 472 2326 vet.
495 2292 621 2324 addunt
647 2291 686 2322 P.
707 2290 749 2320 R.
768 2289 850 2321 Pro-

148 2340 289 2370 consule.

194 2383 290 2421 Item,
313 2378 480 2413 similiter.
525 2379 655 2420 Nempe
678 2377 740 2408 hos
764 2385 850 2417 quo-

145 2437 212 2467 que
228 2436 328 2467 poena
344 2425 479 2456 adfecit.
516 2425 567 2455 M.
601 2421 672 2455 Alii
694 2423 849 2461 itemque.

146 2471 184 2502 In
202 2469 316 2501 multis
331 2469 430 2500 codd.
447 2469 541 2499 deest
566 2472 600 2498 et
614 2466 732 2498 abesse
756 2474 850 2495 com-

146 2515 247 2545 mode
264 2519 385 2555 potest,
413 2512 450 2543 ni
473 2511 555 2552 quid
571 2510 641 2546 hic,
665 2509 756 2551 quod
772 2518 849 2539 cum

146 2557 284 2589 Clarkio
301 2562 395 2598 putat
410 2555 499 2587 Oud.
515 2554 661 2586 deficiat.

194 2603 260 2633 HS
274 2602 414 2633 vicesies.
438 2599 550 2639 Vulgo
568 2600 635 2629 HS
660 2597 730 2641 XX
742 2596 849 2627 milia.

149 2645 241 2683 Quia
266 2656 344 2677 vero
366 2644 468 2675 codd.
494 2648 528 2674 et
553 2642 628 2673 edd.
654 2640 771 2682 primae
784 2648 850 2669 non

145 2689 275 2721 habent
291 2689 378 2720 illud
391 2688 500 2725 milia,
531 2686 589 2716 sed
607 2691 735 2716 tantum
750 2688 850 2714 notas

146 2743 363 2765 numerorum
378 2744 386 2762 :
410 2735 487 2772 post
501 2729 620 2761 Gland.
644 2728 733 2759 Oud.
745 2726 851 2758 edidit

145 2779 286 2815 vicesies,
301 2778 450 2814 tricesies,
459 2780 526 2805 ete.
538 2771 754 2812 laudavitque
765 2771 852 2803 Gro-

149 2821 241 2853 novii
257 2823 371 2853 locum
387 2820 428 2851 de
443 2828 519 2860 pec.
534 2823 601 2848 vet.
617 2819 648 2855 3,
665 2819 697 2845 2.
723 2816 772 2846 M.

195 2865 431 2897 adrumetinis.
466 2862 520 2893 Sic
549 2860 646 2893 Leid.
678 2861 707 2890 1.
737 2858 848 2899 Vulgo

150 2909 397 2942 Adrunwtam‘s.
435 2906 498 2939 Sed
511 2906 616 2940 altera
630 2904 738 2939 forma
754 2908 849 2935 sueta

961 1982 1006 2011 ΕΙ,
1018 1981 1062 2012 ad
1075 1981 1251 2011 Senatum.
1275 1979 1356 2018 Leg.
1368 1983 1398 2009 et
1413 1978 1471 2019 qui
1481 1976 1528 2007 ad
1541 1977 1622 2007 Sen-

916 2029 1022 2056 atum..
1061 2023 1191 2054 Deinde
1214 2020 1394 2053 deleverim
1417 2025 1530 2062 alque.
1567 2020 1620 2051 M.

917 2068 1065 2098 Omnino
1084 2066 1132 2098 sic
1149 2066 1281 2107 planior
1298 2065 1392 2096 locus
1408 2064 1505 2095 foret.
1528 2062 1618 2095 Oud.

916 2117 1010 2152 putat
1026 2109 1201 2142 subaudiri
1219 2112 1290 2151 qui,
1312 2114 1346 2139 et
1360 2108 1445 2140 citat
1468 2118 1500 2139 c.
1517 2109 1570 2139 68.
1584 2112 1620 2139 et

916 2156 956 2186 G.
972 2157 1003 2191 4,
1022 2159 1051 2186 3.
1067 2161 1137 2185 tum
1153 2154 1249 2185 codd.
1273 2152 1387 2195 Cujac.
1405 2151 1507 2184 habet
1528 2152 1621 2183 arbi-

916 2201 978 2231 trio
992 2210 1014 2229 a
1028 2200 1064 2229 S.
1078 2199 1169 2230 clato.

962 2243 1089 2275 Pondo.
1125 2242 1179 2273 Sic
1197 2241 1359 2273 Ciaccon.
1374 2240 1472 2273 bene.
1503 2239 1617 2281 Vulgo

912 2287 1068 2328 ponderis
1082 2286 1138 2317 vel
1149 2286 1362 2328 ponderibus.
1402 2285 1457 2316 Cf.
1472 2283 1619 2316 Gronov.

917 2331 957 2361 de
977 2341 1053 2371 pec.
1069 2336 1136 2361 vet.
1152 2334 1185 2369 2,
1204 2334 1233 2360 5.

962 2375 1079 2407 Idibus
1109 2374 1188 2406 san.
1212 2373 1268 2405 die
1286 2375 1339 2412 14,
1366 2371 1504 2414 Aprilis.
1533 2371 1616 2403 Mox

917 2423 994 2449 ante
1004 2418 1038 2449 d.
1053 2419 1132 2450 III.
1149 2418 1232 2450 Kal.
1251 2419 1380 2452 Quinct.
1403 2422 1454 2448 est
1474 2415 1547 2447 dies
1564 2418 1620 2447 29.

916 2461 1055 2503 Aprilis.
1084 2462 1154 2493 vid.
1181 2461 1311 2493 Usserii
1328 2461 1473 2493 Annales
1488 2460 1512 2491 1.
1527 2470 1558 2491 c.
1572 2460 1616 2490 ad

915 2516 990 2547 cap.
1019 2507 1073 2537 75.
1097 2507 1148 2538 M.
1193 2505 1384 2537 Guischard
1407 2504 1513 2535 Mem.
1540 2502 1616 2534 crit.

916 2560 951 2591 p.
969 2551 1044 2581 392.
1074 2550 1226 2591 adsignat
1253 2549 1310 2581 VI.
1338 2554 1372 2579 et
1401 2548 1497 2579 XXI.
1520 2546 1618 2578 Maii.

915 2595 1074 2626 Ceterum
1103 2595 1202 2625 codd.
1241 2592 1448 2634 antiquiores
1488 2590 1616 2622 habent

915 2642 993 2669 ante
1007 2638 1097 2669 diem
1115 2639 1180 2670 IV.
1198 2637 1280 2668 Kal.
1298 2638 1427 2671 Quinct.

961 2683 1150 2713 Provectws.
1191 2680 1247 2712 Sic
1273 2680 1372 2712 codd.
1397 2683 1431 2709 et
1456 2678 1533 2709 edd.
1548 2683 1617 2711 vet.

917 2725 1029 2766 Vulgo
1044 2725 1214 2767 profectas.

959 2771 1105 2801 Romam
1119 2770 1218 2800 venit.
1263 2766 1315 2798 Ibi
1331 2771 1474 2808 quatuor
1495 2764 1616 2797 trium-

916 2814 1002 2855 phos
1042 2812 1124 2854 egit,
1167 2813 1207 2843 de
1257 2811 1376 2848 Gallis,
1433 2809 1617 2850 Pharnace,

915 2859 1075 2899 AEgypt0‚
1105 2856 1197 2888 Juba
1223 2854 1416 2896 (Appianus
1431 2854 1470 2885 C.
1487 2857 1520 2892 2,
1541 2856 1613 2885 101.

917 2912 949 2944 p.
976 2903 1052 2943 491.
1080 2900 1203 2938 Vellei.
1248 2900 1377 2933 Patere.
1403 2902 1436 2938 2,
1462 2899 1516 2930 56.
1544 2897 1613 2931 Dio
