1946 3261
240 254 326 298 336
693 247 777 291 DE
810 244 1012 289 BELLO
1045 244 1257 288 CIVILl.

299 378 371 422 35.
406 377 502 425 Qua
531 373 574 415 in
594 373 700 431 fuga
721 372 882 416 Fabius
907 372 1110 429 Pelignus
1132 372 1324 429 quidam,
1355 388 1408 414 ex
1429 371 1581 415 infimis
1603 373 1714 416 ordi-

241 439 367 481 nibus
399 434 452 476 de
472 432 665 474 exercitu
689 432 906 481 Curionis,
941 430 1131 488 primum
1162 446 1315 488 agmen
1336 430 1596 488 fugientium
1616 447 1715 474 con-

240 503 426 541 secutus,
460 506 617 548 magna
648 506 753 533 voce
781 490 947 533 Varum
981 489 1150 531 nomine
1183 488 1404 547 adpellans
1436 490 1711 546 requirebat:

240 553 306 595 uti
342 567 452 594 unus
481 565 567 592 esse
604 564 657 590 ex
689 549 779 607 ejus
808 548 1020 590 militibus
1053 554 1097 588 et
1117 563 1289 590 monere
1319 547 1486 604 aliquid
1520 548 1632 590 velle
1664 563 1714 590 ac

240 610 382 653 dicere
413 607 652 652 videretur.
716 607 808 650 Ubi
842 607 929 655 ille,
960 605 1114 663 saepius
1144 605 1399 663 adpellatus,
1430 606 1627 664 adspexit
1663 621 1714 648 ac

240 669 402 712 restitit
434 676 494 717 et,
528 666 624 723 quis
657 674 782 715 esset,
813 674 890 707 aut
921 665 1028 721 quid
1058 664 1207 713 vellet,
1236 664 1455 722 quaesivit;
1487 664 1717 708 humerum

239 735 442 785 apertum
458 725 604 784 gladio
622 724 789 782 adpetit
806 723 1088 781 paullumque
1105 723 1264 772 abfuit,
1279 723 1384 780 quin
1403 723 1568 765 Varum
1584 722 1716 766 inter-

242 785 412 828 ficeret:
447 784 564 843 quod
587 782 658 825 ille
682 781 940 840 periculum,
971 781 1143 823 sublato
1165 781 1219 823 ad
1240 781 1329 839 ejus
1355 790 1554 824 conatum
1574 790 1714 832 scuto,

238 844 410 886 vitavit.
474 841 650 891 Fabius,
681 857 706 883 a
737 840 943 899 proximis
976 840 1187 882 militibus
1218 840 1551 889 circumventus,
1585 841 1716 882 inter-

238 901 399 945 ficitur.
465 900 560 943 Hac
582 900 842 958 fugientium
862 898 1142 941 multitudine
1174 914 1223 940 ac
1245 899 1378 941 turba
1399 908 1537 956 portae
1557 906 1716 940 castro-

239 977 340 1003 rum
371 966 642 1017 occupantur
676 967 807 1016 atque
839 958 921 999 iter
949 957 1192 1015 inpeditur;
1226 957 1461 1015 pluresque
1483 957 1525 999 in
1545 973 1596 999 eo
1619 956 1715 1000 loco

239 1020 326 1062 sine
363 1018 563 1067 vulnere,
606 1033 735 1074 quam
774 1017 817 1058 in
857 1016 1012 1074 proelio
1045 1025 1121 1058 aut
1155 1016 1276 1073 fuga,
1309 1015 1545 1065 intereunt,
1576 1030 1715 1072 neque

238 1078 427 1120 multum
446 1076 604 1125 abfuit,
627 1076 732 1132 quin
753 1075 881 1117 etiam
903 1074 1053 1117 castris
1074 1074 1417 1132 expellerentur:
1451 1090 1500 1116 ac
1521 1068 1716 1116 nonnulli

240 1137 439 1194 protinus
459 1134 609 1177 eodem
629 1149 759 1175 cursu
780 1134 822 1175 in
845 1134 1051 1191 oppidum
1073 1132 1403 1175 contenderunt.
1458 1133 1558 1181 Sed,
1580 1148 1715 1190 quum

240 1195 326 1238 loci
358 1203 513 1236 natura
546 1201 591 1234 et
617 1192 802 1233 munitio
833 1202 1074 1234 castrorum
1107 1190 1273 1232 aditum
1306 1191 1585 1248 prohibebat:
1621 1200 1716 1233 tum

240 1253 360 1311 quod
375 1253 429 1295 ad
446 1250 649 1309 proelium
665 1250 822 1307 egressi
842 1250 1045 1292 Curionis
1063 1249 1218 1291 milites
1236 1249 1284 1291 iis
1300 1250 1430 1291 rebus
1450 1249 1715 1306 indigebant,

241 1328 339 1369 quae
360 1311 414 1353 ad
435 1308 805 1367 obpugnationem
826 1318 1064 1350 castrorum
1084 1316 1207 1349 erant
1230 1307 1338 1349 usui.
1403 1307 1555 1364 Itaque
1579 1307 1716 1350 Curio

239 1369 478 1412 exercitum
521 1367 564 1408 in
600 1375 738 1408 castra
771 1367 958 1415 reducit,
989 1366 1075 1407 suis
1105 1365 1301 1407 omnibus
1343 1374 1501 1423 praeter
1532 1365 1716 1408 Fabium

238 1426 544 1474 incolumibus,
577 1441 629 1467 ex
651 1440 830 1466 numero
862 1424 1208 1467 adversariorum
1236 1424 1409 1466 circiter
1430 1425 1636 1466 sexcentis
1657 1425 1717 1466 in-

241 1485 435 1528 terfectis
466 1500 515 1526 ac
543 1483 642 1525 mile
674 1483 934 1525 vulneratis:
980 1483 1057 1540 qui
1091 1498 1250 1532 omnes,
1282 1481 1466 1525 discessu
1501 1482 1718 1532 Curionis,

240 1544 454 1601 multique
477 1550 702 1600 praeterea,
731 1558 808 1600 per
829 1542 1142 1584 simulationem
1164 1541 1407 1591 vulnerum,
1431 1558 1484 1583 ex
1505 1541 1654 1583 castris
1674 1542 1716 1584 in

243 1602 454 1661 oppidum
487 1609 668 1658 propter
700 1601 899 1643 timorem
930 1617 1016 1642 sese
1045 1600 1276 1658 recipiunt.
1341 1601 1439 1649 Qua
1459 1615 1505 1641 re
1527 1600 1717 1644 animum

241 1661 438 1709 adversa,
467 1660 626 1706 Varus,
657 1666 701 1699 et
723 1667 890 1701 terrore
912 1659 1123 1700 exercitus
1152 1659 1341 1716 cognito,
1376 1658 1651 1701 buccinatore
1673 1658 1716 1700 iu

242 1720 390 1762 castris
426 1725 470 1759 et
505 1717 650 1774 paucis
681 1716 735 1758 ad
756 1717 939 1774 speciem
972 1717 1260 1758 tabernaculis
1292 1717 1465 1766 relictis,
1499 1717 1552 1758 de
1586 1716 1716 1759 tertia

243 1778 393 1834 vigilia
414 1775 584 1818 silentio
606 1775 843 1817 exercitum
866 1775 908 1816 in
930 1775 1137 1832 oppidum
1160 1775 1341 1817 reducit.

299 1837 369 1877 35.
406 1835 585 1876 Postero
618 1832 687 1875 die
722 1834 858 1875 Curio
882 1833 1059 1876 Uticam
1090 1833 1286 1875 obsidere
1320 1842 1364 1875 et
1393 1833 1507 1874 vallo
1536 1833 1715 1876 circum-

244 1894 411 1937 munire
445 1891 648 1934 instituit.
711 1892 819 1933 Erat
854 1892 895 1933 in
927 1891 1092 1949 oppido
1123 1890 1360 1933 multitudo
1394 1891 1574 1934 insolens
1593 1892 1714 1941 belli,

243 1951 532 1994 diuturnitate
554 1950 647 1991 otii:
684 1951 911 1993 Uticenses
933 1966 1015 2007 pro
1037 1949 1293 2007 quibusdam
1315 1950 1494 1992 Caesaris
1515 1950 1556 1991 in
1578 1967 1620 1992 se
1641 1951 1714 1992 be-

242 2010 402 2053 neficiis
423 2009 486 2051 illi
510 2008 772 2051 amicissimi:
806 2017 1040 2050 conventus
1070 2008 1118 2057 is,
1154 2008 1228 2065 qui
1262 2024 1313 2049 ex
1335 2008 1460 2050 variis
1487 2008 1716 2065 generibus

245 2077 482 2111 constaret:
529 2077 672 2109 terror
701 2083 754 2109 ex
784 2066 1079 2125 superioribus
1110 2065 1272 2124 proeliis
1304 2082 1497 2124 magnus.
1562 2065 1715 2125 Itaque

243 2127 298 2169 de
319 2126 536 2170 deditione
565 2141 708 2168 omnes
739 2126 880 2183 palam
902 2125 1192 2183 loquebantur
1213 2133 1257 2167 et
1278 2140 1376 2166 cum
1400 2124 1450 2167 P.
1471 2124 1598 2168 Attio
1619 2141 1717 2184 age-

1015 2270 1156 2302 L'rsinus
1185 2282 1204 2301 e
1229 2270 1349 2302 codice
1378 2270 1543 2302 restituit:
1576 2271 1608 2301 in
1636 2270 1717 2302 aliis

1014 2316 1113 2346 codd.
1128 2315 1181 2345 vel
1198 2315 1302 2352 deest,
1315 2315 1367 2345 vel
1387 2314 1418 2344 in
1435 2325 1502 2345 uno
1517 2325 1556 2346 ac
1572 2325 1608 2345 eo
1622 2315 1716 2346 tuln.

1014 2359 1146 2398 legitur,
1170 2364 1205 2389 ut
1229 2359 1262 2389 in
1279 2357 1356 2390 aliis
1377 2368 1486 2389 rursus
1508 2364 1606 2399 anue
1621 2359 1716 2389 vuln-

294 2273 412 2304 Dicere
439 2273 618 2304 rideretur.
671 2271 826 2303 Jurinius
854 2271 950 2303 malit

251 2316 378 2348 docere.

296 2361 490 2391 Humerum
514 2364 681 2400 aponum,
705 2360 769 2390 hoc
786 2365 848 2397 est,
871 2360 949 2390 dex-

248 2411 347 2443 trum,
369 2404 429 2445 qui
444 2408 538 2434 scuto
557 2413 623 2434 non
638 2403 827 2443 tegebatur.
873 2404 951 2434 I'os-

247 2458 325 2479 scus,

298 2491 463 2532 Hacfuq.
508 2490 563 2522 Sic
580 2490 678 2521 codd.
693 2489 844 2530 quidam.
879 2489 949 2521 Alii

252 2536 310 2573 Ac,
329 2535 409 2565 item
425 2536 464 2566 A.

295 2579 432 2610 Aditum
466 2577 671 2619 prohibebat.

249 2622 345 2654 aditu
357 2622 586 2664 prohibebant.

300 2667 388 2697 Tum
421 2665 521 2706 quod.
576 2665 612 2696 Id
641 2670 724 2701 tum,
756 2665 843 2696 male
873 2672 948 2695 ante

248 2713 277 2739 e!
295 2711 433 2740 munitio
445 2708 604 2749 positum,
619 2709 683 2739 huc
699 2720 716 2739 e
730 2709 827 2739 codd.
844 2715 950 2740 trans-

249 2752 325 2783 tulit
341 2752 430 2783 Oud.

298 2797 378 2830 Quae
415 2795 460 2826 ml

727 2577 836 2608 Bentl.
868 2577 949 2609 'solit

497 2796 568 2837 obp.
624 2795 780 2827 Clarkius
817 2806 835 2826 e
873 2796 947 2826 cod.

253 2839 365 2879 Regio
381 2838 476 2869 addit
491 2850 552 2875 res,
574 2845 609 2870 ut
625 2840 710 2871 solet
724 2845 849 2870 noster.
895 2840 947 2870 Sic

248 2882 410 2924 repetitur
427 2882 514 2913 locis
529 2894 603 2924 cap.
621 2886 674 2915 41.

296 2927 341 2958 Ac
360 2927 438 2958 mile
459 2927 652 2959 vulneratis.
701 2926 848 2959 Verbum
871 2928 949 2959 mile

1013 2402 1225 2439 Ciacconius,
1256 2408 1290 2432 et
1321 2407 1395 2442 post
1426 2402 1513 2432 hunc
1545 2402 1714 2440 Davisius,

1010 2447 1079 2487 jam
1096 2445 1237 2484 monuit,
1255 2445 1447 2486 Appianum
1463 2445 1539 2477 Civ.
1553 2448 1586 2483 2,
1603 2447 1655 2475 44.
1681 2456 1716 2487 p.

1014 2495 1088 2521 455.
1105 2490 1242 2526 tradere,
1254 2495 1428 2520 sexcentos
1441 2500 1459 2519 e
1475 2489 1553 2520 Vari
1563 2489 1714 2520 exercitu

1014 2532 1168 2575 periisse,
1195 2534 1364 2575 multoque
1386 2534 1500 2574 plures
1525 2533 1716 2564 vulneratos

1012 2589 1100 2608 esse.
1125 2578 1174 2608 M.

1061 2623 1339 2653 circummunire.
1384 2620 1452 2652 Alii
1467 2623 1717 2652 circumvenire.

1014 2671 1049 2696 ut
1068 2668 1095 2696 l.
1117 2666 1166 2695 18.

1060 2711 1270 2740 .4micissimi.
1316 2707 1423 2739 Codd.
1437 2707 1575 2750 quidam
1589 2713 1623 2738 et
1637 2707 1712 2738 edd.

1012 2758 1080 2783 vet.
1096 2753 1220 2783 addunt
1235 2757 1342 2783 eram.

1061 2798 1255 2827 Conventus.
1300 2795 1353 2826 Cf.
1370 2795 1440 2826 Ind.
1466 2796 1515 2826 M.

1059 2841 1198 2871 Palam.
1258 2838 1382 2869 Mirum
1427 2845 1490 2877 est,
1528 2839 1560 2870 in
1599 2836 1714 2868 multis

1013 2884 1113 2914 codd.
1146 2893 1212 2914 non
1244 2882 1402 2923 pessimis
1430 2885 1465 2914 in
1489 2885 1606 2924 palam
1633 2880 1713 2921 legi,

1010 2927 1101 2969 quod
1125 2925 1281 2960 Davisius
1308 2926 1485 2967 exemplis,
1505 2925 1563 2957 sed
1586 2924 1712 2956 ultima}
