1946 3261
520 230 637 275 LIB.
669 229 733 274 Π.
793 230 932 274 CAP.
970 230 1153 273 14-15.

89 372 169 415 per
189 357 325 401 scelus
346 356 518 402 violatis
537 374 656 401 suam
690 359 900 402 virtutem
922 358 1073 400 inrisui
1110 358 1203 401 fore
1240 358 1575 417 perdoluerunt‚

88 416 228 474 quod,
251 417 366 461 unde
387 434 522 476 agger
544 419 716 461 omnino
753 416 1006 476 conportari
1035 426 1195 475 posset,
1226 417 1333 459 nihil
1364 427 1458 462 erat
1478 421 1577 464 reli-

91 492 249 533 quum:
283 477 480 519 omnibus
516 477 750 519 arboribus
786 477 916 534 longe
948 476 1123 532 lateque
1161 476 1205 518 in
1237 475 1395 519 finibus
1425 478 1578 523 Massi-

87 532 283 577 liensium
303 535 452 578 excisis
485 543 529 577 et
552 535 782 586 convectis,
824 543 852 561 ‘⁴
875 550 1081 593 aggerem
1114 533 1214 576 novi
1247 536 1416 592 generis
1442 546 1578 596 atque

88 599 117 618 “
141 593 385 636 inauditum
406 610 459 636 ex
479 592 680 636 lateritiis
701 594 872 637 duobus
892 593 1044 641 muris,
1082 608 1232 635 senum
1253 594 1412 650 pedum
1432 598 1578 641 crassi-

87 657 116 677 “
140 651 308 702 tudine,
330 661 465 710 atque
488 668 638 694 eorum
654 668 881 695 murorum
901 651 1269 710 contignationem
1289 652 1430 695 facere
1459 655 1577 699 insti-

88 717 117 736 “
141 718 339 760 tuerunt,
372 726 495 768 aequa
533 711 624 752 fere
660 710 910 761 latitudine,
943 719 1077 768 atque
1108 710 1181 753 ille
1219 712 1500 769 congestitius
1522 731 1576 759 ex

87 776 118 795 “
141 769 322 811 materia
352 769 496 811 fuerat
529 785 678 827 agger.
742 770 836 813 Ubi
858 778 935 812 aut
956 769 1148 828 spatium
1177 769 1292 812 inter
1312 785 1476 821 muros,
1498 783 1577 817 aut

86 834 116 854 ‘⁶
139 826 400 870 inbecillitas
421 829 612 871 materiae
634 829 855 887 postulare
877 828 1121 878 videretur,
1163 827 1264 888 pilae
1287 828 1575 888 interponun-

85 893 115 912 “
139 893 229 936 tur,
260 887 570 930 transversaria
602 888 725 946 tigna
753 888 1024 946 injiciuntur,
1058 903 1157 944 quae
1188 886 1460 931 firmamento
1487 905 1575 933 esse

85 953 116 971 ‘⁶
138 945 301 1002 possint
321 961 330 987 :
365 955 424 998 et,
445 946 657 1003 quidquid
679 955 743 989 est
773 946 1091 1005 contignatum‚
1127 946 1321 989 cratibus
1343 949 1578 991 consterni-

85 1012 115 1030 ‘⁶
139 1013 213 1046 tur
233 1014 461 1062 cratesque
484 1005 579 1047 luto
602 1006 902 1064 integuntur.'’
967 1006 1062 1049 Sub
1085 1014 1201 1048 tecto
1223 1005 1361 1056 miles,
1396 1005 1579 1051 dextera

84 1078 134 1106 ac
153 1062 324 1106 sinistra
345 1079 470 1106 muro
492 1072 648 1117 tectus,
670 1065 872 1107 adversus
906 1064 1048 1123 plutei
1075 1065 1265 1124 objectu,
1303 1065 1428 1124 operi
1461 1082 1578 1125 quae-

83 1136 266 1179 cumque
303 1122 399 1164 usui
439 1132 556 1172 sunt,
594 1124 683 1166 sine
718 1124 912 1182 periculo
946 1124 1194 1182 subportat.
1260 1124 1478 1167 Celeriter
1504 1140 1572 1168 res

84 1179 437 1224 administratur:
470 1181 667 1225 diuturni
705 1183 868 1226 laboris
898 1183 1206 1226 detrimentum
1228 1183 1403 1225 solertia
1421 1192 1466 1225 et
1487 1183 1578 1226 vir-

84 1247 182 1282 tute
210 1239 399 1282 militum
421 1240 547 1283 brevi
568 1242 925 1285 reconcinnatur:
961 1251 1115 1299 portae,
1150 1240 1310 1298 quibus
1330 1240 1436 1284 locis
1458 1242 1578 1286 vide-

85 1306 176 1347 tur,
199 1297 439 1356 eruptionis
460 1315 604 1341 caussa
625 1300 667 1340 in
689 1314 815 1340 muro
838 1298 1164 1353 relinquuntur.

148 1356 213 1398 16.
249 1356 380 1406 Quod
423 1357 499 1399 ubi
537 1356 677 1397 hostes
719 1354 941 1403 viderunt,
984 1370 1049 1403 ea,
1089 1370 1188 1411 quae
1230 1357 1307 1399 diu
1350 1357 1576 1416 longoque

86 1417 227 1473 spatio
249 1415 366 1457 refici
384 1430 469 1457 non
491 1430 614 1471 posse
636 1421 892 1471 sperassent,
916 1428 1157 1469 paucorum
1187 1413 1356 1455 dierum
1375 1432 1510 1473 opera
1531 1426 1577 1460 et

83 1472 233 1515 labore
254 1473 315 1515 ita
333 1474 515 1521 refecta,
554 1481 604 1514 ut
634 1471 777 1513 nullus
801 1470 994 1528 perfidiae
1024 1486 1165 1528 neque
1204 1471 1427 1529 eruptioni
1457 1473 1578 1518 locus

85 1541 210 1581 esset,
247 1548 388 1588 neque
426 1531 666 1588 quidquam
700 1530 873 1572 omnino
910 1528 1252 1587 relinqueretur,
1291 1546 1378 1587 quo
1416 1541 1494 1574 aut
1531 1534 1576 1576 vi

85 1591 312 1640 militibus,
334 1599 409 1632 aut
430 1589 519 1647 igni
537 1589 742 1647 operibus
765 1587 911 1631 noceri
931 1597 1096 1646 posset;
1121 1587 1358 1645 eodemque
1374 1592 1575 1648 exemplo

83 1649 291 1699 sentiunt,
327 1657 464 1690 totam
486 1648 656 1698 urbem,
679 1663 767 1705 qua
800 1647 856 1689 sit
876 1647 1019 1689 aditus
1049 1647 1104 1689 ab
1129 1655 1262 1697 terra,
1296 1662 1422 1690 muro
1445 1651 1577 1692 turri-

85 1708 253 1766 busque
274 1707 493 1750 circumiri
512 1722 649 1765 posse‚
684 1707 758 1755 sic,
795 1716 845 1748 ut
867 1705 968 1764 ipsis
989 1705 1248 1748 consistendi
1269 1705 1311 1747 in
1335 1706 1420 1749 suis
1439 1709 1578 1750 muni-

86 1767 278 1810 tionibus
299 1767 419 1809 locus
441 1781 526 1808 non
544 1775 669 1815 esset,
692 1781 828 1823 quum
851 1781 971 1823 paene
1004 1764 1260 1807 inaedificata
1297 1764 1339 1807 in
1362 1766 1497 1809 muris
1515 1767 1574 1810 ab

83 1825 279 1869 exercitu
298 1834 447 1868 nostro
467 1825 622 1867 moenia
643 1824 899 1867 viderentur
921 1841 969 1866 ac
989 1823 1075 1866 tela
1090 1839 1219 1866 manu
1237 1824 1574 1882 conjicerentur,

85 1900 348 1942 suorumque
371 1892 692 1927 tormentorum
713 1899 852 1933 usum,
887 1883 1046 1940 quibus
1069 1883 1151 1941 ipsi
1186 1898 1342 1940 magna
1363 1885 1574 1941 speravis-

83 1951 193 1994 sent,
230 1944 372 2002 spatio
407 1943 749 2001 propinquitatis
791 1942 995 1991 interire3
1030 1942 1214 2000 parique
1248 1940 1494 1985 conditione
1515 1959 1571 1985 ex

84 2016 211 2046 muro
231 2019 281 2046 ac
302 2003 501 2045 turribus
529 2002 717 2045 bellandi
750 2001 869 2052 data,
902 2001 1070 2044 virtute
1091 2017 1134 2043 se
1156 2000 1312 2043 nostris
1340 2000 1570 2059 adaequare

861 2147 1024 2178 docuerat
1037 2144 1219 2177 Cellarius.
1263 2144 1298 2177 Si
1324 2156 1403 2187 ergo
1430 2149 1571 2180 ruinosa

857 2192 1096 2223 reconcinnare
1118 2188 1252 2228 dicitur,
1277 2189 1346 2221 dici
1370 2189 1477 2222 etiam
1506 2202 1570 2233 po-

861 2240 924 2265 test
952 2235 1192 2265 detrimentum
1216 2236 1460 2273 reconcinnari,
1487 2235 1570 2277 quia

861 2277 1104 2309 detrimentum
1132 2277 1166 2309 h.
1193 2278 1216 2309 1.
1239 2283 1290 2309 est
1311 2278 1571 2318 detrimentum,

138 2147 343 2180 Latitudine.
390 2148 509 2179 Plures
534 2147 664 2179 malunt
679 2149 798 2180 altitu-

89 2189 179 2223 dine.
202 2192 253 2222 M.

138 2237 371 2278 Conqestitius.
396 2235 451 2267 Sic
463 2235 554 2266 Oud.
566 2235 655 2266 bene
667 2246 685 2266 e
696 2235 794 2266 codd.

90 2277 206 2320 Vulgo
221 2285 403 2321 conyesms.

137 2324 205 2354 Aut
242 2326 401 2365 spatium.
447 2323 640 2365 Legebatur
670 2326 795 2359 mrtem,

93 2367 152 2398 sed
169 2378 188 2397 e
204 2368 304 2398 codd.
321 2373 354 2398 et
369 2368 444 2399 edd.
464 2374 531 2399 vet.
547 2367 795 2398 emendandum

91 2411 196 2442 suasit
210 2410 382 2443 Clarkius.
405 2412 566 2443 Conrexit
579 2411 669 2442 Oud.

134 2455 237 2486 Maro
263 2460 377 2486 tectus.
425 2455 464 2486 To*
493 2461 594 2487 tectus
619 2455 794 2486 abundare

92 2498 210 2531 statuit
225 2498 410 2531 Marcland.
423 2511 454 2541 p.
470 2502 546 2531 268.
573 2500 697 2530 Verum
712 2508 796 2529 con-

90 2542 315 2576 sentientibus
344 2545 443 2575 codd.
479 2542 688 2575 abundantia
727 2552 794 2573 non

90 2592 204 2619 nocet.
250 2588 315 2618 Pro
340 2588 399 2618 sub
426 2592 510 2619 tecta
534 2587 595 2620 alii
619 2588 681 2618 sub
698 2591 795 2624 teaeto,

92 2631 186 2673 quod
206 2631 319 2672 placet
332 2631 488 2663 Grutero.

138 2675 318 2713 Adversus,
341 2675 494 2707 afronte.
518 2676 568 2706 M.

139 2720 415 2751 Reco‘ncinnatur.

92 2761 172 2804 quis
186 2763 300 2802 fuerit,
316 2763 468 2804 reposuit
483 2773 544 2804 pro
561 2762 684 2793 vitiosa
696 2762 795 2794 codi-

92 2817 171 2838 cum
187 2807 342 2839 omnium
356 2808 515 2846 lectione,
526 2817 603 2848 quae
619 2812 669 2837 est
682 2817 796 2837 recon-

92 2852 241 2883 ciliatur.
282 2852 370 2883 Nam
386 2854 622 2884 recorwinnare
639 2850 673 2881 in
690 2850 796 2881 aedifi-

93 2896 200 2926 cando
236 2895 318 2938 poni
353 2905 416 2937 pro
455 2895 628 2933 resarcire,
657 2894 793 2926 reficere

92 2939 267 2982 conlapsa,
281 2950 323 2974 ex
339 2939 412 2974 Cic.
425 2941 468 2973 ad
485 2939 552 2978 Qu.
566 2939 619 2972 Fr.
632 2942 664 2978 2,
680 2940 710 2971 6.
723 2939 794 2981 jam

464 2720 570 2750 Recte
594 2719 674 2757 hoc,
702 2717 797 2759 quis-

861 2322 956 2354 ruina
971 2327 1153 2363 acceptum
1169 2322 1252 2360 (den
1271 2322 1424 2354 Schaden
1437 2323 1572 2355 ausbes·

859 2368 966 2403 sei-n).
990 2367 1040 2397 M.
1087 2366 1175 2397 Scal.
1194 2366 1264 2407 jam
1282 2366 1389 2397 habet
1402 2369 1571 2399 reconcin-

861 2415 975 2442 natur.
1012 2409 1051 2440 ΤΒ
1073 2411 1311 2442 reconciliatur
1333 2410 1569 2452 metaphoram

862 2454 966 2486 habet
979 2453 1022 2485 ab
1037 2453 1204 2485 amicitia.

908 2498 1002 2533 Quod
1014 2499 1085 2529 ubi.
1100 2498 1198 2530 Leid.
1215 2501 1246 2529 2.
1274 2498 1341 2530 Sed
1350 2500 1418 2531 ubi.
1438 2497 1567 2531 Verum

859 2543 946 2584 quod
970 2552 1210 2583 nonnunquam
1241 2543 1383 2573 eandem
1406 2541 1475 2573 vim
1505 2542 1568 2574 ha-

860 2586 934 2625 bet,
950 2592 986 2618 ut
1002 2591 1096 2617 notat
1108 2587 1244 2618 Manut.
1257 2587 1300 2617 ad
1314 2586 1347 2616 h.
1363 2586 1386 2617 1.

904 2631 1020 2662 Aditus
1034 2632 1076 2662 ab
1091 2636 1199 2662 terra.
1242 2629 1336 2661 Male
1352 2634 1430 2671 post
1453 2629 1569 2662 aditus·

859 2674 991 2716 virgula
1007 2675 1148 2706 locatur.

907 2721 1103 2751 Cen-cumin.
1127 2718 1183 2749 Sic
1201 2718 1302 2748 codd.
1331 2717 1392 2748 Ast
1404 2718 1480 2748 edd.
1496 2722 1566 2750 vet.

858 2764 1106 2799 circumveniri,
1125 2762 1218 2802 quod
1232 2760 1362 2802 recepit
1375 2761 1511 2793 Clarke.

906 2808 1008 2838 Poene
1022 2806 1175 2845 iizaedz'fic.
1190 2822 1235 2828 —
1249 2807 1385 2836 moenia.
1430 2804 1564 2838 Moenia

861 2850 1009 2882 hostium
1034 2849 1182 2881 lateritia
1211 2850 1258 2888 (e.
1294 2849 1349 2887 15)
1377 2848 1425 2880 ita
1454 2860 1562 2891 prope

858 2905 976 2926 muros
1028 2893 1122 2925 urbis
1169 2892 1394 2924 Massiliensis
1437 2900 1564 2928 structa

860 2944 968 2978 erant,
982 2944 1020 2971 ut
1034 2948 1094 2971 eos
1106 2937 1175 2971 fere
1188 2942 1370 2980 tangerent.
1394 2938 1444 2970 M.

1359 2989 1391 3025 Y
