1992 3271
639 125 755 170 LIB.
787 125 826 171 Ι.
888 126 1026 171 CAP.
1058 126 1232 170 51-53
1638 127 1699 171 39

221 249 433 309 phalange
451 251 580 302 facta,
602 253 776 312 inpetus
797 254 1040 313 gladiorum
1052 259 1331 311 exceperunt.
1393 250 1577 311 Reperti
1594 259 1696 295 sunt

221 310 466 368 complures
497 313 633 355 nostri
664 314 835 363 milites,
864 314 940 372 qui
959 314 1002 355 in
1025 313 1257 371 phalangas
1276 311 1487 355 insilirent
1507 318 1552 352 et
1571 318 1695 353 scuta

219 369 414 412 manibus
434 371 691 414 revellerent
708 379 752 414 et
771 373 956 430 desuper
977 372 1268 414 vulnerarent.
1333 371 1480 420 Quum
1506 369 1698 412 hostium

219 427 330 469 acies
349 444 375 470 a
394 429 565 472 sinistro
589 447 724 473 cornu
748 432 871 489 pulsa
899 439 1030 487 atque
1064 429 1106 471 in
1132 429 1280 486 fugam
1302 445 1507 472 conversa
1523 436 1647 478 esset,
1670 443 1697 470 a

218 486 373 529 dextro
393 503 530 530 cornu
551 489 822 532 vehementer
840 488 1118 531 multitudine
1139 503 1318 529 suorum
1348 496 1539 530 nostram
1559 487 1696 529 aciem

218 546 487 602 premebant.
542 547 593 589 Id
610 564 747 605 quum
763 547 1129 590 animadvertisset
1161 546 1209 587 P.
1234 545 1413 588 Crassus
1436 546 1694 594 adolescens,

218 603 295 660 qui
326 605 525 660 equitatu
554 615 755 663 praeerat,
802 607 921 664 quod
948 605 1191 664 expeditior
1220 612 1330 653 erat,
1362 620 1493 661 quam
1524 604 1583 653 hi,
1617 604 1695 662 qui

217 661 330 703 inter
361 663 495 704 aciem
522 665 822 714 versabantur,
853 665 1026 707 tertiam
1052 664 1186 706 aciem
1212 662 1512 705 laborantibus
1540 663 1697 706 nostris

215 720 389 762 subsido
407 722 535 763 misit.

275 779 345 821 53.
383 779 451 821 Ita
471 781 677 838 proelium
705 783 957 824 restitutum
985 789 1049 823 est
1073 789 1207 839 atque
1236 795 1380 823 omnes
1405 778 1548 822 hostes
1568 785 1694 836 terga

216 847 459 888 verterunt,
494 856 632 898 neque
655 841 775 898 prius
807 841 958 898 fugere
986 840 1263 888 destiterunt,
1293 854 1424 896 quam
1452 837 1506 879 ad
1535 837 1695 879 flumen

218 894 419 938 Rhenum
438 898 554 940 milia
574 916 775 957 passuum
793 916 845 942 ex
863 916 913 942 eo
933 900 1029 941 loco
1059 898 1231 941 circiter
1253 896 1572 955 quinquaginta
1597 911 1695 953 per-

215 956 426 998 venerint.
490 956 559 999 Ibi
586 959 794 1015 perpauci
822 967 900 1000 aut
930 958 1096 1000 viribus
1126 956 1277 999 consisi
1305 963 1573 998 transnatare
1595 969 1694 996 con-

215 1014 463 1064 tenderunt,
485 1025 562 1058 aut
580 1017 783 1058 lintribus
809 1017 990 1059 inventis
1011 1016 1092 1058 sibi
1110 1015 1294 1057 salutem
1312 1021 1584 1072 repererunt.
1642 1011 1694 1054 In

212 1071 275 1114 his
297 1073 381 1115 fuit
400 1074 661 1124 Ariovistus,
680 1076 772 1133 qui,
795 1075 1042 1118 naviculum
1053 1075 1287 1131 deligatam
1303 1073 1356 1115 ad
1371 1073 1510 1130 ripam
1527 1078 1695 1120 nactus,

215 1147 264 1173 ea
294 1132 515 1191 profugit:
554 1134 744 1191 reliquos
766 1151 909 1176 omnes
929 1133 1147 1176 consecuti
1165 1133 1332 1190 equites
1354 1131 1490 1173 nostri
1521 1129 1694 1172 interfe-

215 1199 383 1232 cerunt.
448 1193 560 1234 Duae
581 1193 759 1234 fuerunt
790 1193 999 1235 Ariovisti
1022 1208 1193 1240 uxores,
1228 1207 1312 1232 uua
1341 1191 1485 1232 Sueva
1505 1189 1693 1238 natione,

216 1265 347 1306 quam
368 1250 423 1291 ab
442 1251 570 1293 domo
598 1268 741 1293 secum
771 1252 1005 1299 eduxerat;
1038 1251 1176 1292 altera
1211 1249 1390 1298 Norica,
1420 1248 1532 1305 regis
1567 1247 1694 1289 Voci-

215 1308 307 1349 onis
327 1325 464 1358 soror,
488 1326 619 1366 quam
636 1310 679 1351 in
696 1311 840 1352 Gallia
858 1311 1059 1356 duxerat,
1078 1326 1103 1350 a
1125 1310 1260 1350 fratre
1277 1308 1445 1349 missam
1461 1322 1468 1347 ε
1496 1314 1694 1363 utraeque

215 1366 258 1408 in
279 1383 328 1408 ea
347 1367 452 1424 fuga
472 1369 709 1425 perierunt.
774 1369 885 1410 Duce
904 1367 1000 1410 filiae
1029 1367 1198 1416 harum,
1220 1367 1357 1408 altera
1376 1365 1528 1413 occisa,
1558 1365 1696 1407 altera

216 1433 345 1483 capta
364 1434 442 1468 est.
507 1427 559 1468 C.
585 1426 783 1468 Valerius
804 1426 1032 1475 Procillus,
1052 1441 1188 1483 quum
1210 1441 1235 1466 a
1256 1424 1508 1466 custodibus
1528 1423 1568 1465 in
1590 1423 1696 1481 fuga

216 1484 338 1526 trinis
373 1485 530 1527 catenis
562 1485 731 1527 vinctus
762 1485 1025 1534 traheretur,
1058 1486 1101 1526 iu
1130 1484 1273 1541 ipsum
1307 1483 1533 1530 Caesarem,
1565 1481 1697 1524 hostis

213 1543 413 1599 equitatu
434 1552 778 1601 persequentem,
802 1543 963 1585 incidit.
1029 1543 1137 1591 Quae
1155 1542 1329 1598 quidem
1347 1557 1412 1582 res
1434 1540 1592 1582 Caesari
1610 1555 1696 1582 non

214 1601 437 1650 minorem,
458 1618 589 1659 quam
624 1602 715 1659 ipsa
747 1603 942 1649 victoria,
975 1601 1251 1658 voluptatem
1283 1598 1459 1647 adtulit,
1483 1598 1602 1655 quod
1622 1597 1695 1640 ho-

212 1659 368 1701 minem
387 1660 726 1702 honestissimum
755 1660 988 1718 provinciae
1013 1659 1181 1706 Galliae,
1216 1673 1342 1699 suum
1372 1656 1624 1698 familiarem
1652 1664 1696 1698 et

212 1717 440 1776 hospitem,
458 1728 658 1776 ereptum
672 1736 694 1760 e
710 1719 905 1761 manibus
919 1718 1122 1766 hostium,
1141 1717 1222 1759 sibi
1239 1716 1491 1758 restitutum
1505 1714 1695 1764 videbat,

211 1791 350 1835 neque
368 1778 458 1835 ejus
480 1778 722 1819 calamitate
734 1778 786 1820 de
805 1786 926 1820 tanta
944 1777 1174 1834 voluptate
1193 1783 1238 1817 et
1260 1774 1553 1832 gratulatione
1573 1773 1696 1830 quid-

212 1852 343 1893 quam
363 1837 538 1879 fortuna
556 1837 838 1879 deminuerat.
903 1836 959 1885 Is,
982 1852 1024 1878 se
1043 1842 1268 1892 praesente,
1290 1833 1342 1875 de
1360 1848 1401 1874 se
1419 1840 1486 1874 ter
1504 1832 1696 1875 sortibus

212 1896 457 1937 consultum
477 1896 664 1944 dicebat,
690 1904 839 1937 utrum
871 1895 960 1953 igni
978 1895 1124 1936 statim
1146 1901 1391 1940 necaretur,
1423 1907 1477 1932 an
1502 1891 1545 1932 in
1577 1890 1697 1933 aliud

214 1961 384 2012 tempus
416 1962 734 1997 reservaretur:
770 1954 953 1997 sortium
980 1952 1186 1995 beneficio
1226 1968 1267 1993 se
1298 1966 1384 1992 esse
1420 1949 1692 1992 incolumem.

215 2011 325 2054 Item
349 2013 415 2054 Μ.
444 2014 629 2055 Mettius
651 2022 851 2071 repertus
871 2022 915 2055 et
935 2013 990 2055 ad
1012 2028 1111 2054 eum
1133 2011 1339 2053 reductus
1361 2016 1439 2050 est.

1034 2107 1246 2147 Repmm-unt.
1291 2103 1340 2135 Ita
1355 2103 1453 2134 codd.
1501 2100 1564 2133 Sed
1579 2101 1698 2142 vulgo,

980 2153 1153 2192 petierunt.
1181 2149 1230 2179 M.

1032 2194 1079 2225 Ab
1103 2194 1197 2225 domo
1220 2202 1327 2223 secum
1352 2191 1520 2222 efflaverat.
1566 2190 1694 2220 Incerta

983 2237 1088 2269 lectio
1120 2242 1180 2268 est.
1230 2234 1314 2273 Alii,
1341 2245 1445 2276 quam
1466 2235 1558 2265 domo
1585 2244 1694 2264 secum

980 2283 1142 2314 duxerat:
1176 2279 1252 2318 alii,
1281 2289 1337 2320 qu.
1364 2279 1397 2310 fl.
1425 2278 1584 2309 aeduae..-
1618 2276 1695 2315 alii,

982 2337 1084 2367 quam
1098 2325 1139 2356 ab
1155 2325 1187 2355 (l.
1202 2334 1227 2355 s.
1241 2324 1291 2355 ed.
1307 2323 1362 2355 vel
1373 2323 1471 2354 dm..-
1495 2320 1570 2359 alii,
1589 2332 1693 2362 quam

982 2371 1016 2401 ιί.
1031 2381 1056 2401 s.
1073 2369 1198 2400 addmr.
1223 2369 1273 2399 M.

257 2108 538 2150 Phalanyefacta.
562 2108 614 2139 Cf.
630 2118 660 2139 c.
678 2109 730 2138 24.
757 2108 806 2138 M.

258 2153 463 2192 ΡΙιαΖανιῃη-ς.
510 2151 665 2183 Germani
683 2150 867 2193 generatim
884 2156 917 2181 et

211 2206 272 2237 per
300 2195 475 2227 intervalla
504 2202 628 2228 stanles
651 2196 854 2236 pugnabant,
884 2200 919 2226 ut

211 2251 242 2270 c.
260 2241 313 2277 51,
329 2239 456 2270 dictum
469 2247 529 2272 est.
576 2241 662 2281 Ergo
673 2242 786 2282 plures
798 2250 917 2270 eorum

212 2284 395 2325 phalanges
412 2284 555 2316 fuerunt.
582 2286 630 2315 M.

258 2330 516 2369 Quinqaaqima.
562 2328 627 2358 Hic
642 2338 799 2359 numerus
817 2328 917 2368 plane

211 2371 357 2403 incertus
389 2377 450 2403 est.
497 2372 623 2403 Omnes
653 2373 752 2403 codd.
790 2372 916 2402 habent

211 2417 373 2457 quinque.-
396 2426 481 2446 unus
498 2416 653 2455 Orosius,
674 2416 733 2458 qui
753 2415 914 2457 proelium

212 2459 275 2490 hoc
302 2465 336 2490 et
363 2459 437 2500 ipse
461 2462 491 2499 6,
518 2462 547 2490 7.
581 2460 776 2501 descripsit,
800 2458 915 2500 posuit

209 2505 462 2544 quinquaqinta.
509 2504 647 2535 Variant
668 2505 771 2535 etiam
794 2503 916 2541 Graeci,

208 2546 268 2588 qui
305 2546 455 2587 spatium
489 2559 549 2588 per
578 2548 685 2580 stadia
710 2548 914 2579 metiuntur:

210 2602 287 2622 nam
302 2590 337 2620 in
352 2591 523 2622 Plutarch.
546 2591 669 2623 Caes.c.
685 2591 806 2630 19,ali'1
818 2591 915 2622 codd.

208 2633 341 2668 oeroeBa‘om
387 2635 572 2677 τριακοσίους,
616 2636 676 2667 alii
715 2634 915 2679 τετρακοσίους

207 2679 387 2717 exhibent3
439 2678 474 2710 in
524 2678 667 2710 Caesaris
710 2678 916 2720 metaphrasi

210 2724 327 2755 Graeca
364 2721 472 2753 στάδια
515 2724 742 2766 τετταράκοντα
781 2722 916 2764 legitur.

207 2767 364 2798 Ceterum
380 2766 528 2798 tironum
541 2778 642 2798 causa
655 2767 756 2798 liceat
767 2778 917 2804 monere,

209 2810 353 2843 stadium
364 2817 518 2842 constare
535 2813 594 2841 125
621 2812 779 2852 passibus
790 2816 824 2842 et
836 2817 915 2842 octo

207 2855 448 2888 stadiaefficere
455 2866 558 2886 unum
570 2854 703 2886 miliare
714 2856 919 2888 Romanum.

208 2899 280 2932 sive
299 2900 382 2932 mile
397 2910 528 2941 passus·
553 2900 604 2930 M.
636 2899 800 2932 Mendum
814 2900 921 2932 subo-

208 2944 273 2976 luit
287 2945 518 2983 Hotomanno,
532 2942 593 2986 qui
610 2943 756 2977 sustulit.

1034 2416 1183 2454 Uti-aeque
1194 2414 1373 2453 perierunt.
1399 2409 1454 2440 Sic
1468 2410 1606 2441 codd.et
1615 2408 1691 2440 edd.

979 2464 1046 2490 vet.
1076 2457 1189 2497 Vulgo
1205 2461 1342 2497 utraque
1354 2456 1462 2496 periit.

1029 2503 1140 2533 Hostis
1173 2502 1321 2541 equitatu
1340 2502 1594 2540 persequentem.
1641 2496 1690 2526 Ita

982 2545 1117 2588 probati
1133 2543 1270 2575 codices
1279 2543 1397 2573 etedd.
1425 2541 1536 2581 Vulgo
1551 2541 1690 2571 hostium

979 2592 1160 2632 equitatum
1172 2591 1425 2629 pmwequencem.

1029 2633 1311 2664 Honesstm'mum.
1366 2640 1397 2660 c.
1430 2630 1479 2659 19.

985 2679 1112 2710 Gallice.
1138 2677 1188 2707 M.

1029 2722 1184 2752 Sortibav.
1205 2730 1237 2750 v.
1252 2718 1293 2748 ad
1308 2728 1338 2747 c.
1357 2718 1410 2747 50.
1436 2715 1485 2746 M.
1533 2713 1687 2755 Septimo

981 2776 1001 2797 a
1028 2764 1161 2795 Caesare
1182 2762 1306 2793 saeculo
1331 2760 1439 2791 adhuc
1465 2769 1543 2788 eum
1558 2768 1688 2789 morem

980 2808 1143 2847 viguisse,
1158 2811 1250 2847 patet
1264 2815 1306 2836 ex
1322 2805 1414 2835 Beka
1428 2803 1461 2834 in
1478 2802 1547 2833 vita
1563 2801 1689 2834 Wille-

983 2848 1113 2889 brordi,
1129 2849 1330 2891 transcripta
1342 2859 1383 2879 ex
1400 2846 1560 2878 Alcuino.

1028 2898 1075 2928 M.
1093 2896 1235 2926 Mettius.
1282 2893 1363 2934 Ejus
1381 2891 1507 2923 mentio
1525 2890 1559 2922 in
1572 2889 1685 2923 numis

982 2939 1125 2973 Caesaris
1138 2938 1231 2981 apud
1249 2935 1474 2970 Vaillantium
1493 2941 1528 2968 et
1548 2935 1684 2969 Eckhe-

1536 2628 1691 2669 Princeps
