1946 3261
720 159 839 206 LIB.
901 161 1039 206 CAP.
1071 160 1186 205 3-5
1616 160 1703 204 543

213 287 374 346 partim
407 296 660 348 tempestate
691 289 877 349 inpediti
907 289 1058 348 vigiles
1088 305 1174 333 non
1203 295 1411 348 poterant
1428 287 1704 349 diligentiam

214 355 433 405 praestare,
477 349 640 417 partim
675 349 751 392 illo
792 364 996 406 responso
1035 349 1387 392 deterrebantur.
1465 349 1614 398 Quum
1647 350 1704 392 ad

214 415 390 475 portam
429 408 567 466 adpro
604 409 872 466 inquassent:
922 407 1042 464 signo
1079 407 1198 457 dat0‚
1239 408 1296 450 ab
1338 407 1565 466 oppidanis
1603 416 1705 451 sunt

215 467 397 533 recepti,
432 475 477 509 et
499 425 668 525 pedites
701 467 973 533 equitesque,
1009 465 1197 508 clamore
1230 466 1364 516 facto,
1392 467 1611 525 dispositis
1641 467 1704 510 ibi

215 526 393 582 partim,
425 526 502 583 qui
529 542 789 576 remansere,
821 524 1098 591 eruptionem
1117 524 1160 566 in
1181 524 1529 568 adversariorum
1561 533 1704 569 castra

214 584 425 626 fecerunt.
505 584 577 626 Sic
598 584 707 627 illud
729 600 865 642 quum
882 583 1158 650 inscientibus
1178 583 1414 633 accidisset,
1431 585 1707 628 existimabat

216 658 373 700 magna
408 657 508 700 pars
540 642 778 693 hominum,
810 643 887 700 qui
921 643 965 686 in
993 642 1042 685 iis
1075 641 1226 685 castris
1264 641 1459 692 fuissent,
1491 659 1533 685 se
1565 659 1704 704 prope

216 709 364 759 captos
383 717 485 744 esse.

275 759 317 802 4.
354 759 452 802 Hoc
472 759 598 803 misso
618 760 675 803 ad
699 760 847 804 Uliam
870 760 1088 820 praesidio,
1113 761 1274 809 Caesar,
1303 767 1354 802 ut
1378 759 1632 818 Pompeium
1653 762 1710 805 ab

215 833 267 861 ea
288 818 618 878 obpugnatione
640 820 892 870 deduceret,
915 819 970 863 ad
996 819 1252 863 Cordubam
1273 819 1516 868 contendit;
1545 835 1600 862 ex
1620 835 1711 887 quo

216 877 369 921 itinere
409 878 612 922 loricatos
649 879 764 923 viros
798 880 932 923 fortes
973 895 1072 922 cum
1108 878 1310 934 equitatu
1349 886 1451 921 ante
1483 878 1710 937 praemisit.

217 936 312 994 qui,
339 937 467 980 simul
504 937 547 980 in
576 948 858 997 conspectum
890 937 1042 997 oppidi
1071 954 1113 981 se
1133 936 1268 980 dede1
1272 945 1366 987 unt
1400 937 1444 980 in
1464 938 1586 995 equis
1606 938 1715 981 reci-

216 995 414 1054 piuntur.
482 996 582 1040 Hoc
602 1014 627 1039 a
651 998 1007 1041 C01dubensibus
1030 1012 1307 1055 nequaquam
1328 1004 1501 1054 poterat
1520 997 1712 1040 animum

216 1053 403 1098 adverti.
468 1056 956 1121 Adpropinquanfflbus,
989 1072 1042 1099 ex
1065 1053 1231 1115 oppido
1262 1056 1372 1099 bene
1392 1071 1548 1115 magna
1568 1057 1716 1100 multi-

216 1113 324 1156 tudo
361 1114 417 1156 ad
438 1115 682 1181 equitatum
716 1115 1031 1159 concidendum
1061 1131 1197 1173 quum
1223 1115 1423 1164 exissent,
1457 1115 1643 1165 loricati,
1664 1124 1716 1159 ut

217 1189 350 1231 supra
366 1173 631 1232 scripsimus,
664 1191 717 1217 ex
737 1175 859 1232 equis
879 1174 1196 1217 descenderunt
1218 1182 1263 1216 et
1283 1190 1489 1232 magnum
1509 1175 1713 1233 proelium

217 1232 432 1281 feceiunt,
463 1249 521 1274 sm
560 1234 625 1275 uti
661 1251 714 1276 ex
740 1233 908 1277 infinita
939 1234 1161 1277 hominum
1194 1233 1478 1276 multitudine
1512 1234 1641 1292 pauci
1671 1234 1714 1276 in

217 1291 431 1358 oppidum
458 1307 501 1334 se
524 1301 782 1350 reciperent

847 1293 946 1336 Hoc
979 1293 1134 1336 timore
1162 1291 1374 1335 adductus
1405 1293 1564 1335 Sextus
1588 1293 1715 1336 Pom-

219 1366 343 1408 peius
363 1351 534 1393 litteras
554 1350 682 1394 fratri
702 1352 831 1401 misit,
852 1361 902 1394 ut
923 1351 1126 1394 celeriter
1146 1351 1226 1393 sibi
1246 1351 1436 1394 subsidio
1456 1352 1640 1402 veniret,
1660 1367 1715 1395 ne

221 1409 343 1468 prius
366 1410 510 1452 Caesar
535 1410 789 1453 Cordubam
809 1420 1003 1469 caperet,
1026 1426 1156 1467 quam
1177 1410 1266 1468 ipse
1288 1410 1364 1452 illo
1385 1411 1583 1453 venisset.

1647 1410 1716 1454 Ita

223 1468 306 1511 Cn.
325 1468 583 1536 Pompeius,
607 1469 713 1512 Ulia
735 1485 872 1529 prope
893 1479 1037 1528 capta,
1070 1469 1227 1512 litteris
1247 1469 1394 1513 f1··at1is
1414 1470 1594 1520 excitus,
1617 1485 1718 1513 cum

223 1527 357 1587 copiis
375 1527 432 1570 ad
457 1528 713 1572 Cordubam
731 1530 813 1572 iter
834 1530 976 1572 facere
997 1529 1145 1587 coepit.

280 1588 322 1630 5.
359 1588 519 1637 Caesar,
541 1603 678 1646 quum
707 1588 764 1630 ad
794 1588 952 1631 flumen
977 1588 1130 1631 Baetim
1152 1588 1351 1637 venisset,
1372 1603 1512 1646 neque
1533 1595 1720 1647 propter

219 1646 498 1690 altitudinem
520 1647 704 1690 fluminis
737 1648 918 1690 tr=ansi1e
943 1655 1100 1705 posset,
1130 1646 1354 1714 lapidibus
1385 1649 1536 1691 corbes
1568 1647 1719 1705 plenos

221 1705 406 1748 demisit.

218 1764 483 1809 transduxit.

274 1922 419 1959 Partim,
430 1923 703 1963 quir-emensam.
730 1920 793 1959 Λη,
807 1922 941 1962 poscim,

228 1967 286 2008 qui
303 1969 536 1998 remanerent.
534 1967 545 1985 ²
593 1964 657 1996 Sed
682 1964 769 1996 nihil
798 1963 941 1996 eflicitur

226 2009 475 2042 emendatione.
519 2009 630 2040 Tanta
644 2014 694 2040 est
708 2007 853 2040 varietas
868 2019 943 2039 ver-

231 2053 364 2092 borum,
386 2058 465 2085 sunt
481 2055 881 2096 recepti—eruptionem,
908 2059 942 2085 ut

225 2097 312 2129 nihil
329 2097 469 2129 desiniri
485 2097 603 2139 possit.
629 2098 677 2128 M.

278 2143 324 2176 In
335 2145 429 2184 equis
440 2145 538 2184 recip.
578 2142 663 2182 Leg.
681 2143 715 2172 ιή
731 2151 829 2183 equos
840 2144 941 2183 recip.

231 2186 373 2229 Equites
389 2191 589 2228 receperunt
610 2186 703 2216 viros
725 2184 888 2217 loricatos
907 2186 939 2217 in

230 2241 336 2273 equos
351 2242 444 2263 suos.
491 2231 581 2272 Lege
598 2231 702 2261 modo
719 2241 770 2266 ea.
794 2240 868 2271 quae
886 2241 938 2261 se-

228 2281 388 2318 quuntur.
413 2277 556 2317 Propter
569 2274 766 2306 varietatem
781 2273 940 2306 lectionis

231 2320 358 2361 poterit
372 2319 489 2358 etiam,
511 2321 605 2362 equis
621 2320 835 2360 recipiuntur,
859 2318 938 2360 legi,

230 2365 334 2395 modo
351 2374 450 2396 sensu
467 2364 544 2402 hoc,
568 2369 605 2394 ut
622 2363 676 2403 sit,
700 2365 737 2394 in
751 2373 862 2404 equos.
888 2363 939 2395 M.

234 2407 374 2439 Rectius
391 2409 470 2447 hoc,
492 2418 595 2449 quam
611 2408 704 2449 quod
721 2407 794 2438 vult
808 2406 938 2438 Godvi-

230 2462 359 2490 misser
370 2454 473 2495 equis.
519 2452 588 2484 Alii
605 2452 704 2484 codd.
721 2462 798 2483 rum
811 2453 916 2493 eqni&

279 2496 397 2528 Corbes
433 2497 574 2528 demisit.
631 2497 682 2528 De
714 2495 778 2527 hac
808 2495 937 2527 ratione

229 2539 377 2572 faciendi
405 2540 523 2582 pontis
552 2541 643 2582 apud
673 2546 803 2571 veteres
832 2540 937 2571 multa

230 2583 417 2626 disputavit
430 2584 662 2616 Guischardus
675 2583 800 2624 (Mem.
817 2583 889 2615 crit.
906 2589 939 2615 et

231 2628 310 2661 hist.
330 2639 365 2671 p.
382 2631 437 2660 48.
457 2629 514 2660 vel
535 2629 578 2660 Τ.
603 2631 633 2660 1.
658 2639 691 2670 p.
714 2629 790 2668 116)
817 2627 877 2659 ubi
902 2638 936 2669 p.

234 2675 307 2705 124.
333 2678 367 2704 et
390 2678 503 2704 noster
524 2673 623 2705 locus
645 2677 814 2711 tractatur,
837 2676 871 2703 et
893 2682 936 2704 ex

232 2717 377 2749 Arriano
400 2718 457 2758 (de
481 2728 560 2758 exp.
582 2717 680 2749 Alex.
697 2721 728 2755 5,
752 2719 784 2747 7.
808 2727 842 2758 p.
860 2717 936 2748 327.

231 2763 285 2793 ed.
302 2761 436 2802 Blanc.)
457 2766 490 2793 et
513 2760 617 2793 Suida
639 2760 673 2792 in
691 2761 814 2801 Ζεῦγμα
833 2760 937 2793 inlus-

232 2812 346 2839 tratur.
391 2805 544 2845 Scilicet,
560 2811 596 2839 ut
609 2804 828 2848 paucissimis
843 2815 936 2838 sum-

469 1705 576 1749 Ita
566 1721 742 1764 insuper
765 1715 897 1765 ponte
919 1708 1051 1757 facto,
1086 1706 1232 1764 copias
1253 1706 1306 1749 ad
1328 1714 1468 1749 castra
1490 1706 1718 1765 tiipartito

547 1765 774 1809 Tenebant
814 1766 1016 1809 adversus
1052 1765 1262 1825 oppidum
1303 1783 1326 1809 e
1360 1766 1534 1825 regione
1573 1766 1717 1825 pontis

1008 1929 1098 1950 mam
1130 1918 1321 1960 Eunapiani
1352 1919 1420 1951 loci
1453 1920 1543 1961 apud
1574 1918 1715 1952 Suidam

1008 1964 1151 2001 tradam,
1180 1963 1304 1995 corbes
1332 1963 1381 1995 illi
1411 1964 1489 1995 loco
1515 1973 1715 1996 ancorarum

1004 2008 1152 2039 fuorunt.
1209 2007 1295 2038 Nam
1327 2008 1466 2039 demissi
1495 2018 1536 2039 ex
1563 2018 1649 2040 nave
1680 2007 1713 2039 in

1007 2051 1163 2090 fluvium,
1178 2051 1319 2092 adligati
1332 2058 1408 2083 sunt
1424 2052 1502 2083 fune
1515 2063 1555 2084 ex
1569 2051 1661 2090 navi,
1679 2058 1714 2083 ut

1005 2096 1076 2127 fere
1090 2106 1212 2127 ancora
1225 2106 1265 2126 ex
1278 2096 1353 2126 navi
1367 2096 1515 2138 adligata
1529 2107 1603 2128 esse
1617 2097 1712 2128 solet.

1006 2139 1060 2171 Sic
1083 2140 1263 2172 conficitur
1283 2140 1368 2172 serie
1391 2140 1541 2179 navium,
1566 2152 1627 2182 per
1650 2139 1719 2171 flu-

1006 2195 1081 2216 men
1098 2184 1260 2226 deinceps
1275 2195 1450 2225 nexarum,
1476 2196 1563 2227 pons
1580 2191 1712 2227 tempo-

1005 2228 1122 2260 rarius.
1148 2230 1197 2260 M.

1056 2274 1224 2306 Tenebant
1238 2291 1282 2297 —
1296 2274 1465 2316 bipartito.
1509 2275 1607 2312 Ilaec,
1628 2272 1712 2315 quia

979 2329 981 2331 ¹
1004 2322 1081 2348 sunt
1103 2323 1273 2359 corrupta,
1296 2328 1362 2349 non
1389 2325 1529 2360 possunt
1554 2317 1712 2359 intelligi.

1005 2361 1137 2393 Absunt
1149 2363 1237 2394 adeo
1251 2362 1324 2394 haec
1337 2362 1451 2394 omnia
1465 2374 1483 2394 a
1494 2363 1570 2394 cod.
1587 2362 1710 2403 Regio,

1004 2405 1213 2445 Nol-vicensi,
1228 2407 1426 2438 Petaviano.
1468 2407 1659 2439 Tendebam
1676 2405 1709 2437 in

1001 2449 1204 2491 quibusdam
1219 2452 1294 2483 edd.
1309 2451 1418 2492 (quod
1433 2451 1523 2482 alius
1537 2461 1612 2482 esse
1626 2449 1712 2488 vult,

1000 2496 1035 2526 in
1051 2497 1198 2527 tentoriis
1210 2500 1307 2528 erant
1315 2507 1330 2534 ;
1353 2495 1442 2527 alius
1452 2494 1565 2526 trabes
1576 2493 1711 2526 tendere

1002 2539 1194 2581 conjungit)
1225 2545 1275 2571 est
1303 2539 1348 2571 ab
1379 2538 1633 2571 emendatione.
1658 2538 1709 2569 M.

1003 2582 1118 2615 Davis.
1147 2584 1326 2616 tendebant
1348 2600 1392 2606 —
1413 2585 1586 2624 tripertito.
1623 2581 1709 2613 illud

995 2627 1068 2669 jam
1097 2629 1150 2659 ed.
1175 2628 1293 2669 Steph.
1316 2627 1383 2659 hoc
1410 2628 1488 2659 cod.
1511 2627 1708 2658 Thuaneus.

1003 2670 1124 2703 Clarke.
1161 2673 1496 2704 tenebant—castra
1530 2671 1710 2713 tripartito.

1003 2716 1069 2747 Sed
1097 2716 1192 2748 Leid.
1220 2718 1247 2746 l.
1277 2717 1421 2754 tenebat,
1450 2715 1543 2757 quod
1574 2714 1709 2756 praefert

1005 2759 1094 2791 Oud.
1106 2760 1249 2791 relatum
1261 2761 1303 2791 ad
1315 2759 1401 2791 Caes.
1413 2759 1563 2803 legitque
1578 2759 1709 2792 tenebat

1003 2822 1048 2830 —-
1061 2809 1172 2838 castra
1184 2822 1229 2829 —
1242 2806 1414 2847 ενίρεφέἰιο.
