1946 3261
177 210 265 255 234
589 209 675 254 DE
707 207 913 253 BELLO
946 207 1247 257 GALLICO.

175 345 346 388 rentur,
399 351 536 395 quum
585 335 852 380 constantius
895 336 1088 381 universi
1139 336 1348 397 paludem
1393 339 1664 393 transissent,

176 397 411 455 paucisque
434 395 729 439 resistentibus
756 395 999 439 interfectis
1021 397 1288 455 pertinacius
1320 397 1534 456 reliquam
1553 400 1666 444 mul-

175 455 411 498 titudinem
438 464 580 498 essent
613 455 820 498 insecuti:
856 456 1082 513 perterriti
1113 472 1201 500 non
1234 457 1376 500 solum
1408 458 1455 508 ii,
1478 458 1555 516 qui
1587 469 1667 503 aut

175 513 411 556 comminus
449 513 830 572 obprimebantur,
871 524 948 557 aut
981 515 1148 558 eminus
1186 515 1549 566 vulnerabantur,
1589 518 1666 562 sed

176 572 320 623 etiam,
357 572 436 631 qui
467 573 640 633 longius
659 573 886 617 subsidiari
908 582 1241 626 consueverant,
1274 575 1470 634 turpiter
1492 577 1667 637 refuge,-

174 639 305 681 runt;
337 647 416 676 nec
437 632 560 692 prius
579 632 706 677 finem
738 633 854 691 fugae
875 633 1090 687 fecerunt,
1111 650 1224 693 saepe
1244 635 1405 678 amissis
1424 636 1663 695 superiori-

176 690 259 733 bus
280 691 402 742 locis,
424 708 557 750 quam
578 709 622 735 se
645 701 722 735 aut
742 692 786 735 in
815 701 956 734 castra
976 708 1156 737 suorum
1175 694 1440 753 reciperent,
1462 702 1540 738 aut
1561 711 1666 740 non-

172 749 296 793 nullo
317 751 486 810 pudore
507 752 662 802 coacti,
685 751 856 809 longius
876 751 1179 810 profugerent.
1244 754 1445 803 Quorum
1467 754 1666 813 periculo

174 808 234 853 sic
267 825 412 854 omnes
446 812 585 869 copiae
622 820 722 853 sunt
757 811 1047 869 perturbatae,
1087 822 1137 854 ut
1172 811 1245 855 vix
1278 813 1470 871 judicari
1505 823 1667 872 posset,

172 877 324 912 utrum
343 869 538 912 secundis
558 870 750 928 parvulis
771 870 902 914 rebus
932 870 1246 922 insolentiores,
1277 887 1335 916 an
1361 872 1554 916 adversis
1577 888 1667 916 me-

172 927 394 971 diocribus
410 928 666 978 timidiores,
686 937 841 972 essent.

239 988 305 1031 14.
341 988 658 1047 Compluribus
679 988 831 1033 diebus
849 988 1000 1032 iisdem
1019 990 1062 1033 in
1082 989 1231 1034 castris
1252 990 1502 1041 consumtis,
1529 1006 1669 1048 quum

174 1048 359 1107 propius
379 1047 602 1092 accessisse
624 1047 815 1106 legiones
833 1056 878 1091 et
901 1048 954 1091 C.
979 1049 1248 1093 Trebonium
1268 1050 1485 1109 Legatum
1506 1065 1666 1108 cogno-

173 1107 355 1151 vissent:
406 1107 555 1151 Duces
594 1107 947 1159 Bellovacorum,
989 1109 1119 1152 veriti
1158 1109 1343 1152 similem
1379 1109 1667 1153 obsessionem

177 1165 350 1217 Alesiae,
388 1175 524 1210 noctu
564 1166 796 1211 dimittunt
831 1182 919 1217 eos,
954 1182 1063 1226 quos
1099 1177 1178 1211 aut
1214 1177 1342 1212 aetate
1384 1177 1464 1211 aut
1499 1168 1669 1212 viribus

174 1224 417 1275 inferiores,
463 1234 541 1269 aut
573 1226 754 1269 inermes
787 1226 1028 1276 habebant,
1069 1243 1246 1285 unaque
1286 1227 1457 1284 reliqua
1498 1227 1668 1284 inpedi-

172 1293 332 1328 menta.
399 1286 602 1334 Quorum
638 1287 951 1344 perturbatum
980 1294 1025 1328 et
1057 1287 1286 1328 confusum
1313 1286 1419 1328 dum
1448 1286 1670 1344 explicant

173 1358 346 1400 agmen,
385 1345 561 1402 (magna
598 1345 713 1387 enim
746 1345 987 1388 multitudo
1023 1360 1249 1387 carrorum
1278 1345 1411 1388 etiam
1441 1345 1670 1404 expeditos

173 1402 297 1460 sequi
324 1403 476 1446 Gallos
500 1403 742 1461 consuevit)
760 1403 959 1463 obpressi
982 1403 1096 1453 luce,
1120 1404 1257 1463 copiis
1279 1412 1548 1447 armatorum
1581 1405 1669 1448 vias

173 1477 258 1520 pro
279 1461 365 1505 suis
386 1462 608 1506 instruunt
631 1463 798 1514 castris,
837 1479 890 1506 ne
913 1462 1036 1523 prius
1070 1463 1255 1506 Romani
1277 1463 1479 1522 persequi
1498 1479 1542 1506 se
1564 1463 1670 1507 inci-

175 1529 349 1579 perent,
387 1538 519 1581 quam
550 1522 722 1581 longius
749 1539 904 1581 agmen
942 1522 1340 1582 inpedimentorum
1367 1538 1549 1566 suorum
1569 1538 1669 1582 pro-

174 1579 380 1624 cessisset.
444 1581 508 1624 At
544 1582 690 1624 Caesar
719 1598 862 1640 neque
893 1583 1139 1626 resistentes
1159 1581 1504 1641 adgrediundos,
1525 1598 1667 1641 neque

174 1639 376 1683 cedentes
405 1647 529 1683 tanto
561 1641 683 1683 collis
705 1640 912 1684 adscensu
947 1641 1214 1685 lacessendos
1240 1641 1492 1699 judicabat;
1524 1656 1666 1699 neque

172 1713 259 1741 non
279 1715 418 1758 usque
451 1714 502 1742 eo
535 1699 726 1757 legiones
756 1699 1062 1751 admovendas,
1096 1711 1146 1744 ut
1173 1701 1394 1744 discedere
1423 1716 1477 1743 ex
1497 1715 1549 1744 eo
1570 1701 1668 1744 loco

172 1757 262 1801 sine
303 1758 504 1817 periculo
546 1758 739 1812 barbari,
780 1760 993 1803 militibus
1036 1760 1311 1810 instantibus,
1354 1775 1440 1803 non
1474 1768 1665 1818 possent.

174 1815 260 1868 Ita,
298 1833 438 1876 quum
478 1818 638 1877 palude
677 1818 870 1877 inpedita
901 1835 928 1862 a
966 1820 1117 1863 castris
1155 1828 1299 1863 castra
1339 1819 1665 1869 dividerentur,

219 1911 452 1945 Resistentibus
466 1912 648 1955 'imm-secus.
685 1914 758 1947 Alii
781 1917 816 1947 in
833 1926 885 1947 re-

175 1956 332 1988 sistendo.

223 2000 371 2033 Pudore.
418 2000 471 2033 Sic
511 2001 610 2035 MSS.
649 2002 718 2036 sere
756 2015 886 2037 omnes.

176 2044 283 2083 Bene,
308 2051 343 2076 ut
360 2051 394 2077 et
407 2046 672 2089 Oudendorpius
690 2049 787 2081 vidit.
836 2051 887 2081 M.

180 2087 290 2129 Vulgo
304 2100 443 2130 pat-ore.

214 2133 395 2181 *Pan-ulis.
428 2135 482 2167 Sic
498 2140 566 2169 tres
581 2139 682 2169 codd.
705 2144 787 2170 antt.
821 2138 887 2170 Sed

175 2176 252 2215 alii,
267 2182 302 2208 et
317 2177 382 2219 ipsi
401 2180 482 2212 satis
498 2181 594 2221 boni,
610 2185 771 2215 minimis.
800 2183 886 2215 Mox

175 2222 322 2254 adversis
346 2224 570 2256 mediocribus
592 2225 693 2258 iidem
711 2234 776 2259 tres
791 2228 887 2259 codi-

175 2276 256 2305 ces;
295 2266 433 2309 reliqui,
458 2270 596 2301 adi-orso
620 2273 777 2304 mediocri
792 2283 888 2304 casu.

178 2310 255 2342 Non
286 2317 384 2353 puto,
414 2312 448 2344 in
478 2313 605 2346 talibus
634 2322 728 2347 corto
752 2316 883 2349 definiri

176 2365 289 2396 posse,
305 2362 378 2387 utra
394 2356 497 2389 lectio
515 2358 628 2390 verior
642 2359 698 2391 sit.
725 2363 773 2392 M.

225 2400 416 2442 Επρειῖίιοε,
430 2401 499 2433 sine
514 2402 770 2445 inpedimentis.
796 2407 884 2445 Ergo

176 2454 266 2476 nunc
303 2450 395 2476 tanto
435 2447 543 2489 majus
585 2457 755 2481 carrorum
787 2450 887 2491 copia

175 2494 263 2527 erat,
290 2489 372 2531 quia
409 2490 643 2533 inpedimenta
681 2493 714 2524 in
751 2495 886 2535 agmine

175 2538 280 2565 erant.
310 2536 359 2566 M.

203 2621 208 2627 ¹
226 2580 348 2622 Copias
363 2599 407 2606 ·—
423 2585 555 2615 roseric.
594 2582 649 2615 Sic
683 2582 715 2614 in
729 2593 797 2614 uno
827 2594 884 2614 co-

177 2623 252 2655 dice
269 2625 341 2657 haec
357 2627 463 2659 verba
479 2626 559 2669 legi,
576 2626 754 2659 Manutius
770 2634 803 2659 et
826 2628 884 2659 Ci-

176 2669 342 2701 acconius
357 2678 561 2704 monuerunt
575 2684 583 2712 3
609 2672 760 2715 plerique
772 2677 883 2704 tamen

177 2714 268 2752 apud
286 2713 442 2748 Oudend.
459 2717 687 2751 consentiunt.
713 2715 778 2748 nisi
793 2718 883 2757 quod

176 2757 215 2786 ‘in
244 2756 369 2805 liabent
388 2761 464 2791 loco
477 2772 551 2802 pre.
600 2761 798 2803 Pei-antiqua
814 2771 883 2792 rur-

177 2810 234 2832 sus
253 2812 285 2832 in
301 2803 436 2836 duobus
463 2805 563 2838 bonis
579 2805 676 2839 libris
692 2805 795 2838 lectio
811 2811 882 2836 est:

177 2847 278 2885 copiis
299 2855 512 2881 armatorum
533 2856 720 2882 castrorum
745 2852 816 2881 orias
832 2851 883 2881 in-

175 2893 330 2922 struunt.-
353 2904 454 2933 quam
471 2894 648 2937 adscripsi.
666 2895 694 2926 si
709 2894 787 2935 quis
803 2892 880 2925 inde

175 2933 306 2977 aliquid
323 2946 437 2969 eruere
454 2938 573 2980 possit.
622 2938 790 2981 Equidem
805 2948 880 2970 eam

951 1913 1068 1945 multis
1083 1913 1208 1949 modis,
1224 1914 1281 1945 sod
1299 1913 1421 1945 frustra
1441 1913 1585 1945 tentavi.
1615 1913 1666 1945 M.

954 1958 1085 2000 Recepi
1138 1958 1337 1995 lectionem,
1380 1968 1481 1999 quam
1527 1955 1668 1989 exhibet

953 2002 1041 2033 Oud.
1079 2003 1112 2035 in
1150 2003 1336 2044 posteriore
1373 2002 1538 2033 editione.
1589 2003 1668 2034 rias

951 2049 1123 2080 §metrumne
1163 2049 1274 2089 copiis,
1315 2056 1356 2078 ne
1389 2046 1454 2077 lias
1492 2051 1667 2088 occupent

956 2091 1122 2124 Romani.

1007 2136 1242 2169 Laressmulm.
1292 2135 1356 2167 Aut
1388 2134 1453 2166 hoc
1481 2134 1666 2167 delendum

952 2190 1015 2215 est.
1038 2188 1095 2213 aut
1113 2188 1209 2212 antea
1226 2180 1494 2221 mlqredimulos.
1540 2179 1664 2211 Nullus

953 2229 1061 2259 codex
1107 2225 1212 2256 habet
1255 2231 1449 2266 utrumque.
1495 2223 1665 2265 plerique,

951 2270 1212 2313 adqrmlimnlos.
1262 2269 1373 2300 Verba
1395 2277 1502 2309 neque
1517 2267 1666 2300 cedentes

953 2308 1002 2348 ex'
1023 2321 1107 2347 anit.
1128 2325 1147 2345 e
1174 2313 1275 2345 bonis
1301 2313 1401 2345 codd.
1429 2311 1558 2353 recepit
1588 2310 1661 2343 Ou-

952 2362 1052 2392 dend.
1102 2361 1153 2391 M.

999 2405 1163 2436 Mile‘mme
1179 2405 1317 2435 instant.
1357 2399 1571 2433 Praemittunt
1591 2396 1652 2432 alii

952 2452 1090 2487 nostr-533
1115 2449 1172 2479 sed
1190 2447 1222 2479 in
1239 2446 1340 2478 codd.
1355 2447 1460 2477 deest.

1000 2496 1067 2531 Ita,
1081 2503 1190 2534 quum
1205 2492 1402 2523 —1Iito'der.
1442 2488 1583 2521 Nullum
1600 2487 1664 2521 ho-

952 2549 1026 2570 rum
1043 2538 1224 2569 verborum
1241 2542 1292 2567 est
1306 2535 1338 2567 in
1354 2534 1455 2566 codd.
1468 2533 1541 2565 sine
1554 2532 1666 2565 varie-

953 2589 1032 2614 tate.
1070 2582 1223 2613 Fortasse
1247 2591 1266 2612 e
1292 2578 1447 2621 vestigiis
1463 2587 1555 2609 varr.
1584 2578 1663 2609 lect.

952 2627 1019 2668 legi
1054 2625 1201 2667 poterit:
1245 2625 1369 2666 Imque
1399 2632 1508 2666 quiem
1535 2621 1663 2665 palude

950 2672 1097 2712 inpedita
1113 2669 1180 2710 (sic
1197 2670 1300 2702 codd.
1312 2667 1448 2707 omnes)
1461 2671 1575 2698 castra
1589 2675 1665 2697 eas-

950 2719 1011 2747 tris·
1051 2715 1280 2747 ‹lit-iderentur
1317 2712 1383 2752 (sie
1426 2717 1493 2743 tres
1535 2709 1663 2759 codd).

950 2760 1060 2791 Causa
1094 2756 1330 2800 corruptionis
1357 2756 1419 2788 fuit
1445 2755 1479 2787 in
1503 2765 1558 2794 eo,
1579 2763 1661 2795 quia

951 2804 1140 2846 subjectum
1153 2801 1275 2844 prioris
1285 2799 1465 2833 commatis
1477 2804 1528 2831 est
1537 2803 1660 2835 castra,

951 2848 984 2880 in
999 2848 1184 2890 posteriore
1196 2845 1450 2888 iutelligidebet
1462 2846 1585 2876 Caesar.
1610 2842 1661 2873 M.

952 2892 1232 2924 Eniendationem
1248 2890 1362 2931 recepi
1378 2899 1456 2921 cum
1473 2886 1560 2918 oud.
1593 2896 1662 2919 ser·

952 2943 1048 2970 vante
1066 2936 1101 2968 τὸ
1119 2937 1176 2969 Ita
1190 2941 1223 2968 et
1240 2933 1520 2979 praepositionem
1535 2941 1571 2963 a.
