<?xml version="1.0" encoding="UTF-8"?>
<!DOCTYPE html PUBLIC "-//W3C//DTD XHTML 1.0 Transitional//EN"
    "http://www.w3.org/TR/xhtml1/DTD/xhtml1-transitional.dtd">
<html xmlns="http://www.w3.org/1999/xhtml" xml:lang="en" lang="en">
 <head>
  <title>
</title>
<meta http-equiv="Content-Type" content="text/html;charset=utf-8" />
  <meta name='ocr-system' content='tesseract 3.04.00' />
  <meta name='ocr-capabilities' content='ocr_page ocr_carea ocr_par ocr_line ocrx_word'/>
</head>
<body>
  <div class='ocr_page' id='page_1' title='image "./commentariidebel00caesuoft_0604.png"; bbox 0 0 1946 3261; ppageno 0'>
   <div class='ocr_carea' id='block_1_1' title="bbox 370 248 1485 298">
    <p class='ocr_par' dir='ltr' id='par_1_1' title="bbox 370 248 1485 298">
     <span class='ocr_line' id='line_1_1' title="bbox 370 248 1485 298; baseline -0.004 0"><span class='ocrx_word' id='word_1_1' title='bbox 370 254 455 298; x_wconf 82' lang='lat'><strong>564</strong></span> <span class='ocrx_word' id='word_1_2' title='bbox 705 250 787 295; x_wconf 90' lang='lat' dir='ltr'><strong>DE</strong></span> <span class='ocrx_word' id='word_1_3' title='bbox 819 248 1034 295; x_wconf 79' lang='lat' dir='ltr'><strong>BELLO&#39;</strong></span> <span class='ocrx_word' id='word_1_4' title='bbox 1056 249 1485 296; x_wconf 86' lang='lat' dir='ltr'><strong>HISPANIENSI.</strong></span> 
     </span>
    </p>
   </div>
   <div class='ocr_carea' id='block_1_2' title="bbox 369 374 1837 1995">
    <p class='ocr_par' dir='ltr' id='par_1_2' title="bbox 373 374 1836 1114">
     <span class='ocr_line' id='line_1_2' title="bbox 377 374 1829 436; baseline -0.003 -15"><span class='ocrx_word' id='word_1_5' title='bbox 377 379 514 421; x_wconf 83' lang='lat' dir='ltr'><strong>Erant</strong></span> <span class='ocrx_word' id='word_1_6' title='bbox 534 374 600 418; x_wconf 89' lang='lat' dir='ltr'><strong>hic</strong></span> <span class='ocrx_word' id='word_1_7' title='bbox 620 374 825 434; x_wconf 82' lang='lat' dir='ltr'><strong>legiones,</strong></span> <span class='ocrx_word' id='word_1_8' title='bbox 857 393 954 436; x_wconf 88' lang='lat' dir='ltr'><strong>quae</strong></span> <span class='ocrx_word' id='word_1_9' title='bbox 972 394 1024 420; x_wconf 85' lang='lat' dir='ltr'><strong>ex</strong></span> <span class='ocrx_word' id='word_1_10' title='bbox 1045 378 1236 436; x_wconf 88' lang='lat' dir='ltr'><strong>perfugis</strong></span> <span class='ocrx_word' id='word_1_11' title='bbox 1270 378 1542 436; x_wconf 84' lang='lat' dir='ltr'><strong>conscriptae:</strong></span> <span class='ocrx_word' id='word_1_12' title='bbox 1578 375 1735 434; x_wconf 88' lang='lat' dir='ltr'><strong>partim</strong></span> <span class='ocrx_word' id='word_1_13' title='bbox 1754 390 1829 433; x_wconf 87' lang='lat' dir='ltr'><strong>op-</strong></span> 
     </span>
     <span class='ocr_line' id='line_1_3' title="bbox 374 434 1830 494; baseline -0.001 -18"><span class='ocrx_word' id='word_1_14' title='bbox 374 434 631 493; x_wconf 87' lang='lat' dir='ltr'><strong>pidanorum</strong></span> <span class='ocrx_word' id='word_1_15' title='bbox 657 436 784 488; x_wconf 84' lang='lat' dir='ltr'><strong>servi,</strong></span> <span class='ocrx_word' id='word_1_16' title='bbox 816 437 890 494; x_wconf 92' lang='lat' dir='ltr'><strong>qui</strong></span> <span class='ocrx_word' id='word_1_17' title='bbox 909 446 1030 478; x_wconf 89' lang='lat' dir='ltr'><strong>erant</strong></span> <span class='ocrx_word' id='word_1_18' title='bbox 1049 452 1074 478; x_wconf 89' lang='lat' dir='ltr'><strong>a</strong></span> <span class='ocrx_word' id='word_1_19' title='bbox 1097 437 1197 479; x_wconf 78' lang='lat' dir='ltr'><strong>Sex.</strong></span> <span class='ocrx_word' id='word_1_20' title='bbox 1220 437 1427 494; x_wconf 90' lang='lat' dir='ltr'><strong>Pompeio</strong></span> <span class='ocrx_word' id='word_1_21' title='bbox 1447 434 1706 482; x_wconf 85' lang='lat' dir='ltr'>manumissi,</span> <span class='ocrx_word' id='word_1_22' title='bbox 1728 441 1830 476; x_wconf 90' lang='lat' dir='ltr'><strong>tunc</strong></span> 
     </span>
     <span class='ocr_line' id='line_1_4' title="bbox 373 490 1831 552; baseline -0.002 -17"><span class='ocrx_word' id='word_1_23' title='bbox 373 493 419 535; x_wconf 90' lang='lat' dir='ltr'><strong>in</strong></span> <span class='ocrx_word' id='word_1_24' title='bbox 463 493 638 535; x_wconf 59' lang='lat' dir='ltr'><strong>Caesaris</strong></span> <span class='ocrx_word' id='word_1_25' title='bbox 678 494 910 536; x_wconf 83' lang='lat' dir='ltr'><strong>adventum</strong></span> <span class='ocrx_word' id='word_1_26' title='bbox 948 494 1199 537; x_wconf 86' lang='lat' dir='ltr'>descendere</span> <span class='ocrx_word' id='word_1_27' title='bbox 1238 503 1476 552; x_wconf 88' lang='lat' dir='ltr'><strong>coeperunt.</strong></span> <span class='ocrx_word' id='word_1_28' title='bbox 1554 492 1687 550; x_wconf 86' lang='lat' dir='ltr'><strong>Legio</strong></span> <span class='ocrx_word' id='word_1_29' title='bbox 1718 490 1831 532; x_wconf 84' lang='lat' dir='ltr'>XIII</span> 
     </span>
     <span class='ocr_line' id='line_1_5' title="bbox 375 549 1833 609; baseline -0.003 -16"><span class='ocrx_word' id='word_1_30' title='bbox 375 550 588 609; x_wconf 91' lang='lat' dir='ltr'><strong>oppidum</strong></span> <span class='ocrx_word' id='word_1_31' title='bbox 616 549 847 594; x_wconf 84' lang='lat' dir='ltr'><strong>defendere</strong></span> <span class='ocrx_word' id='word_1_32' title='bbox 880 553 1040 609; x_wconf 86' lang='lat' dir='ltr'><strong>coepit:</strong></span> <span class='ocrx_word' id='word_1_33' title='bbox 1089 567 1201 601; x_wconf 91' lang='lat' dir='ltr'><strong>nam,</strong></span> <span class='ocrx_word' id='word_1_34' title='bbox 1239 568 1373 609; x_wconf 90' lang='lat' dir='ltr'><strong>quum</strong></span> <span class='ocrx_word' id='word_1_35' title='bbox 1394 553 1493 609; x_wconf 80' lang='lat' dir='ltr'><strong>&#39;jam</strong></span> <span class='ocrx_word' id='word_1_36' title='bbox 1526 557 1833 607; x_wconf 82' lang='lat' dir='ltr'><strong>repugnarent,</strong></span> 
     </span>
     <span class='ocr_line' id='line_1_6' title="bbox 374 606 1836 668; baseline -0.003 -17"><span class='ocrx_word' id='word_1_37' title='bbox 374 616 518 651; x_wconf 85' lang='lat' dir='ltr'><strong>turres</strong></span> <span class='ocrx_word' id='word_1_38' title='bbox 546 625 599 651; x_wconf 84' lang='lat' dir='ltr'><strong>ex</strong></span> <span class='ocrx_word' id='word_1_39' title='bbox 626 617 751 667; x_wconf 88' lang='lat' dir='ltr'><strong>parte</strong></span> <span class='ocrx_word' id='word_1_40' title='bbox 781 618 826 651; x_wconf 91' lang='lat' dir='ltr'><strong>et</strong></span> <span class='ocrx_word' id='word_1_41' title='bbox 853 625 1024 652; x_wconf 90' lang='lat' dir='ltr'><strong>murum</strong></span> <span class='ocrx_word' id='word_1_42' title='bbox 1053 619 1334 668; x_wconf 88' lang='lat' dir='ltr'><strong>occuparunt.</strong></span> <span class='ocrx_word' id='word_1_43' title='bbox 1395 611 1550 652; x_wconf 88' lang='lat' dir='ltr'><strong>Denuo</strong></span> <span class='ocrx_word' id='word_1_44' title='bbox 1586 609 1750 664; x_wconf 84' lang='lat' dir='ltr'><strong>legatos</strong></span> <span class='ocrx_word' id='word_1_45' title='bbox 1778 606 1836 648; x_wconf 86' lang='lat' dir='ltr'><strong>ad</strong></span> 
     </span>
     <span class='ocr_line' id='line_1_7' title="bbox 379 665 1831 724; baseline -0.003 -16"><span class='ocrx_word' id='word_1_46' title='bbox 379 666 590 709; x_wconf 83' lang='lat' dir='ltr'><strong>Caesarem</strong></span> <span class='ocrx_word' id='word_1_47' title='bbox 629 668 823 716; x_wconf 87' lang='lat' dir='ltr'><strong>mittunt,</strong></span> <span class='ocrx_word' id='word_1_48' title='bbox 856 676 905 709; x_wconf 92' lang='lat' dir='ltr'><strong>ut</strong></span> <span class='ocrx_word' id='word_1_49' title='bbox 941 667 1021 709; x_wconf 85' lang='lat' dir='ltr'>sibi</span> <span class='ocrx_word' id='word_1_50' title='bbox 1059 668 1244 724; x_wconf 85' lang='lat' dir='ltr'><strong>legiones</strong></span> <span class='ocrx_word' id='word_1_51' title='bbox 1283 667 1470 710; x_wconf 90' lang='lat' dir='ltr'><strong>subsidio</strong></span> <span class='ocrx_word' id='word_1_52' title='bbox 1506 665 1831 709; x_wconf 83' lang='lat' dir='ltr'><strong>intromitteret.</strong></span> 
     </span>
     <span class='ocr_line' id='line_1_8' title="bbox 377 721 1835 783; baseline -0.003 -17"><span class='ocrx_word' id='word_1_53' title='bbox 377 723 478 766; x_wconf 93' lang='lat' dir='ltr'><strong>Hoc</strong></span> <span class='ocrx_word' id='word_1_54' title='bbox 508 741 640 782; x_wconf 93' lang='lat' dir='ltr'><strong>quum</strong></span> <span class='ocrx_word' id='word_1_55' title='bbox 668 724 1057 767; x_wconf 87' lang='lat' dir='ltr'><strong>animadverterent</strong></span> <span class='ocrx_word' id='word_1_56' title='bbox 1091 726 1280 768; x_wconf 88' lang='lat' dir='ltr'><strong>homines</strong></span> <span class='ocrx_word' id='word_1_57' title='bbox 1310 726 1499 783; x_wconf 87' lang='lat' dir='ltr'>fugitivi,</span> <span class='ocrx_word' id='word_1_58' title='bbox 1536 723 1743 781; x_wconf 90' lang='lat' dir='ltr'><strong>oppidum</strong></span> <span class='ocrx_word' id='word_1_59' title='bbox 1773 721 1835 763; x_wconf 91' lang='lat' dir='ltr'><strong>in-</strong></span> 
     </span>
     <span class='ocr_line' id='line_1_9' title="bbox 374 779 1832 840; baseline -0.003 -16"><span class='ocrx_word' id='word_1_60' title='bbox 374 782 556 824; x_wconf 90' lang='lat' dir='ltr'><strong>cendere</strong></span> <span class='ocrx_word' id='word_1_61' title='bbox 595 791 835 840; x_wconf 89' lang='lat' dir='ltr'><strong>coeperunt.</strong></span> <span class='ocrx_word' id='word_1_62' title='bbox 899 783 985 832; x_wconf 83' lang='lat' dir='ltr'><strong>Qui</strong></span> <span class='ocrx_word' id='word_1_63' title='bbox 1018 784 1208 840; x_wconf 89' lang='lat' dir='ltr'><strong>superati</strong></span> <span class='ocrx_word' id='word_1_64' title='bbox 1237 800 1261 826; x_wconf 90' lang='lat' dir='ltr'><strong>a</strong></span> <span class='ocrx_word' id='word_1_65' title='bbox 1292 784 1444 825; x_wconf 88' lang='lat' dir='ltr'><strong>nostris</strong></span> <span class='ocrx_word' id='word_1_66' title='bbox 1474 792 1574 824; x_wconf 88' lang='lat' dir='ltr'><strong>sunt</strong></span> <span class='ocrx_word' id='word_1_67' title='bbox 1602 779 1832 830; x_wconf 84' lang='lat' dir='ltr'><strong>interfecti,</strong></span> 
     </span>
     <span class='ocr_line' id='line_1_10' title="bbox 374 838 1835 898; baseline -0.003 -16"><span class='ocrx_word' id='word_1_68' title='bbox 374 839 594 883; x_wconf 82' lang='lat' dir='ltr'><strong>hominum</strong></span> <span class='ocrx_word' id='word_1_69' title='bbox 628 841 742 883; x_wconf 87' lang='lat' dir='ltr'><strong>milia</strong></span> <span class='ocrx_word' id='word_1_70' title='bbox 782 840 928 890; x_wconf 87' lang='lat' dir='ltr'>XXII,</span> <span class='ocrx_word' id='word_1_71' title='bbox 971 850 1262 898; x_wconf 75' lang='lat' dir='ltr'><strong>praeterquam</strong></span> <span class='ocrx_word' id='word_1_72' title='bbox 1295 850 1417 882; x_wconf 86' lang='lat' dir='ltr'><strong>extra</strong></span> <span class='ocrx_word' id='word_1_73' title='bbox 1445 855 1617 882; x_wconf 89' lang='lat' dir='ltr'><strong>murum</strong></span> <span class='ocrx_word' id='word_1_74' title='bbox 1640 838 1715 895; x_wconf 92' lang='lat' dir='ltr'><strong>qui</strong></span> <span class='ocrx_word' id='word_1_75' title='bbox 1739 853 1835 894; x_wconf 90' lang='lat' dir='ltr'><strong>per-</strong></span> 
     </span>
     <span class='ocr_line' id='line_1_11' title="bbox 376 897 1834 956; baseline -0.003 -17"><span class='ocrx_word' id='word_1_76' title='bbox 376 897 534 940; x_wconf 89' lang='lat' dir='ltr'><strong>ierunt.</strong></span> <span class='ocrx_word' id='word_1_77' title='bbox 597 897 664 941; x_wconf 85' lang='lat' dir='ltr'><strong>Ita</strong></span> <span class='ocrx_word' id='word_1_78' title='bbox 705 900 846 941; x_wconf 80' lang='lat' dir='ltr'><strong>Caesar</strong></span> <span class='ocrx_word' id='word_1_79' title='bbox 885 899 1047 956; x_wconf 92' lang='lat' dir='ltr'><strong>oppido</strong></span> <span class='ocrx_word' id='word_1_80' title='bbox 1089 900 1267 956; x_wconf 90' lang='lat' dir='ltr'><strong>potitus.</strong></span> <span class='ocrx_word' id='word_1_81' title='bbox 1337 899 1454 940; x_wconf 88' lang='lat' dir='ltr'><strong>Dum</strong></span> <span class='ocrx_word' id='word_1_82' title='bbox 1491 898 1558 939; x_wconf 92' lang='lat' dir='ltr'><strong>hic</strong></span> <span class='ocrx_word' id='word_1_83' title='bbox 1598 897 1834 943; x_wconf 88' lang='lat' dir='ltr'><strong>detinetur,</strong></span> 
     </span>
     <span class='ocr_line' id='line_1_12' title="bbox 375 953 1834 1014; baseline -0.002 -17"><span class='ocrx_word' id='word_1_84' title='bbox 375 971 429 998; x_wconf 85' lang='lat' dir='ltr'><strong>ex</strong></span> <span class='ocrx_word' id='word_1_85' title='bbox 465 956 617 1013; x_wconf 88' lang='lat' dir='ltr'><strong>proelio</strong></span> <span class='ocrx_word' id='word_1_86' title='bbox 658 972 766 1014; x_wconf 90' lang='lat' dir='ltr'><strong>quos</strong></span> <span class='ocrx_word' id='word_1_87' title='bbox 801 956 1146 999; x_wconf 87' lang='lat' dir='ltr'><strong>circummunitos</strong></span> <span class='ocrx_word' id='word_1_88' title='bbox 1195 956 1390 1014; x_wconf 88' lang='lat' dir='ltr'><strong>superius</strong></span> <span class='ocrx_word' id='word_1_89' title='bbox 1437 953 1834 1001; x_wconf 85' lang='lat' dir='ltr'><strong>demonstravimus,</strong></span> 
     </span>
     <span class='ocr_line' id='line_1_13' title="bbox 375 1010 1834 1071; baseline -0.003 -16"><span class='ocrx_word' id='word_1_90' title='bbox 375 1013 648 1071; x_wconf 85' lang='lat' dir='ltr'><strong>eruptionem</strong></span> <span class='ocrx_word' id='word_1_91' title='bbox 668 1015 863 1057; x_wconf 86' lang='lat' dir='ltr'><strong>fecerunt</strong></span> <span class='ocrx_word' id='word_1_92' title='bbox 895 1023 954 1063; x_wconf 89' lang='lat' dir='ltr'><strong>et,</strong></span> <span class='ocrx_word' id='word_1_93' title='bbox 987 1015 1093 1056; x_wconf 91' lang='lat' dir='ltr'><strong>bene</strong></span> <span class='ocrx_word' id='word_1_94' title='bbox 1126 1014 1272 1057; x_wconf 87' lang='lat' dir='ltr'><strong>multis</strong></span> <span class='ocrx_word' id='word_1_95' title='bbox 1293 1014 1542 1062; x_wconf 86' lang='lat' dir='ltr'><strong>interfectis,</strong></span> <span class='ocrx_word' id='word_1_96' title='bbox 1560 1013 1603 1054; x_wconf 91' lang='lat' dir='ltr'><strong>in</strong></span> <span class='ocrx_word' id='word_1_97' title='bbox 1624 1010 1834 1068; x_wconf 91' lang='lat' dir='ltr'><strong>oppidum</strong></span> 
     </span>
     <span class='ocr_line' id='line_1_14' title="bbox 373 1071 669 1114; baseline -0.007 -1"><span class='ocrx_word' id='word_1_98' title='bbox 373 1080 474 1113; x_wconf 90' lang='lat' dir='ltr'><strong>sunt</strong></span> <span class='ocrx_word' id='word_1_99' title='bbox 493 1071 669 1114; x_wconf 88' lang='lat' dir='ltr'><strong>redacti.</strong></span> 
     </span>
    </p>

    <p class='ocr_par' dir='ltr' id='par_1_3' title="bbox 373 1127 1837 1878">
     <span class='ocr_line' id='line_1_15' title="bbox 434 1127 1834 1187; baseline -0.001 -17"><span class='ocrx_word' id='word_1_100' title='bbox 434 1129 506 1170; x_wconf 87' lang='lat'><strong>35.</strong></span> <span class='ocrx_word' id='word_1_101' title='bbox 553 1129 694 1171; x_wconf 82' lang='lat' dir='ltr'><strong>Caesar</strong></span> <span class='ocrx_word' id='word_1_102' title='bbox 722 1128 934 1187; x_wconf 88' lang='lat' dir='ltr'><strong>Hispalim</strong></span> <span class='ocrx_word' id='word_1_103' title='bbox 966 1145 1099 1186; x_wconf 91' lang='lat' dir='ltr'><strong>quum</strong></span> <span class='ocrx_word' id='word_1_104' title='bbox 1131 1129 1430 1178; x_wconf 83' lang='lat' dir='ltr'><strong>contendisset,</strong></span> <span class='ocrx_word' id='word_1_105' title='bbox 1463 1128 1595 1186; x_wconf 88' lang='lat' dir='ltr'><strong>legati</strong></span> <span class='ocrx_word' id='word_1_106' title='bbox 1631 1127 1834 1185; x_wconf 84' lang='lat' dir='ltr'><strong>depreca-</strong></span> 
     </span>
     <span class='ocr_line' id='line_1_16' title="bbox 375 1184 1834 1245; baseline -0.002 -16"><span class='ocrx_word' id='word_1_107' title='bbox 375 1195 470 1229; x_wconf 87' lang='lat' dir='ltr'><strong>tum</strong></span> <span class='ocrx_word' id='word_1_108' title='bbox 490 1194 718 1228; x_wconf 87' lang='lat' dir='ltr'><strong>venerunt.</strong></span> <span class='ocrx_word' id='word_1_109' title='bbox 780 1187 847 1229; x_wconf 86' lang='lat' dir='ltr'><strong>Ita</strong></span> <span class='ocrx_word' id='word_1_110' title='bbox 868 1203 1001 1245; x_wconf 91' lang='lat' dir='ltr'><strong>quum</strong></span> <span class='ocrx_word' id='word_1_111' title='bbox 1025 1188 1235 1244; x_wconf 90' lang='lat' dir='ltr'><strong>oppidum</strong></span> <span class='ocrx_word' id='word_1_112' title='bbox 1254 1204 1340 1229; x_wconf 88' lang='lat' dir='ltr'><strong>sese</strong></span> <span class='ocrx_word' id='word_1_113' title='bbox 1361 1187 1473 1233; x_wconf 88' lang='lat' dir='ltr'><strong>tueri</strong></span> <span class='ocrx_word' id='word_1_114' title='bbox 1493 1187 1684 1234; x_wconf 76' lang='lat' dir='ltr'><strong>dixisset,</strong></span> <span class='ocrx_word' id='word_1_115' title='bbox 1707 1184 1834 1227; x_wconf 90' lang='lat' dir='ltr'><strong>Cani-</strong></span> 
     </span>
     <span class='ocr_line' id='line_1_17' title="bbox 374 1243 1837 1302; baseline -0.001 -16"><span class='ocrx_word' id='word_1_116' title='bbox 374 1244 494 1286; x_wconf 87' lang='lat' dir='ltr'><strong>nium</strong></span> <span class='ocrx_word' id='word_1_117' title='bbox 531 1243 743 1300; x_wconf 84' lang='lat' dir='ltr'><strong>Legatum</strong></span> <span class='ocrx_word' id='word_1_118' title='bbox 778 1261 872 1286; x_wconf 91' lang='lat' dir='ltr'><strong>cum</strong></span> <span class='ocrx_word' id='word_1_119' title='bbox 916 1245 1110 1302; x_wconf 81' lang='lat' dir='ltr'><strong>praesidio</strong></span> <span class='ocrx_word' id='word_1_120' title='bbox 1147 1245 1408 1287; x_wconf 89' lang='lat' dir='ltr'><strong>intromittit.</strong></span> <span class='ocrx_word' id='word_1_121' title='bbox 1470 1244 1568 1301; x_wconf 90' lang='lat' dir='ltr'><strong>Ipse</strong></span> <span class='ocrx_word' id='word_1_122' title='bbox 1609 1252 1746 1285; x_wconf 89' lang='lat' dir='ltr'><strong>castra</strong></span> <span class='ocrx_word' id='word_1_123' title='bbox 1782 1243 1837 1284; x_wconf 89' lang='lat' dir='ltr'><strong>ad</strong></span> 
     </span>
     <span class='ocr_line' id='line_1_18' title="bbox 376 1301 1833 1359; baseline 0 -17"><span class='ocrx_word' id='word_1_124' title='bbox 376 1301 583 1358; x_wconf 89' lang='lat' dir='ltr'><strong>oppidum</strong></span> <span class='ocrx_word' id='word_1_125' title='bbox 606 1302 744 1358; x_wconf 91' lang='lat' dir='ltr'><strong>ponit.</strong></span> <span class='ocrx_word' id='word_1_126' title='bbox 805 1302 913 1345; x_wconf 86' lang='lat' dir='ltr'><strong>Erat</strong></span> <span class='ocrx_word' id='word_1_127' title='bbox 948 1303 1055 1344; x_wconf 91' lang='lat' dir='ltr'><strong>bene</strong></span> <span class='ocrx_word' id='word_1_128' title='bbox 1091 1318 1290 1359; x_wconf 85' lang='lat' dir='ltr'><strong>magnum</strong></span> <span class='ocrx_word' id='word_1_129' title='bbox 1328 1303 1439 1344; x_wconf 77' lang='lat' dir='ltr'><strong>intra</strong></span> <span class='ocrx_word' id='word_1_130' title='bbox 1477 1302 1833 1359; x_wconf 87' lang='lat' dir='ltr'><strong>Pompeianarum</strong></span> 
     </span>
     <span class='ocr_line' id='line_1_19' title="bbox 375 1358 1834 1418; baseline 0 -18"><span class='ocrx_word' id='word_1_131' title='bbox 375 1359 567 1416; x_wconf 86' lang='lat' dir='ltr'><strong>partium</strong></span> <span class='ocrx_word' id='word_1_132' title='bbox 588 1359 844 1415; x_wconf 78' lang='lat' dir='ltr'><strong>praesidium,</strong></span> <span class='ocrx_word' id='word_1_133' title='bbox 880 1360 997 1417; x_wconf 89' lang='lat' dir='ltr'><strong>quod</strong></span> <span class='ocrx_word' id='word_1_134' title='bbox 1032 1361 1210 1402; x_wconf 81' lang='lat' dir='ltr'><strong>Caesaris</strong></span> <span class='ocrx_word' id='word_1_135' title='bbox 1241 1360 1485 1418; x_wconf 76' lang='lat' dir='ltr'><strong>praesidium</strong></span> <span class='ocrx_word' id='word_1_136' title='bbox 1520 1369 1741 1416; x_wconf 86' lang='lat' dir='ltr'><strong>receptum</strong></span> <span class='ocrx_word' id='word_1_137' title='bbox 1774 1358 1834 1400; x_wconf 91' lang='lat' dir='ltr'><strong>in-</strong></span> 
     </span>
     <span class='ocr_line' id='line_1_20' title="bbox 373 1416 1834 1474; baseline 0 -16"><span class='ocrx_word' id='word_1_138' title='bbox 373 1416 629 1474; x_wconf 88' lang='lat' dir='ltr'><strong>dignaretur</strong></span> <span class='ocrx_word' id='word_1_139' title='bbox 649 1417 761 1459; x_wconf 88' lang='lat' dir='ltr'><strong>clam</strong></span> <span class='ocrx_word' id='word_1_140' title='bbox 791 1417 1017 1473; x_wconf 84' lang='lat' dir='ltr'><strong>quemdam</strong></span> <span class='ocrx_word' id='word_1_141' title='bbox 1051 1417 1290 1467; x_wconf 88' lang='lat' dir='ltr'><strong>Philonem,</strong></span> <span class='ocrx_word' id='word_1_142' title='bbox 1328 1418 1466 1466; x_wconf 90' lang='lat' dir='ltr'><strong>illum,</strong></span> <span class='ocrx_word' id='word_1_143' title='bbox 1504 1418 1578 1474; x_wconf 90' lang='lat' dir='ltr'><strong>qui</strong></span> <span class='ocrx_word' id='word_1_144' title='bbox 1616 1417 1834 1474; x_wconf 88' lang='lat' dir='ltr'><strong>Pompeia-</strong></span> 
     </span>
     <span class='ocr_line' id='line_1_21' title="bbox 373 1474 1835 1532; baseline 0 -16"><span class='ocrx_word' id='word_1_145' title='bbox 373 1489 528 1516; x_wconf 86' lang='lat' dir='ltr'><strong>narum</strong></span> <span class='ocrx_word' id='word_1_146' title='bbox 545 1475 734 1532; x_wconf 88' lang='lat' dir='ltr'><strong>partium</strong></span> <span class='ocrx_word' id='word_1_147' title='bbox 753 1475 901 1517; x_wconf 87' lang='lat' dir='ltr'><strong>fuisset</strong></span> <span class='ocrx_word' id='word_1_148' title='bbox 922 1475 1119 1517; x_wconf 75' lang='lat' dir='ltr'><strong>defensor</strong></span> <span class='ocrx_word' id='word_1_149' title='bbox 1140 1477 1379 1518; x_wconf 83' lang='lat' dir='ltr'><strong>acerrimus.</strong></span> <span class='ocrx_word' id='word_1_150' title='bbox 1443 1476 1483 1517; x_wconf 90' lang='lat' dir='ltr'><strong>Is</strong></span> <span class='ocrx_word' id='word_1_151' title='bbox 1505 1485 1596 1517; x_wconf 88' lang='lat' dir='ltr'><strong>tota</strong></span> <span class='ocrx_word' id='word_1_152' title='bbox 1617 1474 1835 1517; x_wconf 86' lang='lat' dir='ltr'><strong>Lusitania</strong></span> 
     </span>
     <span class='ocr_line' id='line_1_22' title="bbox 374 1532 1835 1590; baseline 0 -16"><span class='ocrx_word' id='word_1_153' title='bbox 374 1532 614 1575; x_wconf 89' lang='lat' dir='ltr'><strong>notissimus</strong></span> <span class='ocrx_word' id='word_1_154' title='bbox 641 1541 747 1574; x_wconf 86' lang='lat' dir='ltr'><strong>erat.</strong></span> <span class='ocrx_word' id='word_1_155' title='bbox 812 1532 896 1575; x_wconf 88' lang='lat' dir='ltr'><strong>Hic</strong></span> <span class='ocrx_word' id='word_1_156' title='bbox 918 1533 1027 1575; x_wconf 86' lang='lat' dir='ltr'><strong>clam</strong></span> <span class='ocrx_word' id='word_1_157' title='bbox 1051 1533 1244 1590; x_wconf 85' lang='lat' dir='ltr'><strong>praesidia</strong></span> <span class='ocrx_word' id='word_1_158' title='bbox 1269 1534 1530 1576; x_wconf 85' lang='lat' dir='ltr'><strong>Lusitaniam</strong></span> <span class='ocrx_word' id='word_1_159' title='bbox 1553 1532 1835 1590; x_wconf 86' lang='lat' dir='ltr'><strong>proficiscitur</strong></span> 
     </span>
     <span class='ocr_line' id='line_1_23' title="bbox 375 1590 1832 1648; baseline 0.001 -17"><span class='ocrx_word' id='word_1_160' title='bbox 375 1598 420 1631; x_wconf 88' lang='lat' dir='ltr'><strong>et</strong></span> <span class='ocrx_word' id='word_1_161' title='bbox 442 1590 663 1632; x_wconf 80' lang='lat' dir='ltr'><strong>Caecilium</strong></span> <span class='ocrx_word' id='word_1_162' title='bbox 687 1591 891 1648; x_wconf 87' lang='lat' dir='ltr'><strong>Nigrum,</strong></span> <span class='ocrx_word' id='word_1_163' title='bbox 927 1591 1141 1633; x_wconf 89' lang='lat' dir='ltr'><strong>hominem</strong></span> <span class='ocrx_word' id='word_1_164' title='bbox 1162 1592 1411 1642; x_wconf 83' lang='lat' dir='ltr'><strong>barbarum,</strong></span> <span class='ocrx_word' id='word_1_165' title='bbox 1445 1591 1501 1633; x_wconf 88' lang='lat' dir='ltr'><strong>ad</strong></span> <span class='ocrx_word' id='word_1_166' title='bbox 1526 1592 1707 1634; x_wconf 90' lang='lat' dir='ltr'><strong>Lenium</strong></span> <span class='ocrx_word' id='word_1_167' title='bbox 1735 1606 1832 1633; x_wconf 92' lang='lat' dir='ltr'><strong>con-</strong></span> 
     </span>
     <span class='ocr_line' id='line_1_24' title="bbox 375 1647 1825 1706; baseline 0.001 -18"><span class='ocrx_word' id='word_1_168' title='bbox 375 1647 524 1695; x_wconf 83' lang='lat' dir='ltr'><strong>venit;</strong></span> <span class='ocrx_word' id='word_1_169' title='bbox 567 1648 643 1703; x_wconf 90' lang='lat' dir='ltr'><strong>qui</strong></span> <span class='ocrx_word' id='word_1_170' title='bbox 683 1647 791 1690; x_wconf 91' lang='lat' dir='ltr'><strong>bene</strong></span> <span class='ocrx_word' id='word_1_171' title='bbox 832 1664 1028 1706; x_wconf 88' lang='lat' dir='ltr'><strong>magnam</strong></span> <span class='ocrx_word' id='word_1_172' title='bbox 1072 1665 1244 1691; x_wconf 90' lang='lat' dir='ltr'><strong>manum</strong></span> <span class='ocrx_word' id='word_1_173' title='bbox 1290 1649 1593 1692; x_wconf 86' lang='lat' dir='ltr'><strong>Lusitanorum</strong></span> <span class='ocrx_word' id='word_1_174' title='bbox 1634 1648 1825 1691; x_wconf 88' lang='lat' dir='ltr'><strong>haberet.</strong></span> 
     </span>
     <span class='ocr_line' id='line_1_25' title="bbox 376 1704 1833 1766; baseline 0.001 -20"><span class='ocrx_word' id='word_1_175' title='bbox 376 1704 544 1747; x_wconf 88' lang='lat' dir='ltr'><strong>Rursus</strong></span> <span class='ocrx_word' id='word_1_176' title='bbox 562 1705 603 1747; x_wconf 91' lang='lat' dir='ltr'><strong>in</strong></span> <span class='ocrx_word' id='word_1_177' title='bbox 627 1705 839 1762; x_wconf 87' lang='lat' dir='ltr'><strong>Hispalim</strong></span> <span class='ocrx_word' id='word_1_178' title='bbox 857 1707 1063 1764; x_wconf 90' lang='lat' dir='ltr'><strong>oppidum</strong></span> <span class='ocrx_word' id='word_1_179' title='bbox 1083 1708 1223 1749; x_wconf 87' lang='lat' dir='ltr'><strong>denno</strong></span> <span class='ocrx_word' id='word_1_180' title='bbox 1244 1715 1374 1750; x_wconf 89' lang='lat' dir='ltr'><strong>noctu</strong></span> <span class='ocrx_word' id='word_1_181' title='bbox 1394 1723 1472 1766; x_wconf 87' lang='lat' dir='ltr'><strong>per</strong></span> <span class='ocrx_word' id='word_1_182' title='bbox 1491 1723 1664 1749; x_wconf 86' lang='lat' dir='ltr'><strong>murum</strong></span> <span class='ocrx_word' id='word_1_183' title='bbox 1685 1707 1833 1764; x_wconf 90' lang='lat' dir='ltr'><strong>recipi-</strong></span> 
     </span>
     <span class='ocr_line' id='line_1_26' title="bbox 373 1762 1830 1823; baseline 0.001 -19"><span class='ocrx_word' id='word_1_184' title='bbox 373 1771 450 1804; x_wconf 87' lang='lat' dir='ltr'><strong>tur</strong></span> <span class='ocrx_word' id='word_1_185' title='bbox 471 1778 481 1810; x_wconf 87' lang='lat'>;</span> <span class='ocrx_word' id='word_1_186' title='bbox 512 1762 752 1819; x_wconf 77' lang='lat' dir='ltr'><strong>praesidium</strong></span> <span class='ocrx_word' id='word_1_187' title='bbox 775 1764 1010 1821; x_wconf 86' lang='lat' dir='ltr'><strong>vigilesque</strong></span> <span class='ocrx_word' id='word_1_188' title='bbox 1044 1765 1258 1822; x_wconf 80' lang='lat' dir='ltr'><strong>jugulant,</strong></span> <span class='ocrx_word' id='word_1_189' title='bbox 1294 1775 1450 1823; x_wconf 72' lang='lat' dir='ltr'><strong>portas</strong></span> <span class='ocrx_word' id='word_1_190' title='bbox 1472 1765 1756 1822; x_wconf 83' lang='lat' dir='ltr'><strong>praecludunt,</strong></span> <span class='ocrx_word' id='word_1_191' title='bbox 1777 1764 1830 1806; x_wconf 91' lang='lat' dir='ltr'><strong>de</strong></span> 
     </span>
     <span class='ocr_line' id='line_1_27' title="bbox 375 1820 1022 1878; baseline -0.002 -17"><span class='ocrx_word' id='word_1_192' title='bbox 375 1820 546 1876; x_wconf 84' lang='lat' dir='ltr'><strong>integro</strong></span> <span class='ocrx_word' id='word_1_193' title='bbox 568 1835 761 1878; x_wconf 87' lang='lat' dir='ltr'><strong>pugnare</strong></span> <span class='ocrx_word' id='word_1_194' title='bbox 782 1830 1022 1878; x_wconf 88' lang='lat' dir='ltr'><strong>coeperunt.</strong></span> 
     </span>
    </p>

    <p class='ocr_par' dir='ltr' id='par_1_4' title="bbox 369 1878 1832 1995">
     <span class='ocr_line' id='line_1_28' title="bbox 432 1878 1831 1936; baseline 0.002 -17"><span class='ocrx_word' id='word_1_195' title='bbox 432 1878 503 1919; x_wconf 81' lang='lat'><strong>36.</strong></span> <span class='ocrx_word' id='word_1_196' title='bbox 537 1878 654 1920; x_wconf 91' lang='lat' dir='ltr'><strong>Dum</strong></span> <span class='ocrx_word' id='word_1_197' title='bbox 685 1878 773 1920; x_wconf 87' lang='lat' dir='ltr'><strong>haec</strong></span> <span class='ocrx_word' id='word_1_198' title='bbox 805 1887 1034 1936; x_wconf 84' lang='lat' dir='ltr'><strong>geruntur,</strong></span> <span class='ocrx_word' id='word_1_199' title='bbox 1066 1879 1199 1936; x_wconf 80' lang='lat' dir='ltr'><strong>legati</strong></span> <span class='ocrx_word' id='word_1_200' title='bbox 1222 1880 1486 1922; x_wconf 85' lang='lat' dir='ltr'><strong>Carteienses</strong></span> <span class='ocrx_word' id='word_1_201' title='bbox 1514 1880 1831 1929; x_wconf 79' lang='lat' dir='ltr'><strong>renunciamnt,</strong></span> 
     </span>
     <span class='ocr_line' id='line_1_29' title="bbox 369 1935 1832 1995; baseline 0.003 -17"><span class='ocrx_word' id='word_1_202' title='bbox 369 1935 489 1993; x_wconf 90' lang='lat' dir='ltr'><strong>quod</strong></span> <span class='ocrx_word' id='word_1_203' title='bbox 514 1935 767 1994; x_wconf 89' lang='lat' dir='ltr'><strong>Pompeium</strong></span> <span class='ocrx_word' id='word_1_204' title='bbox 787 1936 830 1979; x_wconf 89' lang='lat' dir='ltr'><strong>in</strong></span> <span class='ocrx_word' id='word_1_205' title='bbox 848 1946 1103 1995; x_wconf 87' lang='lat' dir='ltr'><strong>potestatem</strong></span> <span class='ocrx_word' id='word_1_206' title='bbox 1122 1937 1345 1980; x_wconf 79' lang='lat' dir='ltr'><strong>haberent.</strong></span> <span class='ocrx_word' id='word_1_207' title='bbox 1410 1937 1538 1986; x_wconf 82' lang='lat' dir='ltr'><strong>Quod</strong></span> <span class='ocrx_word' id='word_1_208' title='bbox 1559 1948 1657 1980; x_wconf 88' lang='lat' dir='ltr'><strong>ante</strong></span> <span class='ocrx_word' id='word_1_209' title='bbox 1676 1938 1832 1982; x_wconf 79' lang='lat' dir='ltr'><strong>Caesari</strong></span> 
     </span>
    </p>
   </div>
   <div class='ocr_carea' id='block_1_3' title="bbox 423 2063 1071 2105">
    <p class='ocr_par' dir='ltr' id='par_1_5' title="bbox 423 2063 1071 2105">
     <span class='ocr_line' id='line_1_30' title="bbox 423 2063 1071 2105; baseline 0 -9"><span class='ocrx_word' id='word_1_210' title='bbox 423 2065 630 2105; x_wconf 68' lang='lat' dir='ltr'><strong>conscriptae.</strong></span> <span class='ocrx_word' id='word_1_211' title='bbox 679 2063 922 2104; x_wconf 69' lang='lat' dir='ltr'><strong>Add.suerc1nt</strong></span> <span class='ocrx_word' id='word_1_212' title='bbox 950 2074 969 2094; x_wconf 89' lang='lat' dir='ltr'><strong>e</strong></span> <span class='ocrx_word' id='word_1_213' title='bbox 997 2065 1071 2096; x_wconf 81' lang='lat' dir='ltr'><strong>cod.</strong></span> 
     </span>
    </p>
   </div>
   <div class='ocr_carea' id='block_1_4' title="bbox 376 2065 1829 2138">
    <p class='ocr_par' dir='ltr' id='par_1_6' title="bbox 376 2065 1829 2138">
     <span class='ocr_line' id='line_1_31' title="bbox 1137 2065 1829 2107; baseline 0.001 -11"><span class='ocrx_word' id='word_1_214' title='bbox 1137 2065 1218 2096; x_wconf 81' lang='lat' dir='ltr'><strong>mire</strong></span> <span class='ocrx_word' id='word_1_215' title='bbox 1237 2065 1267 2096; x_wconf 88' lang='lat' dir='ltr'><strong>in</strong></span> <span class='ocrx_word' id='word_1_216' title='bbox 1291 2065 1387 2096; x_wconf 85' lang='lat' dir='ltr'><strong>codd.</strong></span> <span class='ocrx_word' id='word_1_217' title='bbox 1416 2065 1553 2101; x_wconf 79' lang='lat' dir='ltr'><strong>variata,</strong></span> <span class='ocrx_word' id='word_1_218' title='bbox 1576 2065 1624 2096; x_wconf 90' lang='lat' dir='ltr'><strong>sic</strong></span> <span class='ocrx_word' id='word_1_219' title='bbox 1649 2071 1829 2107; x_wconf 82' lang='lat' dir='ltr'><strong>utcumque</strong></span> 
     </span>
     <span class='ocr_line' id='line_1_32' title="bbox 376 2105 717 2138; baseline 0.003 -1"><span class='ocrx_word' id='word_1_220' title='bbox 376 2105 515 2138; x_wconf 78' lang='lat' dir='ltr'><strong>Norvic.</strong></span> <span class='ocrx_word' id='word_1_221' title='bbox 548 2109 717 2138; x_wconf 66' lang='lat' dir='ltr'><strong>Davisius.</strong></span> 
     </span>
    </p>
   </div>
   <div class='ocr_carea' id='block_1_5' title="bbox 1137 2108 1567 2139">
    <p class='ocr_par' dir='ltr' id='par_1_7' title="bbox 1137 2108 1567 2139">
     <span class='ocr_line' id='line_1_33' title="bbox 1137 2108 1567 2139; baseline 0 0"><span class='ocrx_word' id='word_1_222' title='bbox 1137 2109 1376 2139; x_wconf 83' lang='lat' dir='ltr'><strong>constituerunt</strong></span> <span class='ocrx_word' id='word_1_223' title='bbox 1388 2108 1449 2139; x_wconf 80' lang='lat' dir='ltr'><strong>viri</strong></span> <span class='ocrx_word' id='word_1_224' title='bbox 1465 2108 1567 2139; x_wconf 87' lang='lat' dir='ltr'><strong>docti.</strong></span> 
     </span>
    </p>
   </div>
   <div class='ocr_carea' id='block_1_6' title="bbox 378 2150 1072 2834">
    <p class='ocr_par' dir='ltr' id='par_1_8' title="bbox 378 2150 1072 2527">
     <span class='ocr_line' id='line_1_34' title="bbox 422 2150 1070 2182; baseline 0.002 -2"><span class='ocrx_word' id='word_1_225' title='bbox 422 2150 466 2180; x_wconf 80' lang='lat' dir='ltr'><strong>In</strong></span> <span class='ocrx_word' id='word_1_226' title='bbox 495 2152 633 2181; x_wconf 64' lang='lat' dir='ltr'><strong>Caesaris</strong></span> <span class='ocrx_word' id='word_1_227' title='bbox 663 2150 842 2182; x_wconf 62' lang='lat' dir='ltr'><strong>adrentum</strong></span> <span class='ocrx_word' id='word_1_228' title='bbox 869 2150 1070 2182; x_wconf 72' lang='lat' dir='ltr'><strong>descendere.</strong></span> 
     </span>
     <span class='ocr_line' id='line_1_35' title="bbox 379 2191 1070 2230; baseline 0.004 -8"><span class='ocrx_word' id='word_1_229' title='bbox 379 2191 472 2230; x_wconf 85' lang='lat' dir='ltr'><strong>Quid</strong></span> <span class='ocrx_word' id='word_1_230' title='bbox 488 2192 552 2223; x_wconf 84' lang='lat' dir='ltr'><strong>hoc</strong></span> <span class='ocrx_word' id='word_1_231' title='bbox 569 2198 618 2222; x_wconf 82' lang='lat' dir='ltr'><strong>est</strong></span> <span class='ocrx_word' id='word_1_232' title='bbox 633 2193 644 2223; x_wconf 91' lang='lat'>?</span> <span class='ocrx_word' id='word_1_233' title='bbox 673 2194 722 2224; x_wconf 84' lang='lat' dir='ltr'><strong>Ex</strong></span> <span class='ocrx_word' id='word_1_234' title='bbox 739 2193 814 2225; x_wconf 92' lang='lat' dir='ltr'><strong>loco</strong></span> <span class='ocrx_word' id='word_1_235' title='bbox 833 2193 951 2225; x_wconf 88' lang='lat' dir='ltr'><strong>Dionis</strong></span> <span class='ocrx_word' id='word_1_236' title='bbox 964 2193 1070 2225; x_wconf 78' lang='lat' dir='ltr'><strong>Cassii</strong></span> 
     </span>
     <span class='ocr_line' id='line_1_36' title="bbox 379 2235 1071 2276; baseline 0.004 -11"><span class='ocrx_word' id='word_1_237' title='bbox 379 2238 434 2273; x_wconf 79' lang='lat'><strong>43,</strong></span> <span class='ocrx_word' id='word_1_238' title='bbox 464 2237 515 2266; x_wconf 82' lang='lat'><strong>39.</strong></span> <span class='ocrx_word' id='word_1_239' title='bbox 538 2235 648 2273; x_wconf 84' lang='lat' dir='ltr'><strong>video,</strong></span> <span class='ocrx_word' id='word_1_240' title='bbox 673 2236 859 2276; x_wconf 80' lang='lat' dir='ltr'><strong>oppidanos</strong></span> <span class='ocrx_word' id='word_1_241' title='bbox 882 2237 1006 2268; x_wconf 65' lang='lat' dir='ltr'><strong>Caesari</strong></span> <span class='ocrx_word' id='word_1_242' title='bbox 1025 2238 1071 2268; x_wconf 81' lang='lat' dir='ltr'><strong>fa-</strong></span> 
     </span>
     <span class='ocr_line' id='line_1_37' title="bbox 378 2278 1071 2321; baseline -0.001 -11"><span class='ocrx_word' id='word_1_243' title='bbox 378 2278 478 2316; x_wconf 87' lang='lat' dir='ltr'><strong>visse,</strong></span> <span class='ocrx_word' id='word_1_244' title='bbox 502 2278 725 2309; x_wconf 81' lang='lat' dir='ltr'><strong>manumissos</strong></span> <span class='ocrx_word' id='word_1_245' title='bbox 740 2279 768 2310; x_wconf 89' lang='lat' dir='ltr'><strong>ei</strong></span> <span class='ocrx_word' id='word_1_246' title='bbox 788 2280 946 2311; x_wconf 72' lang='lat' dir='ltr'><strong>restitisse</strong></span> <span class='ocrx_word' id='word_1_247' title='bbox 961 2286 992 2311; x_wconf 86' lang='lat' dir='ltr'><strong>et</strong></span> <span class='ocrx_word' id='word_1_248' title='bbox 1009 2292 1071 2321; x_wconf 80' lang='lat' dir='ltr'><strong>op-</strong></span> 
     </span>
     <span class='ocr_line' id='line_1_38' title="bbox 380 2321 1072 2364; baseline 0.001 -12"><span class='ocrx_word' id='word_1_249' title='bbox 380 2321 497 2364; x_wconf 88' lang='lat' dir='ltr'><strong>pidum</strong></span> <span class='ocrx_word' id='word_1_250' title='bbox 519 2321 716 2352; x_wconf 78' lang='lat' dir='ltr'><strong>defendisse.</strong></span> <span class='ocrx_word' id='word_1_251' title='bbox 763 2323 851 2363; x_wconf 74' lang='lat' dir='ltr'><strong>Ergo</strong></span> <span class='ocrx_word' id='word_1_252' title='bbox 869 2325 985 2355; x_wconf 79' lang='lat' dir='ltr'><strong>saltem</strong></span> <span class='ocrx_word' id='word_1_253' title='bbox 1001 2325 1072 2354; x_wconf 77' lang='lat' dir='ltr'><strong>des-</strong></span> 
     </span>
     <span class='ocr_line' id='line_1_39' title="bbox 380 2364 1070 2405; baseline 0 -8"><span class='ocrx_word' id='word_1_254' title='bbox 380 2366 514 2397; x_wconf 78' lang='lat' dir='ltr'><strong>cemlerc</strong></span> <span class='ocrx_word' id='word_1_255' title='bbox 538 2364 573 2396; x_wconf 85' lang='lat' dir='ltr'><strong>in</strong></span> <span class='ocrx_word' id='word_1_256' title='bbox 596 2364 765 2405; x_wconf 74' lang='lat' dir='ltr'><strong>defendere</strong></span> <span class='ocrx_word' id='word_1_257' title='bbox 788 2368 981 2397; x_wconf 83' lang='lat' dir='ltr'><strong>mutandum</strong></span> <span class='ocrx_word' id='word_1_258' title='bbox 1000 2373 1070 2404; x_wconf 78' lang='lat' dir='ltr'><strong>est3</strong></span> 
     </span>
     <span class='ocr_line' id='line_1_40' title="bbox 382 2408 1071 2449; baseline 0.001 -9"><span class='ocrx_word' id='word_1_259' title='bbox 382 2410 439 2440; x_wconf 83' lang='lat' dir='ltr'><strong>sed</strong></span> <span class='ocrx_word' id='word_1_260' title='bbox 467 2408 563 2449; x_wconf 87' lang='lat' dir='ltr'><strong>plura</strong></span> <span class='ocrx_word' id='word_1_261' title='bbox 588 2414 697 2438; x_wconf 78' lang='lat' dir='ltr'><strong>essent</strong></span> <span class='ocrx_word' id='word_1_262' title='bbox 723 2419 820 2449; x_wconf 86' lang='lat' dir='ltr'><strong>porro</strong></span> <span class='ocrx_word' id='word_1_263' title='bbox 839 2411 1008 2447; x_wconf 80' lang='lat' dir='ltr'><strong>mutanda,</strong></span> <span class='ocrx_word' id='word_1_264' title='bbox 1036 2417 1071 2440; x_wconf 90' lang='lat' dir='ltr'><strong>ut</strong></span> 
     </span>
     <span class='ocr_line' id='line_1_41' title="bbox 380 2451 1071 2494; baseline 0 -10"><span class='ocrx_word' id='word_1_265' title='bbox 380 2451 525 2484; x_wconf 82' lang='lat' dir='ltr'><strong>orationi</strong></span> <span class='ocrx_word' id='word_1_266' title='bbox 540 2460 654 2482; x_wconf 84' lang='lat' dir='ltr'><strong>sensus</strong></span> <span class='ocrx_word' id='word_1_267' title='bbox 671 2451 867 2492; x_wconf 81' lang='lat' dir='ltr'><strong>perspicuus</strong></span> <span class='ocrx_word' id='word_1_268' title='bbox 879 2453 983 2484; x_wconf 85' lang='lat' dir='ltr'><strong>tribui</strong></span> <span class='ocrx_word' id='word_1_269' title='bbox 993 2464 1071 2494; x_wconf 83' lang='lat' dir='ltr'><strong>pos-</strong></span> 
     </span>
     <span class='ocr_line' id='line_1_42' title="bbox 382 2494 952 2527; baseline 0 0"><span class='ocrx_word' id='word_1_270' title='bbox 382 2501 445 2527; x_wconf 81' lang='lat' dir='ltr'><strong>set.</strong></span> <span class='ocrx_word' id='word_1_271' title='bbox 470 2495 599 2526; x_wconf 82' lang='lat' dir='ltr'><strong>Sussicit</strong></span> <span class='ocrx_word' id='word_1_272' title='bbox 615 2505 682 2525; x_wconf 79' lang='lat' dir='ltr'><strong>rem</strong></span> <span class='ocrx_word' id='word_1_273' title='bbox 699 2494 874 2527; x_wconf 76' lang='lat' dir='ltr'><strong>indicasse.</strong></span> <span class='ocrx_word' id='word_1_274' title='bbox 906 2498 952 2527; x_wconf 76' lang='lat' dir='ltr'><strong>M.</strong></span> 
     </span>
    </p>

    <p class='ocr_par' dir='ltr' id='par_1_9' title="bbox 384 2538 853 2612">
     <span class='ocr_line' id='line_1_43' title="bbox 445 2538 853 2579; baseline -0.002 -10"><span class='ocrx_word' id='word_1_275' title='bbox 445 2539 604 2579; x_wconf 76' lang='lat' dir='ltr'><strong>Superius</strong></span> <span class='ocrx_word' id='word_1_276' title='bbox 635 2538 853 2570; x_wconf 63' lang='lat' dir='ltr'><strong>demonstrat.</strong></span> 
     </span>
     <span class='ocr_line' id='line_1_44' title="bbox 384 2581 770 2612; baseline -0.003 0"><span class='ocrx_word' id='word_1_277' title='bbox 384 2581 466 2612; x_wconf 84' lang='lat' dir='ltr'><strong>Sunt</strong></span> <span class='ocrx_word' id='word_1_278' title='bbox 481 2581 697 2612; x_wconf 74' lang='lat' dir='ltr'><strong>Mundenses.</strong></span> <span class='ocrx_word' id='word_1_279' title='bbox 721 2582 770 2612; x_wconf 84' lang='lat' dir='ltr'><strong>M.</strong></span> 
     </span>
    </p>

    <p class='ocr_par' dir='ltr' id='par_1_10' title="bbox 431 2625 813 2656">
     <span class='ocr_line' id='line_1_45' title="bbox 431 2625 813 2656; baseline -0.003 0"><span class='ocrx_word' id='word_1_280' title='bbox 431 2625 579 2656; x_wconf 80' lang='lat' dir='ltr'><strong>Redacti.</strong></span> <span class='ocrx_word' id='word_1_281' title='bbox 605 2625 652 2655; x_wconf 83' lang='lat' dir='ltr'><strong>lta</strong></span> <span class='ocrx_word' id='word_1_282' title='bbox 665 2629 698 2655; x_wconf 84' lang='lat' dir='ltr'><strong>et</strong></span> <span class='ocrx_word' id='word_1_283' title='bbox 712 2634 743 2655; x_wconf 86' lang='lat' dir='ltr'><strong>c.</strong></span> <span class='ocrx_word' id='word_1_284' title='bbox 764 2626 813 2655; x_wconf 85' lang='lat'><strong>15.</strong></span> 
     </span>
    </p>

    <p class='ocr_par' dir='ltr' id='par_1_11' title="bbox 383 2667 1072 2834">
     <span class='ocr_line' id='line_1_46' title="bbox 431 2667 1071 2709; baseline 0.003 -10"><span class='ocrx_word' id='word_1_285' title='bbox 431 2669 489 2699; x_wconf 80' lang='lat' dir='ltr'><strong>Ita</strong></span> <span class='ocrx_word' id='word_1_286' title='bbox 503 2677 608 2708; x_wconf 84' lang='lat' dir='ltr'><strong>quum</strong></span> <span class='ocrx_word' id='word_1_287' title='bbox 626 2678 700 2708; x_wconf 78' lang='lat' dir='ltr'><strong>opp.</strong></span> <span class='ocrx_word' id='word_1_288' title='bbox 741 2668 770 2698; x_wconf 85' lang='grc' dir='ltr'>Ε</span> <span class='ocrx_word' id='word_1_289' title='bbox 783 2667 880 2699; x_wconf 89' lang='lat' dir='ltr'><strong>codd.</strong></span> <span class='ocrx_word' id='word_1_290' title='bbox 897 2668 943 2699; x_wconf 85' lang='lat' dir='ltr'><strong>sic</strong></span> <span class='ocrx_word' id='word_1_291' title='bbox 960 2669 1071 2709; x_wconf 84' lang='lat' dir='ltr'><strong>legen-</strong></span> 
     </span>
     <span class='ocr_line' id='line_1_47' title="bbox 383 2710 1071 2752; baseline 0.003 -10"><span class='ocrx_word' id='word_1_292' title='bbox 383 2711 484 2742; x_wconf 81' lang='lat' dir='ltr'><strong>dum:</strong></span> <span class='ocrx_word' id='word_1_293' title='bbox 510 2711 565 2742; x_wconf 81' lang='lat' dir='ltr'><strong>Ita</strong></span> <span class='ocrx_word' id='word_1_294' title='bbox 583 2710 627 2741; x_wconf 75' lang='lat' dir='ltr'><strong>ml</strong></span> <span class='ocrx_word' id='word_1_295' title='bbox 641 2711 797 2752; x_wconf 74' lang='lat' dir='ltr'><strong>oppidum</strong></span> <span class='ocrx_word' id='word_1_296' title='bbox 811 2712 967 2743; x_wconf 79' lang='lat' dir='ltr'><strong>luendum</strong></span> <span class='ocrx_word' id='word_1_297' title='bbox 986 2715 1071 2744; x_wconf 75' lang='lat' dir='ltr'><strong>Can.</strong></span> 
     </span>
     <span class='ocr_line' id='line_1_48' title="bbox 383 2754 1072 2795; baseline 0.004 -10"><span class='ocrx_word' id='word_1_298' title='bbox 383 2755 449 2795; x_wconf 72' lang='lat' dir='ltr'><strong>leq.</strong></span> <span class='ocrx_word' id='word_1_299' title='bbox 462 2754 510 2784; x_wconf 90' lang='lat' dir='ltr'><strong>M.</strong></span> <span class='ocrx_word' id='word_1_300' title='bbox 533 2754 634 2784; x_wconf 74' lang='lat' dir='ltr'><strong>Tum·</strong></span> <span class='ocrx_word' id='word_1_301' title='bbox 651 2764 794 2793; x_wconf 68' lang='lat' dir='ltr'><strong>praesens</strong></span> <span class='ocrx_word' id='word_1_302' title='bbox 810 2764 868 2795; x_wconf 88' lang='lat' dir='ltr'><strong>pro</strong></span> <span class='ocrx_word' id='word_1_303' title='bbox 887 2755 1010 2787; x_wconf 80' lang='lat' dir='ltr'><strong>futuro.</strong></span> <span class='ocrx_word' id='word_1_304' title='bbox 1031 2755 1072 2788; x_wconf 75' lang='lat' dir='ltr'><strong>V.</strong></span> 
     </span>
     <span class='ocr_line' id='line_1_49' title="bbox 385 2795 687 2834; baseline -0.01 -5"><span class='ocrx_word' id='word_1_305' title='bbox 385 2802 455 2829; x_wconf 87' lang='lat' dir='ltr'><strong>not.</strong></span> <span class='ocrx_word' id='word_1_306' title='bbox 471 2797 513 2827; x_wconf 85' lang='lat' dir='ltr'><strong>ad</strong></span> <span class='ocrx_word' id='word_1_307' title='bbox 529 2795 570 2827; x_wconf 90' lang='lat' dir='ltr'><strong>G.</strong></span> <span class='ocrx_word' id='word_1_308' title='bbox 587 2799 619 2834; x_wconf 78' lang='lat'><strong>2,</strong></span> <span class='ocrx_word' id='word_1_309' title='bbox 635 2799 687 2827; x_wconf 79' lang='grc'><strong>32.</strong></span> 
     </span>
    </p>
   </div>
   <div class='ocr_carea' id='block_1_7' title="bbox 432 2839 1073 2883">
    <p class='ocr_par' dir='ltr' id='par_1_12' title="bbox 432 2839 1073 2883">
     <span class='ocr_line' id='line_1_50' title="bbox 432 2839 1073 2883; baseline 0.005 -11"><span class='ocrx_word' id='word_1_310' title='bbox 432 2841 520 2872; x_wconf 81' lang='lat' dir='ltr'><strong>Erat</strong></span> <span class='ocrx_word' id='word_1_311' title='bbox 534 2839 613 2871; x_wconf 78' lang='lat' dir='ltr'><strong>bene</strong></span> <span class='ocrx_word' id='word_1_312' title='bbox 625 2856 669 2864; x_wconf 81' lang='lat'>—</span> <span class='ocrx_word' id='word_1_313' title='bbox 678 2842 901 2883; x_wconf 74' lang='lat' dir='ltr'><strong>proficiscitur.</strong></span> <span class='ocrx_word' id='word_1_314' title='bbox 928 2841 972 2874; x_wconf 79' lang='lat' dir='ltr'><strong>Et</strong></span> <span class='ocrx_word' id='word_1_315' title='bbox 989 2842 1073 2881; x_wconf 74' lang='lat' dir='ltr'><strong>haec,</strong></span> 
     </span>
    </p>
   </div>
   <div class='ocr_carea' id='block_1_8' title="bbox 907 2543 1070 2580">
    <p class='ocr_par' dir='ltr' id='par_1_13' title="bbox 907 2543 1070 2580">
     <span class='ocr_line' id='line_1_51' title="bbox 907 2543 1070 2580; baseline 0.006 -10"><span class='ocrx_word' id='word_1_316' title='bbox 907 2550 981 2580; x_wconf 80' lang='lat' dir='ltr'><strong>cap.</strong></span> <span class='ocrx_word' id='word_1_317' title='bbox 1019 2543 1070 2572; x_wconf 82' lang='lat'><strong>33.</strong></span> 
     </span>
    </p>
   </div>
   <div class='ocr_carea' id='block_1_9' title="bbox 1137 2109 1829 2884">
    <p class='ocr_par' dir='ltr' id='par_1_14' title="bbox 1137 2109 1829 2399">
     <span class='ocr_line' id='line_1_52' title="bbox 1610 2109 1829 2150; baseline 0 -11"><span class='ocrx_word' id='word_1_318' title='bbox 1610 2109 1694 2139; x_wconf 86' lang='lat' dir='ltr'><strong>Rem</strong></span> <span class='ocrx_word' id='word_1_319' title='bbox 1710 2109 1829 2150; x_wconf 82' lang='lat' dir='ltr'><strong>adtigit</strong></span> 
     </span>
     <span class='ocr_line' id='line_1_53' title="bbox 1138 2151 1827 2189; baseline 0.001 -7"><span class='ocrx_word' id='word_1_320' title='bbox 1138 2152 1205 2182; x_wconf 88' lang='lat' dir='ltr'><strong>Dio</strong></span> <span class='ocrx_word' id='word_1_321' title='bbox 1222 2152 1317 2182; x_wconf 86' lang='lat' dir='ltr'><strong>Cass.</strong></span> <span class='ocrx_word' id='word_1_322' title='bbox 1333 2155 1384 2187; x_wconf 70' lang='lat'><strong>-13,</strong></span> <span class='ocrx_word' id='word_1_323' title='bbox 1405 2154 1455 2183; x_wconf 79' lang='lat'><strong>39.</strong></span> <span class='ocrx_word' id='word_1_324' title='bbox 1498 2151 1651 2189; x_wconf 81' lang='lat' dir='ltr'><strong>Quilibet</strong></span> <span class='ocrx_word' id='word_1_325' title='bbox 1667 2152 1755 2183; x_wconf 74' lang='lat' dir='ltr'><strong>videt</strong></span> <span class='ocrx_word' id='word_1_326' title='bbox 1776 2163 1827 2183; x_wconf 86' lang='lat' dir='ltr'><strong>re-</strong></span> 
     </span>
     <span class='ocr_line' id='line_1_54' title="bbox 1138 2194 1828 2236; baseline 0 -10"><span class='ocrx_word' id='word_1_327' title='bbox 1138 2202 1236 2236; x_wconf 83' lang='lat' dir='ltr'><strong>cepto</strong></span> <span class='ocrx_word' id='word_1_328' title='bbox 1267 2195 1409 2226; x_wconf 57' lang='lat' dir='ltr'><strong>Caesaris</strong></span> <span class='ocrx_word' id='word_1_329' title='bbox 1444 2194 1614 2235; x_wconf 80' lang='lat' dir='ltr'><strong>praesidio,</strong></span> <span class='ocrx_word' id='word_1_330' title='bbox 1652 2195 1828 2227; x_wconf 84' lang='lat' dir='ltr'><strong>Philonem</strong></span> 
     </span>
     <span class='ocr_line' id='line_1_55' title="bbox 1137 2237 1828 2279; baseline 0.001 -10"><span class='ocrx_word' id='word_1_331' title='bbox 1137 2239 1223 2269; x_wconf 81' lang='lat' dir='ltr'><strong>clam</strong></span> <span class='ocrx_word' id='word_1_332' title='bbox 1249 2239 1432 2279; x_wconf 75' lang='lat' dir='ltr'><strong>profectum</strong></span> <span class='ocrx_word' id='word_1_333' title='bbox 1449 2250 1520 2269; x_wconf 76' lang='lat' dir='ltr'><strong>esse</strong></span> <span class='ocrx_word' id='word_1_334' title='bbox 1537 2239 1577 2269; x_wconf 88' lang='lat' dir='ltr'><strong>ad</strong></span> <span class='ocrx_word' id='word_1_335' title='bbox 1593 2237 1828 2279; x_wconf 87' lang='lat' dir='ltr'><strong>conligendum</strong></span> 
     </span>
     <span class='ocr_line' id='line_1_56' title="bbox 1137 2281 1827 2322; baseline 0.001 -10"><span class='ocrx_word' id='word_1_336' title='bbox 1137 2281 1330 2314; x_wconf 77' lang='lat' dir='ltr'><strong>exercitum.</strong></span> <span class='ocrx_word' id='word_1_337' title='bbox 1355 2293 1462 2322; x_wconf 72' lang='lat' dir='ltr'><strong>coque</strong></span> <span class='ocrx_word' id='word_1_338' title='bbox 1486 2282 1638 2312; x_wconf 85' lang='lat' dir='ltr'><strong>conlecto</strong></span> <span class='ocrx_word' id='word_1_339' title='bbox 1661 2292 1827 2313; x_wconf 80' lang='lat' dir='ltr'><strong>reversum</strong></span> 
     </span>
     <span class='ocr_line' id='line_1_57' title="bbox 1138 2324 1826 2356; baseline 0 0"><span class='ocrx_word' id='word_1_340' title='bbox 1138 2332 1235 2356; x_wconf 77' lang='lat' dir='ltr'><strong>noctu</strong></span> <span class='ocrx_word' id='word_1_341' title='bbox 1265 2326 1389 2355; x_wconf 70' lang='lat' dir='ltr'><strong>ezr-dem</strong></span> <span class='ocrx_word' id='word_1_342' title='bbox 1414 2324 1679 2356; x_wconf 75' lang='lat' dir='ltr'><strong>(’a·sarianorum</strong></span> <span class='ocrx_word' id='word_1_343' title='bbox 1696 2325 1826 2356; x_wconf 78' lang='lat' dir='ltr'><strong>secisse.</strong></span> 
     </span>
     <span class='ocr_line' id='line_1_58' title="bbox 1140 2367 1577 2399; baseline 0 0"><span class='ocrx_word' id='word_1_344' title='bbox 1140 2370 1188 2399; x_wconf 85' lang='lat' dir='ltr'><strong>M.</strong></span> <span class='ocrx_word' id='word_1_345' title='bbox 1222 2369 1286 2399; x_wconf 87' lang='lat' dir='ltr'><strong>Pro</strong></span> <span class='ocrx_word' id='word_1_346' title='bbox 1302 2370 1389 2399; x_wconf 76' lang='lat' dir='ltr'><strong>imru</strong></span> <span class='ocrx_word' id='word_1_347' title='bbox 1403 2367 1461 2398; x_wconf 84' lang='lat' dir='ltr'><strong>alii</strong></span> <span class='ocrx_word' id='word_1_348' title='bbox 1480 2371 1577 2399; x_wconf 78' lang='lat' dir='ltr'><strong>intus.</strong></span> 
     </span>
    </p>

    <p class='ocr_par' dir='ltr' id='par_1_15' title="bbox 1137 2410 1828 2486">
     <span class='ocr_line' id='line_1_59' title="bbox 1184 2410 1828 2453; baseline 0 -11"><span class='ocrx_word' id='word_1_349' title='bbox 1184 2413 1277 2442; x_wconf 73' lang='lat' dir='ltr'><strong>Clam</strong></span> <span class='ocrx_word' id='word_1_350' title='bbox 1314 2411 1487 2451; x_wconf 69' lang='lat' dir='ltr'><strong>proesidia.</strong></span> <span class='ocrx_word' id='word_1_351' title='bbox 1553 2410 1619 2441; x_wconf 80' lang='lat' dir='ltr'><strong>Alii</strong></span> <span class='ocrx_word' id='word_1_352' title='bbox 1662 2412 1828 2453; x_wconf 65' lang='lat' dir='ltr'><strong>praesidio.</strong></span> 
     </span>
     <span class='ocr_line' id='line_1_60' title="bbox 1137 2454 1589 2486; baseline -0.002 -2"><span class='ocrx_word' id='word_1_353' title='bbox 1137 2454 1225 2485; x_wconf 89' lang='lat' dir='ltr'><strong>Tum</strong></span> <span class='ocrx_word' id='word_1_354' title='bbox 1241 2455 1300 2485; x_wconf 84' lang='lat' dir='ltr'><strong>alii</strong></span> <span class='ocrx_word' id='word_1_355' title='bbox 1317 2457 1348 2485; x_wconf 78' lang='lat' dir='ltr'><strong>in</strong></span> <span class='ocrx_word' id='word_1_356' title='bbox 1370 2455 1589 2486; x_wconf 59' lang='lat' dir='ltr'><strong>Lusitaniam.</strong></span> 
     </span>
    </p>

    <p class='ocr_par' dir='ltr' id='par_1_16' title="bbox 1137 2497 1828 2624">
     <span class='ocr_line' id='line_1_61' title="bbox 1185 2497 1828 2538; baseline 0 -10"><span class='ocrx_word' id='word_1_357' title='bbox 1185 2499 1324 2529; x_wconf 63' lang='lat' dir='ltr'><strong>,N&#39;omine</strong></span> <span class='ocrx_word' id='word_1_358' title='bbox 1345 2498 1544 2529; x_wconf 73' lang='lat' dir='ltr'><strong>Barbarum.</strong></span> <span class='ocrx_word' id='word_1_359' title='bbox 1572 2497 1652 2538; x_wconf 85' lang='lat' dir='ltr'><strong>Leg.</strong></span> <span class='ocrx_word' id='word_1_360' title='bbox 1668 2499 1828 2530; x_wconf 73' lang='lat' dir='ltr'><strong>hominem</strong></span> 
     </span>
     <span class='ocr_line' id='line_1_62' title="bbox 1139 2540 1828 2581; baseline 0.001 -10"><span class='ocrx_word' id='word_1_361' title='bbox 1139 2541 1334 2571; x_wconf 69' lang='lat' dir='ltr'><strong>barbarum.</strong></span> <span class='ocrx_word' id='word_1_362' title='bbox 1380 2540 1434 2571; x_wconf 84' lang='lat' dir='ltr'><strong>Sic</strong></span> <span class='ocrx_word' id='word_1_363' title='bbox 1460 2540 1643 2581; x_wconf 87' lang='lat' dir='ltr'><strong>Glandorp.</strong></span> <span class='ocrx_word' id='word_1_364' title='bbox 1659 2547 1691 2572; x_wconf 84' lang='lat' dir='ltr'><strong>et</strong></span> <span class='ocrx_word' id='word_1_365' title='bbox 1707 2540 1828 2572; x_wconf 83' lang='lat' dir='ltr'><strong>Manu-</strong></span> 
     </span>
     <span class='ocr_line' id='line_1_63' title="bbox 1137 2583 1724 2624; baseline 0 -10"><span class='ocrx_word' id='word_1_366' title='bbox 1137 2583 1203 2614; x_wconf 74' lang='lat' dir='ltr'><strong>tius</strong></span> <span class='ocrx_word' id='word_1_367' title='bbox 1218 2584 1258 2614; x_wconf 85' lang='lat' dir='ltr'><strong>ad</strong></span> <span class='ocrx_word' id='word_1_368' title='bbox 1278 2584 1310 2614; x_wconf 79' lang='lat' dir='ltr'><strong>h.</strong></span> <span class='ocrx_word' id='word_1_369' title='bbox 1329 2585 1350 2614; x_wconf 93' lang='lat' dir='ltr'><strong>l.</strong></span> <span class='ocrx_word' id='word_1_370' title='bbox 1382 2585 1430 2614; x_wconf 80' lang='lat' dir='ltr'><strong>M.</strong></span> <span class='ocrx_word' id='word_1_371' title='bbox 1455 2584 1570 2614; x_wconf 80' lang='lat' dir='ltr'><strong>Recte.</strong></span> <span class='ocrx_word' id='word_1_372' title='bbox 1585 2583 1724 2624; x_wconf 81' lang='lat' dir='ltr'><strong>recipio.</strong></span> 
     </span>
    </p>

    <p class='ocr_par' dir='ltr' id='par_1_17' title="bbox 1184 2626 1814 2659">
     <span class='ocr_line' id='line_1_64' title="bbox 1184 2626 1814 2659; baseline -0.002 -1"><span class='ocrx_word' id='word_1_373' title='bbox 1184 2628 1323 2659; x_wconf 40' lang='lat' dir='ltr'><strong>Rursus.</strong></span> <span class='ocrx_word' id='word_1_374' title='bbox 1353 2626 1472 2657; x_wconf 85' lang='lat' dir='ltr'><strong>Clarke</strong></span> <span class='ocrx_word' id='word_1_375' title='bbox 1487 2637 1504 2656; x_wconf 77' lang='lat' dir='ltr'><strong>e</strong></span> <span class='ocrx_word' id='word_1_376' title='bbox 1520 2627 1617 2657; x_wconf 91' lang='lat' dir='ltr'><strong>codd.</strong></span> <span class='ocrx_word' id='word_1_377' title='bbox 1643 2628 1814 2658; x_wconf 59' lang='lat' dir='ltr'><strong>Reversus.</strong></span> 
     </span>
    </p>

    <p class='ocr_par' dir='ltr' id='par_1_18' title="bbox 1137 2671 1829 2884">
     <span class='ocr_line' id='line_1_65' title="bbox 1182 2671 1828 2711; baseline -0.002 -9"><span class='ocrx_word' id='word_1_378' title='bbox 1182 2671 1373 2711; x_wconf 75' lang='lat' dir='ltr'><strong>Pompeium</strong></span> <span class='ocrx_word' id='word_1_379' title='bbox 1400 2673 1435 2700; x_wconf 77' lang='lat' dir='ltr'><strong>in</strong></span> <span class='ocrx_word' id='word_1_380' title='bbox 1452 2675 1638 2710; x_wconf 76' lang='lat' dir='ltr'><strong>potestatem</strong></span> <span class='ocrx_word' id='word_1_381' title='bbox 1661 2671 1828 2702; x_wconf 73' lang='lat' dir='ltr'><strong>haberent.</strong></span> 
     </span>
     <span class='ocr_line' id='line_1_66' title="bbox 1137 2713 1826 2744; baseline 0 -1"><span class='ocrx_word' id='word_1_382' title='bbox 1137 2713 1189 2744; x_wconf 77' lang='lat' dir='ltr'><strong>Cf.</strong></span> <span class='ocrx_word' id='word_1_383' title='bbox 1214 2723 1244 2743; x_wconf 91' lang='lat' dir='ltr'><strong>c.</strong></span> <span class='ocrx_word' id='word_1_384' title='bbox 1269 2715 1320 2743; x_wconf 68' lang='lat'><strong>32.</strong></span> <span class='ocrx_word' id='word_1_385' title='bbox 1353 2713 1400 2743; x_wconf 76' lang='lat' dir='ltr'><strong>M.</strong></span> <span class='ocrx_word' id='word_1_386' title='bbox 1448 2713 1594 2744; x_wconf 90' lang='lat' dir='ltr'><strong>lnsolens</strong></span> <span class='ocrx_word' id='word_1_387' title='bbox 1623 2713 1826 2744; x_wconf 81' lang='lat' dir='ltr'><strong>constructio</strong></span> 
     </span>
     <span class='ocr_line' id='line_1_67' title="bbox 1138 2755 1829 2797; baseline -0.001 -10"><span class='ocrx_word' id='word_1_388' title='bbox 1138 2756 1228 2797; x_wconf 75' lang='lat' dir='ltr'><strong>quod</strong></span> <span class='ocrx_word' id='word_1_389' title='bbox 1249 2773 1293 2779; x_wconf 92' lang='lat'><strong>--</strong></span> <span class='ocrx_word' id='word_1_390' title='bbox 1313 2757 1476 2788; x_wconf 69' lang='lat' dir='ltr'><strong>haberent.</strong></span> <span class='ocrx_word' id='word_1_391' title='bbox 1513 2756 1547 2786; x_wconf 90' lang='lat' dir='ltr'><strong>h.</strong></span> <span class='ocrx_word' id='word_1_392' title='bbox 1566 2755 1584 2786; x_wconf 93' lang='lat' dir='ltr'><strong>l.</strong></span> <span class='ocrx_word' id='word_1_393' title='bbox 1616 2761 1741 2786; x_wconf 76' lang='lat' dir='ltr'><strong>tantum</strong></span> <span class='ocrx_word' id='word_1_394' title='bbox 1773 2766 1829 2787; x_wconf 86' lang='lat' dir='ltr'><strong>oc-</strong></span> 
     </span>
     <span class='ocr_line' id='line_1_68' title="bbox 1138 2798 1826 2838; baseline 0.001 -8"><span class='ocrx_word' id='word_1_395' title='bbox 1138 2799 1239 2830; x_wconf 85' lang='lat' dir='ltr'><strong>currit</strong></span> <span class='ocrx_word' id='word_1_396' title='bbox 1257 2799 1288 2830; x_wconf 88' lang='lat' dir='ltr'><strong>&#39;m</strong></span> <span class='ocrx_word' id='word_1_397' title='bbox 1304 2799 1356 2829; x_wconf 76' lang='lat' dir='ltr'><strong>his</strong></span> <span class='ocrx_word' id='word_1_398' title='bbox 1370 2798 1482 2838; x_wconf 81' lang='lat' dir='ltr'><strong>libris3</strong></span> <span class='ocrx_word' id='word_1_399' title='bbox 1504 2809 1579 2830; x_wconf 87' lang='lat' dir='ltr'><strong>nam</strong></span> <span class='ocrx_word' id='word_1_400' title='bbox 1595 2798 1634 2829; x_wconf 88' lang='lat' dir='ltr'><strong>C.</strong></span> <span class='ocrx_word' id='word_1_401' title='bbox 1651 2800 1679 2837; x_wconf 84' lang='lat' dir='ltr'><strong>l,</strong></span> <span class='ocrx_word' id='word_1_402' title='bbox 1692 2801 1744 2830; x_wconf 82' lang='grc'><strong>26.</strong></span> <span class='ocrx_word' id='word_1_403' title='bbox 1758 2799 1826 2831; x_wconf 81' lang='lat' dir='ltr'><strong>alia</strong></span> 
     </span>
     <span class='ocr_line' id='line_1_69' title="bbox 1138 2841 1497 2884; baseline 0 -11"><span class='ocrx_word' id='word_1_404' title='bbox 1138 2841 1379 2884; x_wconf 81' lang='lat' dir='ltr'><strong>significatione</strong></span> <span class='ocrx_word' id='word_1_405' title='bbox 1395 2842 1497 2874; x_wconf 83' lang='lat' dir='ltr'><strong>venit.</strong></span> 
     </span>
    </p>
   </div>
  </div>
 </body>
</html>
