1946 3261
281 172 361 222 136
691 170 777 215 DE
810 165 1012 212 BELLO
1044 164 1339 209 GALLICO.

335 307 379 348 3.
413 303 568 358 Itaque
589 297 780 342 nondum
799 295 938 339 hieme
975 291 1184 341 confecta,
1222 287 1428 349 proximis
1457 294 1649 345 quatuor
1681 304 1749 331 co-

279 364 387 408 actis
408 359 662 418 legionibus,
696 356 750 399 de
780 353 1013 414 improviso
1045 351 1089 392 in
1109 351 1211 392 fines
1249 349 1511 392 Nerviorum
1531 347 1752 389 contendit

280 432 326 466 et
361 419 497 479 priuS,
532 433 665 475 quam
699 415 764 457 illi
799 423 874 456 aut
909 409 1136 455 convenire
1174 417 1252 451 aut
1294 407 1529 465 profugere
1567 413 1754 463 possent,

281 494 440 535 magno
461 476 626 535 pecoris
645 483 776 532 atque
796 472 1013 515 hominum
1035 483 1214 511 numero
1237 474 1368 525 capto
1388 474 1521 522 atque
1542 480 1592 507 ea
1612 463 1757 522 praeda

280 536 494 580 militibus
535 549 728 578 concessa
761 530 1024 587 vastatisque
1063 527 1194 585 agris,
1234 527 1277 568 in
1317 524 1581 567 deditionem
1610 522 1756 564 venire

283 603 421 653 atque
443 594 610 638 obsides
630 593 710 636 sibi
732 591 835 633 dare
853 590 1009 647 coegit.
1054 586 1120 629 Eo
1141 584 1338 628 celeriter
1355 583 1551 626 confecto
1568 581 1758 638 negotio,

284 670 434 697 rursus
468 654 511 696 in
545 652 725 695 hiberna
755 648 941 707 legiones
963 645 1148 689 reduxit.
1213 643 1409 687 Concilio
1444 640 1598 684 Galliae
1618 639 1759 697 primo

283 728 401 762 vere,
437 712 504 754 uti
526 711 789 758 instituerat,
820 707 997 755 indicto,
1027 720 1160 763 quum
1180 703 1355 760 reliqui,
1378 708 1536 758 praeter
1559 700 1760 746 Senones,

286 771 502 813 Carnutes
523 769 827 825 Trevirosque,
847 765 1076 812 venissent,
1100 762 1270 806 initium
1306 760 1410 802 belli
1438 773 1488 799 ac
1515 755 1762 798 defectionis

282 828 364 872 hoc
384 845 469 871 esse
488 828 742 876 arbitratus,
764 834 814 868 ut
836 825 978 868 omnia
998 829 1258 880 postponere
1279 816 1519 864 videretur,
1538 814 1763 857 concilium

283 886 505 929 Lutetiam
528 885 790 927 Parisiorum
811 882 1029 926 transfert.
1094 876 1292 921 Confines
1314 881 1436 916 erant
1457 874 1500 915 hi
1523 873 1763 916 Senonibus

281 945 587 999 civitatemque
623 949 799 1000 patrum
838 939 1044 995 memoria
1085 935 1422 991 conjunxerant-3
1473 931 1545 974 sed
1586 931 1643 972 ab
1681 929 1764 973 hoc

283 1003 461 1046 consilio
498 1001 651 1043 afuisse
687 999 1056 1042 existimabantur.
1122 992 1219 1035 Hac
1248 1007 1294 1034 re
1317 1006 1396 1048 pro
1424 996 1631 1048 suggestu
1663 1003 1764 1046 pro-

282 1061 503 1110 nunciata,
537 1058 690 1102 eodem
711 1058 781 1100 die
801 1070 901 1097 cum
920 1051 1163 1110 legionibus
1192 1051 1234 1092 in
1259 1051 1447 1092 Senones
1476 1046 1766 1107 proficiscitur

282 1120 535 1177 magnisque
556 1117 783 1160 itineribus
803 1129 855 1156 eo
877 1111 1090 1168 pervenit.

343 1179 386 1219 4.
422 1174 613 1232 Cognito
632 1175 724 1230 ejus
749 1169 958 1217 adventu,
995 1168 1132 1216 Acco,
1162 1164 1238 1223 qui
1258 1166 1459 1223 princeps
1491 1164 1583 1223 ejus
1603 1164 1766 1207 consilii

285 1235 448 1284 fuerat,
467 1233 595 1290 jubet
615 1232 659 1273 in
676 1227 841 1286 oppida
862 1224 1191 1267 multitudinem
1209 1224 1460 1271 convenire;
1493 1224 1764 1273 conantibus,

285 1293 410 1352 prius
449 1307 581 1350 quam
619 1288 664 1330 id
715 1286 825 1328 effici
867 1292 1027 1340 posset,
1065 1283 1210 1323 adesse
1254 1281 1470 1323 Romanos
1511 1281 1765 1330 nunciatur;

285 1350 522 1394 necessario
555 1344 767 1388 sententia
800 1342 1013 1383 desistunt
1050 1339 1305 1397 legatosque
1338 1338 1600 1397 deprecandi
1622 1355 1768 1382 caussa

283 1410 342 1452 ad
375 1409 587 1451 Caesarem
620 1404 829 1448 mittunt;
860 1398 1025 1441 adeunt
1048 1413 1128 1455 per
1153 1397 1332 1446 AEduos,
1371 1413 1561 1454 quorum
1581 1398 1670 1440 anti
1706 1398 1767 1440 ui-

285 1476 355 1511 tus
376 1464 535 1508 eratin
564 1461 651 1503 fide
686 1459 849 1501 civitas.
913 1456 1122 1498 Libenter
1160 1456 1303 1498 Caesar
1336 1456 1587 1514 petentibus
1615 1414 1771 1500 AEduis

284 1524 363 1568 dat
385 1522 554 1566 veniam
579 1518 987 1573 excusationemque
1007 1514 1194 1572 accipit;
1226 1514 1348 1572 quod
1381 1515 1577 1559 aestivum
1598 1522 1771 1574 tempus

283 1581 481 1626 instantis
504 1578 626 1627 belli,
645 1592 730 1619 non
751 1574 1014 1632 quaestionis,
1038 1589 1125 1615 esse
1147 1573 1462 1616 arbitrabatur.
1527 1573 1769 1617 Obsidibus

286 1639 510 1698 imperatis
542 1644 732 1684 centum,
771 1633 847 1676 hos
878 1632 1033 1674 AEduis
1061 1631 1365 1674 custodiendos
1388 1630 1539 1675 tradit.
1601 1632 1770 1675 Eodem

290 1700 508 1742 Carnutes
555 1694 721 1753 legatos
762 1691 1019 1748 obsidesque
1063 1690 1260 1739 mittunt,
1303 1690 1368 1732 usi
1414 1690 1772 1749 deprecatoribus

290 1757 454 1805 Remis,
488 1768 679 1812 quorum
705 1759 830 1794 erant
862 1751 905 1793 in
933 1749 1149 1792 clientela:
1183 1748 1333 1792 eadem
1371 1749 1520 1792 ferunt
1553 1764 1771 1807 responsa.

293 1815 473 1871 Peragit
494 1811 724 1856 concilium
748 1811 890 1852 Caesar
910 1809 1165 1866 equitesque
1183 1808 1369 1866 imperat
1389 1808 1655 1851 civitatibus.

339 1875 382 1917 5.
407 1870 503 1916 Hac
518 1879 644 1930 parte
656 1869 810 1912 Galliae
823 1874 991 1926 pacata,
1002 1875 1120 1910 totus
1130 1875 1173 1908 et
1190 1876 1332 1908 mente
1341 1874 1385 1908 et.
1397 1867 1538 1910 animo
1553 1867 1595 1908 in
1608 1866 1775 1910 bellum

292 1932 579 1976 Trevirorum
601 1937 647 1972 et
668 1927 935 1984 Ambiorigis
956 1926 1123 1968 insistit.
1170 1926 1432 1968 Cavarinum
1454 1941 1554 1968 cum
1574 1926 1776 1983 equitatu

291 1993 514 2034 Senonum
522 2003 667 2030 secum
681 1985 895 2044 proficisci
908 1985 1051 2043 jubet,
1062 2000 1115 2026 ne
1128 1985 1225 2041 quis
1241 1993 1318 2026 aut
1331 2001 1383 2027 ex
1397 1984 1522 2042 hujus
1533 1984 1772 2035 iracundia,

292 2057 372 2092 aut
384 2064 437 2090 ex
449 2064 517 2096 eo,
531 2045 651 2102 quod
665 2051 900 2092 meruerat,
914 2043 1013 2085 odio
1029 2043 1229 2092 civitati&
1240 2051 1382 2085 motus
1399 2044 1588 2086 exsistat.
1617 2043 1697 2085 His
1709 2059 1776 2086 re-

293 2109 377 2150 bus
390 2104 650 2152 constitutis,
665 2103 784 2161 quod
797 2118 880 2161 pro
890 2101 1118 2160 explorato
1136 2102 1340 2151 habebat,
1354 2102 1653 2160 Ambiorigem
1662 2118 1776 2161 proe-

291 2166 352 2208 lio
366 2180 451 2207 non
464 2179 549 2206 esse
563 2170 933 2210 concertaturum,
949 2160 1118 2218 reliqua
1134 2161 1225 2218 ejus
1242 2161 1417 2204 consilia
1433 2160 1574 2203 animo
1595 2162 1776 2203 circum-

294 2222 518 2282 spiciebat.
597 2221 736 2263 Erant
775 2219 971 2278 Menapii
1019 2220 1258 2278 propinqui
1299 2220 1557 2263 Eburonum
1604 2219 1779 2270 finibus,

297 2280 526 2342 perpetuis
558 2278 794 2338 paludibus
820 2279 1021 2336 silvisque
1051 2279 1223 2328 muniti,
1259 2279 1333 2336 qui
1368 2279 1443 2321 uni
1473 2294 1528 2320 ex
1557 2277 1703 2320 Gallia
1722 2277 1779 2320 de

330 2356 406 2384 ace
426 2339 482 2382 ad
506 2339 719 2382 Caesarem
739 2337 905 2394 legatos
927 2353 1162 2394 numquam
1184 2337 1400 2380 miserant.
1466 2336 1580 2379 Cum
1610 2336 1659 2379 iis
1692 2352 1780 2379 esse

294 2357 533 2458 {ospitium
556 2396 801 2454 Ambiorigi
820 2397 1002 2439 sciebat:
1036 2397 1140 2440 item
1195 2412 1242 2439 er
1260 2396 1464 2438 Treviros
1483 2395 1645 2437 venisse
1669 2395 1779 2437 Ger-

297 2457 432 2502 manis
463 2456 507 2500 in
538 2455 784 2505 amicitiam,
807 2464 1085 2514 cognoverat.
1149 2413 1257 2498 fiaec
1286 2454 1407 2514 prius
1428 2453 1492 2497 illi
1512 2452 1782 2497 detrahenda

354 2572 409 2603 Uti
429 2571 630 2608 instituerat,
653 2573 691 2600 ut
712 2565 894 2609 quotannis
919 2567 1008 2599 sole·
1129 2567 1209 2599 0:150
1235 2568 1387 2599 civitatis.
1441 2564 1533 2604 Quia
1561 2566 1675 2598 Caesar
1703 2575 1782 2596 eum

303 2611 374 2644 bat.
413 2613 513 2645 Conf.
529 2624 604 2655 cap.
624 2616 677 2645 44.
702 2613 774 2644 M..
1081 2622 1195 2652 regem
1211 2611 1440 2649 constituerat,
1451 2609 1783 2642 incurritCavarinus

321 2699 328 2705 ·
351 2657 532 2689 Lutetiam.
566 2656 626 2689 alii
657 2659 695 2688 in
726 2656 915 2694 Lutetiam,
945 2665 1011 2687 non
1081 2656 1199 2687 odium
1217 2665 1368 2687 suorum.
1392 2656 1443 2687 M.

303 2710 375 2732 Slne
392 2701 562 2741 exemplo.
1129 2701 1241 2731 Motus
1253 2701 1398 2731 exsistat.
1435 2699 1557 2731 Clarke
1573 2708 1593 2729 e
1619 2697 1698 2729 cod.
1715 2698 1785 2730 ori-

361 2746 627 2779 Quorum—erat
649 2748 687 2776 in
701 2744 771 2786 fide
785 2747 912 2776 civita&
958 2741 1016 2774 Se-
1082 2749 1186 2776 retur.
1201 2744 1290 2784 quod
1306 2749 1358 2775 est
1373 2754 1392 2775 e
1406 2743 1528 2784 glossa.

313 2796 418 2818 nones
434 2793 526 2820 erant
551 2788 694 2820 clientes
719 2794 752 2819 et
776 2788 862 2819 socii
888 2787 1017 2819 AEduo-
1132 2789 1417 2819 Cotum-laturum.
1469 2785 1616 2824 Scaliger
1642 2789 1786 2816 certatu-

314 2840 400 2862 rum.
417 2833 468 2862 M.
1085 2842 1176 2862 rum.
1219 2831 1284 2862 Sed
1300 2838 1471 2873 receptum
1486 2830 1530 2862 ab
1555 2829 1643 2861 Oud.
1659 2828 1786 2861 habent

366 2875 585 2908 Cat-armum.
623 2876 677 2907 Cf.
694 2878 725 2913 5,
741 2878 794 2907 54.
820 2877 869 2909 Μ.
1083 2880 1116 2907 et
1133 2875 1232 2908 codd.
1249 2875 1350 2917 probi
1366 2881 1399 2909 et
1414 2875 1490 2908 edd.
1505 2878 1570 2906 vet.

358 2919 539 2952 Mer-uerat.
562 2921 607 2953 al.
630 2924 805 2952 metuerat.
