1946 3261
170 209 258 254 428
409 211 468 255 A.
503 207 707 253 HIRTII
741 207 827 252 DE
860 207 1066 254 BELLO
1099 207 1424 254 ALEXAND.

167 343 201 363 ‘⁶
222 336 286 388 iis,
304 335 381 394 qui
396 335 580 395 primam
594 335 855 396 dignitatem
876 334 1105 386 haberent,
1126 335 1202 379 sed
1225 351 1278 379 ne
1299 335 1348 378 iis
1369 333 1564 394 quidem,
1581 334 1657 393 qui

165 403 197 423 ‘⁴
221 396 342 445 nihil,
388 404 683 454 praeterquam
713 396 770 440 de
812 395 921 445 vita,
961 395 1233 453 cogitarent:
1283 410 1440 452 magno
1477 393 1657 452 negotio

163 461 194 480 ‘⁶
217 454 392 512 inpetus
413 454 603 498 hostium
623 454 826 498 adversos
847 470 900 496 ex
919 453 1234 497 munitionibus
1255 453 1473 503 sustineri,
1494 452 1658 510 quibus

162 520 193 539 “
216 512 396 564 relictis,
434 529 512 557 nec
535 514 629 558 loco
665 530 743 558 nec
771 528 950 557 numero
980 528 1105 571 pares
1134 529 1223 556 esse
1257 527 1409 570 posse:
1450 526 1656 570 magnam

161 578 191 597 “
213 579 361 614 autem
382 588 550 616 moram
569 581 614 616 et
641 573 948 616 difficultatem
975 572 1228 615 adscensum
1250 572 1291 614 in
1311 586 1441 615 naves
1475 569 1654 623 habere,

159 636 189 656 “
214 632 455 688 praesertim
476 647 530 675 ex
549 632 742 691 scaphis:
775 647 983 674 summam
1003 646 1091 674 esse
1109 640 1261 675 contra
1281 631 1325 673 in
1348 629 1655 674 Alexandrinis

159 696 190 715 ‘⁶
213 690 508 741 velocitatem,
547 690 831 749 locorumque
874 698 920 733 et
959 689 1241 734 aedificiorum
1280 690 1504 735 notitiam:
1558 687 1653 738 hos,

157 755 189 775 “
212 750 431 810 praecipue
457 751 501 793 in
522 749 706 793 victoria
735 749 981 799 insolentes,
1004 765 1301 808 praecursuros
1327 757 1372 792 et
1394 749 1491 793 loca
1512 746 1652 791 excel-

157 815 188 834 “
211 807 324 852 siora
344 816 478 866 atque
500 809 679 852 aedificia
701 817 1016 867 occupaturos;
1047 809 1110 851 ita
1132 809 1240 866 fuga
1267 808 1537 864 navibusque
1557 821 1652 850 nos-

154 873 187 893 “
211 874 303 910 tros
339 867 658 925 prohibituros:
713 868 894 927 proinde
938 867 1028 925 ejus
1077 867 1242 910 consilii
1287 867 1653 911 obliviscerentur

154 933 186 952 ‘⁶
206 934 340 984 atque
363 927 477 969 omni
500 926 667 970 ratione
687 944 774 969 esse
795 927 1055 969 vincendum
1076 927 1369 983 cogitarent.”

215 984 256 1027 9.
292 985 390 1028 Hac
417 985 614 1029 oratione
647 985 768 1044 apud
795 1002 895 1028 suos
926 985 1078 1028 habita
1109 994 1242 1044 atque
1275 985 1467 1029 omnium
1497 981 1653 1028 menti-

151 1045 233 1088 bus
255 1044 469 1094 excitatis,
491 1045 566 1087 dat
591 1044 930 1087 Centurionibus
949 1045 1189 1103 negotium,
1213 1053 1278 1094 ut,
1300 1042 1480 1101 reliquis
1507 1042 1651 1102 operi-

150 1103 234 1146 bus
253 1103 518 1153 intermissis,
549 1103 603 1145 ad
627 1103 850 1146 fodiendos
872 1111 1027 1161 puteos
1047 1103 1238 1146 animum
1268 1103 1512 1152 conferant,
1540 1117 1649 1145 neve

151 1177 283 1220 quam
307 1171 478 1220 partem
500 1162 701 1204 nocturni
723 1162 930 1220 temporis
950 1162 1258 1205 intermittant.
1323 1162 1424 1212 Quo
1444 1168 1649 1219 suscepto

151 1221 346 1280 negotio,
381 1229 516 1278 atque
547 1221 739 1263 omnium
769 1221 918 1264 animis
949 1221 1004 1264 ad
1026 1221 1218 1264 laborem
1249 1219 1454 1269 incitatis,
1488 1234 1650 1276 magna

151 1295 238 1322 una
258 1287 383 1322 nocte
406 1280 469 1322 vis
490 1295 614 1338 aquae
634 1280 774 1323 dulcis
808 1282 982 1323 inventa
1014 1289 1093 1322 est.
1158 1279 1229 1321 Ita
1249 1277 1440 1336 operosis
1462 1277 1650 1320 Alexan-

149 1338 376 1382 drinorum
413 1338 801 1381 machinationibus
834 1337 1116 1395 maximisque
1150 1337 1378 1380 conatibus
1406 1351 1490 1379 non
1528 1335 1648 1396 longi

150 1397 361 1455 temporis
392 1397 545 1439 labore
567 1412 794 1439 occursum
817 1405 896 1440 est.
959 1397 1025 1439 Eo
1047 1396 1181 1439 biduo
1209 1397 1324 1454 legio
1352 1394 1572 1439 XXXVII
1595 1411 1651 1439 ex

150 1456 362 1499 dedititiis
394 1456 669 1513 Pompeianis
702 1455 930 1505 militibus,
953 1472 1053 1498 cum
1087 1456 1324 1505 frumento,
1360 1457 1506 1504 armis,
1530 1453 1646 1505 telis,

151 1514 396 1567 tormentis,
434 1515 620 1572 inposita
649 1515 692 1558 in
727 1530 856 1557 naves
889 1532 915 1557 a
954 1515 1151 1558 Domitio
1188 1514 1389 1564 Calvino,
1425 1512 1481 1556 ad
1515 1513 1648 1556 litora

152 1574 332 1624 Africae,
368 1573 519 1632 paullo
551 1590 685 1632 supra
721 1574 1047 1624 Alexandriam,
1081 1573 1228 1617 delata
1260 1583 1340 1617 est.
1407 1572 1490 1615 Hae
1519 1587 1648 1617 naves

149 1632 288 1685 Euro,
323 1632 401 1690 qui
435 1631 596 1674 multos
630 1633 720 1675 dies
757 1634 1028 1676 continenter
1067 1632 1220 1681 flabat,
1263 1640 1442 1691 portum
1483 1646 1646 1690 capere

148 1691 522 1751 prohibebantur:
556 1691 628 1734 sed
663 1691 757 1733 loca
784 1700 885 1734 sunt
917 1691 1093 1750 egregia
1127 1691 1241 1735 omni
1279 1692 1355 1735 illa
1384 1690 1561 1749 regione
1583 1689 1642 1733 ad

143 1751 350 1793 tenendas
386 1764 576 1793 ancoras.
644 1750 704 1793 Hi
742 1767 876 1807 quum
917 1750 992 1793 diu
1026 1751 1320 1794 retinerentur
1348 1758 1482 1806 atque
1514 1765 1642 1806 aquae

140 1808 291 1869 inopia
323 1817 645 1868 premerentur,
676 1810 849 1868 navigio
879 1810 1076 1852 actuario
1110 1811 1325 1854 Caesarem
1346 1809 1515 1852 faciunt
1546 1823 1638 1851 cer-

149 1868 319 1913 tiorem.

212 1927 279 1970 10.
316 1928 476 1980 Caesar,
510 1935 562 1970 ut
591 1942 670 1987 per
703 1945 746 1971 se
779 1927 1001 1970 consilium
1038 1933 1231 1985 caperet,
1266 1927 1374 1986 quid
1397 1925 1642 1970 faciendum

147 1985 389 2037 videretur,
427 1987 570 2030 navim
606 1986 855 2030 conscendit
887 1995 1022 2044 atque
1050 1999 1219 2028 omnem
1248 1987 1422 2030 classem
1455 2002 1498 2028 se
1517 1985 1640 2043 sequi

141 2045 285 2104 jussit,
308 2045 437 2088 nullis
470 2046 627 2089 nostris
648 2046 859 2088 militibus
894 2046 1113 2104 inpositis;
1148 2045 1284 2101 quod,
1309 2061 1445 2104 qu-um
1469 2045 1642 2102 longius

146 2105 297 2163 paullo
341 2105 598 2155 discederet,
643 2105 901 2148 munitiones
941 2105 1104 2148 nudare
1137 2105 1329 2148 nolebat.
1405 2105 1641 2160 Quumque

145 2163 202 2206 ad
225 2179 325 2206 eum
347 2163 488 2206 locum
510 2164 767 2213 accessisset,
790 2166 863 2222 qui
884 2164 1134 2222 adpellatnr
1150 2164 1458 2212 Chersonesus,
1478 2177 1641 2221 aquan-

144 2221 277 2280 dique
308 2238 456 2264 caussa
490 2224 671 2281 remiges
700 2223 741 2266 in
776 2232 936 2266 terram
965 2223 1249 2283 exposuisset,
1284 2222 1479 2266 nonnulli
1511 2237 1565 2264 ex
1585 2237 1637 2264 eo

143 2296 342 2334 numero,
365 2297 499 2340 quum
520 2282 691 2339 longius
711 2298 737 2324 a
758 2283 941 2326 navibus
967 2283 1205 2341 praedatum
1231 2281 1549 2341 processissent,
1577 2280 1637 2324 ab

142 2340 366 2398 equitibus
386 2340 573 2384 hostium
595 2350 695 2385 sunt
718 2343 912 2401 excepti:
937 2359 991 2385 ex
1009 2343 1058 2385 iis
1078 2348 1395 2401 cognoverunt,
1419 2340 1633 2383 Caesarem

187 2472 253 2505 Qmss
266 2473 416 2512 primam
442 2471 561 2512 diffinit.
591 2471 761 2510 haim-mie,
787 2473 847 2513 qni
967 2474 1135 2506 Dedieitiis
1152 2473 1273 2514 Pomp.
1290 2471 1392 2504 Conf.
1409 2470 1448 2504 B.
1466 2470 1508 2503 C.
1525 2471 1556 2509 8,
1571 2472 1626 2502 99.

139 2513 353 2556 dignitatem,
380 2515 413 2546 id
433 2516 525 2556 quod
548 2514 688 2555 dignum
705 2521 755 2546 est
772 2517 846 2547 viro
920 2520 1098 2550 Cellam'us.

139 2565 174 2590 et
206 2559 389 2594 laudabile,
423 2559 534 2600 primo
564 2560 640 2591 loco
671 2569 846 2600 ponerent.
965 2564 1130 2594 Itium-es.
1164 2560 1319 2593 Jurinius
1332 2558 1441 2592 credit
1456 2558 1627 2592 excidisse

139 2603 299 2635 omnibus
334 2603 412 2635 aliis
448 2603 549 2635 rebus
587 2609 844 2644 anteponerent.
913 2609 1099 2639 onerarias.

137 2646 274 2679 Monuit
290 2647 394 2679 etiam
410 2647 579 2686 Clarkius,
596 2648 685 2680 hunc
707 2659 841 2680 sensum
965 2653 1004 2683 Ut
1017 2662 1079 2692 per
1095 2661 1128 2683 se
1143 2650 1235 2693 (ipse
1252 2647 1415 2693 praesens)
1438 2657 1526 2680 cons.
1545 2658 1622 2689 cap.

138 2702 225 2722 esse.
251 2692 301 2722 M.
913 2696 963 2726 M.

183 2736 355 2767 Adverso-e.
382 2735 406 2768 i.
421 2747 451 2767 e.
481 2735 515 2768 in
540 2737 704 2769 adversos
728 2742 762 2769 et
789 2747 840 2769 re·
959 2740 1099 2772 Nudare
1112 2740 1253 2772 nolebat.
1270 2740 1330 2772 alii
1347 2736 1488 2772 nudari-

137 2785 340 2821 pugnantes.
955 2785 1006 2814 En
1037 2795 1188 2817 numam.
1228 2785 1343 2817 Davis.
1372 2781 1507 2814 addidit
1535 2790 1572 2813 (⁰
1608 2790 1628 2811 θ

184 2824 393 2856 Intemissis.
413 2825 498 2857 Edd.
516 2829 736 2865 vet.o⁴me'ssis‚
749 2827 841 2868 quod
906 2828 1005 2859 codd.
1022 2835 1052 2859 et
1070 2830 1145 2860 edd.
1163 2834 1229 2860 vet.

131 2866 260 2900 sactum
275 2867 466 2912 obsequens
481 2873 714 2904 intermittant.
955 2874 1202 2907 Processissent.
1243 2874 1329 2908 Edd.
1359 2881 1427 2909 vet.
1445 2878 1620 2910 conoem's-

905 2922 986 2948 sent.
