<?xml version="1.0" encoding="UTF-8"?>
<!DOCTYPE html PUBLIC "-//W3C//DTD XHTML 1.0 Transitional//EN"
    "http://www.w3.org/TR/xhtml1/DTD/xhtml1-transitional.dtd">
<html xmlns="http://www.w3.org/1999/xhtml" xml:lang="en" lang="en">
 <head>
  <title>
</title>
<meta http-equiv="Content-Type" content="text/html;charset=utf-8" />
  <meta name='ocr-system' content='tesseract 3.04.00' />
  <meta name='ocr-capabilities' content='ocr_page ocr_carea ocr_par ocr_line ocrx_word'/>
</head>
<body>
  <div class='ocr_page' id='page_1' title='image "./commentariidebel00caesuoft_0397.png"; bbox 0 0 1946 3261; ppageno 0'>
   <div class='ocr_carea' id='block_1_1' title="bbox 669 169 1323 225">
    <p class='ocr_par' dir='ltr' id='par_1_1' title="bbox 669 169 1323 225">
     <span class='ocr_line' id='line_1_1' title="bbox 669 169 1323 225; baseline 0 -11"><span class='ocrx_word' id='word_1_1' title='bbox 669 169 787 215; x_wconf 71' lang='lat' dir='ltr'>LIB.</span> <span class='ocrx_word' id='word_1_2' title='bbox 822 169 908 215; x_wconf 89' lang='lat' dir='ltr'>III.</span> <span class='ocrx_word' id='word_1_3' title='bbox 968 169 1112 219; x_wconf 76' lang='lat' dir='ltr'>CAP.</span> <span class='ocrx_word' id='word_1_4' title='bbox 1150 170 1216 225; x_wconf 83' lang='lat'>19,</span> <span class='ocrx_word' id='word_1_5' title='bbox 1249 169 1323 215; x_wconf 78' lang='lat'>20.</span> 
     </span>
    </p>
   </div>
   <div class='ocr_carea' id='block_1_2' title="bbox 1658 167 1750 214">
    <p class='ocr_par' dir='ltr' id='par_1_2' title="bbox 1658 167 1750 214">
     <span class='ocr_line' id='line_1_2' title="bbox 1658 167 1750 214; baseline 0 0"><span class='ocrx_word' id='word_1_6' title='bbox 1658 167 1750 214; x_wconf 80' lang='lat'>357</span> 
     </span>
    </p>
   </div>
   <div class='ocr_carea' id='block_1_3' title="bbox 256 297 1752 596">
    <p class='ocr_par' dir='ltr' id='par_1_3' title="bbox 256 297 1752 596">
     <span class='ocr_line' id='line_1_3' title="bbox 261 297 1749 357; baseline 0.001 -16"><span class='ocrx_word' id='word_1_7' title='bbox 261 304 290 324; x_wconf 86' lang='lat'><strong>“</strong></span> <span class='ocrx_word' id='word_1_8' title='bbox 314 297 525 356; x_wconf 74' lang='lat' dir='ltr'>profiter1‚</span> <span class='ocrx_word' id='word_1_9' title='bbox 560 314 602 342; x_wconf 83' lang='lat' dir='ltr'>se</span> <span class='ocrx_word' id='word_1_10' title='bbox 635 299 773 343; x_wconf 86' lang='lat' dir='ltr'>altera</span> <span class='ocrx_word' id='word_1_11' title='bbox 793 300 865 344; x_wconf 88' lang='lat' dir='ltr'>die</span> <span class='ocrx_word' id='word_1_12' title='bbox 898 300 953 343; x_wconf 86' lang='lat' dir='ltr'>ad</span> <span class='ocrx_word' id='word_1_13' title='bbox 985 299 1264 357; x_wconf 82' lang='lat' dir='ltr'>conloquium</span> <span class='ocrx_word' id='word_1_14' title='bbox 1298 299 1582 350; x_wconf 83' lang='lat' dir='ltr'>venturum‚”</span> <span class='ocrx_word' id='word_1_15' title='bbox 1611 304 1749 357; x_wconf 87' lang='lat' dir='ltr'>atque</span> 
     </span>
     <span class='ocr_line' id='line_1_4' title="bbox 260 358 1750 418; baseline 0.002 -19"><span class='ocrx_word' id='word_1_16' title='bbox 260 373 348 400; x_wconf 87' lang='lat' dir='ltr'>una</span> <span class='ocrx_word' id='word_1_17' title='bbox 368 358 498 401; x_wconf 88' lang='lat' dir='ltr'>etiam</span> <span class='ocrx_word' id='word_1_18' title='bbox 519 359 593 402; x_wconf 88' lang='lat' dir='ltr'>ubi</span> <span class='ocrx_word' id='word_1_19' title='bbox 612 359 834 418; x_wconf 84' lang='lat' dir='ltr'>utrimque</span> <span class='ocrx_word' id='word_1_20' title='bbox 855 359 1090 402; x_wconf 85' lang='lat' dir='ltr'>admodum</span> <span class='ocrx_word' id='word_1_21' title='bbox 1112 367 1211 401; x_wconf 89' lang='lat' dir='ltr'>tuto</span> <span class='ocrx_word' id='word_1_22' title='bbox 1233 359 1368 417; x_wconf 83' lang='lat' dir='ltr'>legati</span> <span class='ocrx_word' id='word_1_23' title='bbox 1390 358 1537 401; x_wconf 89' lang='lat' dir='ltr'>venire</span> <span class='ocrx_word' id='word_1_24' title='bbox 1565 365 1627 408; x_wconf 87' lang='lat' dir='ltr'>et,</span> <span class='ocrx_word' id='word_1_25' title='bbox 1648 374 1750 416; x_wconf 82' lang='lat' dir='ltr'>quae</span> 
     </span>
     <span class='ocr_line' id='line_1_5' title="bbox 256 416 1751 478; baseline 0 -19"><span class='ocrx_word' id='word_1_26' title='bbox 256 416 437 468; x_wconf 90' lang='lat' dir='ltr'>vellent,</span> <span class='ocrx_word' id='word_1_27' title='bbox 473 433 692 476; x_wconf 82' lang='lat' dir='ltr'>exponere</span> <span class='ocrx_word' id='word_1_28' title='bbox 714 427 906 478; x_wconf 85' lang='lat' dir='ltr'>possent,</span> <span class='ocrx_word' id='word_1_29' title='bbox 928 426 1179 475; x_wconf 82' lang='lat' dir='ltr'>certumque</span> <span class='ocrx_word' id='word_1_30' title='bbox 1211 417 1251 460; x_wconf 91' lang='lat' dir='ltr'>ei</span> <span class='ocrx_word' id='word_1_31' title='bbox 1288 418 1351 460; x_wconf 89' lang='lat' dir='ltr'>rei</span> <span class='ocrx_word' id='word_1_32' title='bbox 1384 426 1557 476; x_wconf 90' lang='lat' dir='ltr'>tempus</span> <span class='ocrx_word' id='word_1_33' title='bbox 1591 417 1751 461; x_wconf 88' lang='lat' dir='ltr'>consti-</span> 
     </span>
     <span class='ocr_line' id='line_1_6' title="bbox 257 475 1751 537; baseline 0.001 -19"><span class='ocrx_word' id='word_1_34' title='bbox 257 475 415 518; x_wconf 79' lang='lat' dir='ltr'>tuitur.</span> <span class='ocrx_word' id='word_1_35' title='bbox 449 477 548 532; x_wconf 80' lang='lat' dir='ltr'>Quo</span> <span class='ocrx_word' id='word_1_36' title='bbox 570 493 705 534; x_wconf 89' lang='lat' dir='ltr'>quum</span> <span class='ocrx_word' id='word_1_37' title='bbox 727 487 836 521; x_wconf 89' lang='lat' dir='ltr'>esset</span> <span class='ocrx_word' id='word_1_38' title='bbox 854 486 1031 537; x_wconf 87' lang='lat' dir='ltr'>postero</span> <span class='ocrx_word' id='word_1_39' title='bbox 1050 475 1119 519; x_wconf 82' lang='lat' dir='ltr'>die</span> <span class='ocrx_word' id='word_1_40' title='bbox 1139 484 1336 526; x_wconf 83' lang='lat' dir='ltr'>ventum,</span> <span class='ocrx_word' id='word_1_41' title='bbox 1353 492 1508 534; x_wconf 81' lang='lat' dir='ltr'>magna</span> <span class='ocrx_word' id='word_1_42' title='bbox 1528 476 1751 534; x_wconf 85' lang='lat' dir='ltr'>utrimque</span> 
     </span>
     <span class='ocr_line' id='line_1_7' title="bbox 258 534 1752 596; baseline 0.001 -19"><span class='ocrx_word' id='word_1_43' title='bbox 258 534 495 578; x_wconf 90' lang='lat' dir='ltr'>multitudo</span> <span class='ocrx_word' id='word_1_44' title='bbox 515 536 732 586; x_wconf 87' lang='lat' dir='ltr'>convenit,</span> <span class='ocrx_word' id='word_1_45' title='bbox 750 553 993 596; x_wconf 84' lang='lat' dir='ltr'>magnaque</span> <span class='ocrx_word' id='word_1_46' title='bbox 1013 542 1110 578; x_wconf 84' lang='lat' dir='ltr'>erat</span> <span class='ocrx_word' id='word_1_47' title='bbox 1130 535 1222 593; x_wconf 85' lang='lat' dir='ltr'>ejus</span> <span class='ocrx_word' id='word_1_48' title='bbox 1242 535 1304 577; x_wconf 90' lang='lat' dir='ltr'>rei</span> <span class='ocrx_word' id='word_1_49' title='bbox 1327 535 1595 593; x_wconf 81' lang='lat' dir='ltr'>exspectatio</span> <span class='ocrx_word' id='word_1_50' title='bbox 1615 544 1752 594; x_wconf 86' lang='lat' dir='ltr'>atque</span> 
     </span>
    </p>
   </div>
   <div class='ocr_carea' id='block_1_4' title="bbox 258 592 1510 653">
    <p class='ocr_par' dir='ltr' id='par_1_4' title="bbox 258 592 1510 653">
     <span class='ocr_line' id='line_1_8' title="bbox 258 592 1510 653; baseline 0 -18"><span class='ocrx_word' id='word_1_51' title='bbox 258 594 449 636; x_wconf 90' lang='lat' dir='ltr'>omnium</span> <span class='ocrx_word' id='word_1_52' title='bbox 484 593 637 636; x_wconf 88' lang='lat' dir='ltr'>intenti</span> <span class='ocrx_word' id='word_1_53' title='bbox 669 596 801 638; x_wconf 88' lang='lat' dir='ltr'>animi</span> <span class='ocrx_word' id='word_1_54' title='bbox 840 596 895 638; x_wconf 85' lang='lat' dir='ltr'>ad</span> <span class='ocrx_word' id='word_1_55' title='bbox 934 610 1086 653; x_wconf 87' lang='lat' dir='ltr'>pacem</span> <span class='ocrx_word' id='word_1_56' title='bbox 1121 610 1208 636; x_wconf 88' lang='lat' dir='ltr'>esse</span> <span class='ocrx_word' id='word_1_57' title='bbox 1230 592 1510 636; x_wconf 88' lang='lat' dir='ltr'>videbantur.</span> 
     </span>
    </p>
   </div>
   <div class='ocr_carea' id='block_1_5' title="bbox 1575 595 1752 644">
    <p class='ocr_par' dir='ltr' id='par_1_5' title="bbox 1575 595 1752 644">
     <span class='ocr_line' id='line_1_9' title="bbox 1575 595 1752 644; baseline -0.006 -6"><span class='ocrx_word' id='word_1_58' title='bbox 1575 595 1676 644; x_wconf 81' lang='lat' dir='ltr'>Qua</span> <span class='ocrx_word' id='word_1_59' title='bbox 1697 610 1752 637; x_wconf 83' lang='lat' dir='ltr'>ex</span> 
     </span>
    </p>
   </div>
   <div class='ocr_carea' id='block_1_6' title="bbox 257 651 1752 713">
    <p class='ocr_par' dir='ltr' id='par_1_6' title="bbox 257 651 1752 713">
     <span class='ocr_line' id='line_1_10' title="bbox 257 651 1752 713; baseline 0.001 -18"><span class='ocrx_word' id='word_1_60' title='bbox 257 651 506 709; x_wconf 85' lang='lat' dir='ltr'>frequentia</span> <span class='ocrx_word' id='word_1_61' title='bbox 538 653 590 695; x_wconf 92' lang='grc' dir='ltr'>Τ.</span> <span class='ocrx_word' id='word_1_62' title='bbox 617 652 832 698; x_wconf 83' lang='lat' dir='ltr'>Labienus</span> <span class='ocrx_word' id='word_1_63' title='bbox 870 654 1037 713; x_wconf 83' lang='lat' dir='ltr'>prodit,</span> <span class='ocrx_word' id='word_1_64' title='bbox 1069 653 1277 696; x_wconf 83' lang='lat' dir='ltr'>submissa</span> <span class='ocrx_word' id='word_1_65' title='bbox 1313 651 1510 695; x_wconf 86' lang='lat' dir='ltr'>oratione</span> <span class='ocrx_word' id='word_1_66' title='bbox 1541 652 1661 710; x_wconf 88' lang='lat' dir='ltr'>loqui</span> <span class='ocrx_word' id='word_1_67' title='bbox 1695 653 1752 696; x_wconf 89' lang='lat' dir='ltr'>de</span> 
     </span>
    </p>
   </div>
   <div class='ocr_carea' id='block_1_7' title="bbox 258 711 1280 770">
    <p class='ocr_par' dir='ltr' id='par_1_7' title="bbox 258 711 1280 770">
     <span class='ocr_line' id='line_1_11' title="bbox 258 711 1280 770; baseline 0 -18"><span class='ocrx_word' id='word_1_68' title='bbox 258 727 365 769; x_wconf 87' lang='lat' dir='ltr'>pace</span> <span class='ocrx_word' id='word_1_69' title='bbox 386 720 520 768; x_wconf 90' lang='lat' dir='ltr'>atque</span> <span class='ocrx_word' id='word_1_70' title='bbox 541 712 743 755; x_wconf 86' lang='lat' dir='ltr'>altercari</span> <span class='ocrx_word' id='word_1_71' title='bbox 779 730 880 757; x_wconf 93' lang='lat' dir='ltr'>cum</span> <span class='ocrx_word' id='word_1_72' title='bbox 914 713 1090 756; x_wconf 91' lang='lat' dir='ltr'>Vatinio</span> <span class='ocrx_word' id='word_1_73' title='bbox 1112 711 1280 770; x_wconf 88' lang='lat' dir='ltr'>incipit.</span> 
     </span>
    </p>
   </div>
   <div class='ocr_carea' id='block_1_8' title="bbox 1347 711 1754 760">
    <p class='ocr_par' dir='ltr' id='par_1_8' title="bbox 1347 711 1754 760">
     <span class='ocr_line' id='line_1_12' title="bbox 1347 711 1754 760; baseline 0.007 -8"><span class='ocrx_word' id='word_1_74' title='bbox 1347 711 1548 760; x_wconf 81' lang='lat' dir='ltr'>Quorum</span> <span class='ocrx_word' id='word_1_75' title='bbox 1568 712 1754 755; x_wconf 88' lang='lat' dir='ltr'>mediam</span> 
     </span>
    </p>
   </div>
   <div class='ocr_carea' id='block_1_9' title="bbox 257 769 1755 831">
    <p class='ocr_par' dir='ltr' id='par_1_9' title="bbox 257 769 1755 831">
     <span class='ocr_line' id='line_1_13' title="bbox 257 769 1755 831; baseline 0.001 -20"><span class='ocrx_word' id='word_1_76' title='bbox 257 769 495 813; x_wconf 83' lang='lat' dir='ltr'>orationem</span> <span class='ocrx_word' id='word_1_77' title='bbox 514 770 843 831; x_wconf 84' lang='lat' dir='ltr'>interrumpunt</span> <span class='ocrx_word' id='word_1_78' title='bbox 864 772 1058 829; x_wconf 81' lang='lat' dir='ltr'>undique</span> <span class='ocrx_word' id='word_1_79' title='bbox 1079 771 1226 814; x_wconf 87' lang='lat' dir='ltr'>subito</span> <span class='ocrx_word' id='word_1_80' title='bbox 1248 769 1335 813; x_wconf 85' lang='lat' dir='ltr'>tela</span> <span class='ocrx_word' id='word_1_81' title='bbox 1356 769 1542 819; x_wconf 87' lang='lat' dir='ltr'>inmissa,</span> <span class='ocrx_word' id='word_1_82' title='bbox 1564 786 1660 827; x_wconf 80' lang='lat' dir='ltr'>quae</span> <span class='ocrx_word' id='word_1_83' title='bbox 1680 770 1755 813; x_wconf 87' lang='lat' dir='ltr'>ille</span> 
     </span>
    </p>
   </div>
   <div class='ocr_carea' id='block_1_10' title="bbox 256 829 1007 874">
    <p class='ocr_par' dir='ltr' id='par_1_10' title="bbox 256 829 1007 874">
     <span class='ocr_line' id='line_1_14' title="bbox 256 829 1007 874; baseline 0.001 -3"><span class='ocrx_word' id='word_1_84' title='bbox 256 829 455 872; x_wconf 79' lang='lat' dir='ltr'>obtectus</span> <span class='ocrx_word' id='word_1_85' title='bbox 476 829 602 872; x_wconf 83' lang='lat' dir='ltr'>armis</span> <span class='ocrx_word' id='word_1_86' title='bbox 627 830 815 874; x_wconf 87' lang='lat' dir='ltr'>militum</span> <span class='ocrx_word' id='word_1_87' title='bbox 837 831 1007 874; x_wconf 79' lang='lat' dir='ltr'>vitavit.</span> 
     </span>
    </p>
   </div>
   <div class='ocr_carea' id='block_1_11' title="bbox 1073 829 1761 886">
    <p class='ocr_par' dir='ltr' id='par_1_11' title="bbox 1073 829 1761 886">
     <span class='ocr_line' id='line_1_15' title="bbox 1073 829 1761 886; baseline 0 -14"><span class='ocrx_word' id='word_1_88' title='bbox 1073 829 1374 872; x_wconf 84' lang='lat' dir='ltr'>Vulnerantur</span> <span class='ocrx_word' id='word_1_89' title='bbox 1397 837 1540 871; x_wconf 85' lang='lat' dir='ltr'>tamen</span> <span class='ocrx_word' id='word_1_90' title='bbox 1562 829 1761 886; x_wconf 85' lang='lat' dir='ltr'>complu-</span> 
     </span>
    </p>
   </div>
   <div class='ocr_carea' id='block_1_12' title="bbox 258 886 1760 939">
    <p class='ocr_par' dir='ltr' id='par_1_12' title="bbox 258 886 1760 939">
     <span class='ocr_line' id='line_1_16' title="bbox 258 886 1760 939; baseline 0.001 -9"><span class='ocrx_word' id='word_1_91' title='bbox 258 903 341 939; x_wconf 87' lang='lat' dir='ltr'>res,</span> <span class='ocrx_word' id='word_1_92' title='bbox 379 888 422 931; x_wconf 92' lang='lat' dir='ltr'>in</span> <span class='ocrx_word' id='word_1_93' title='bbox 458 887 523 931; x_wconf 89' lang='lat' dir='ltr'>his</span> <span class='ocrx_word' id='word_1_94' title='bbox 560 889 788 933; x_wconf 89' lang='lat' dir='ltr'>Cornelius</span> <span class='ocrx_word' id='word_1_95' title='bbox 837 891 1019 938; x_wconf 85' lang='lat' dir='ltr'>Balbus,</span> <span class='ocrx_word' id='word_1_96' title='bbox 1066 889 1133 932; x_wconf 87' lang='lat' dir='ltr'>M.</span> <span class='ocrx_word' id='word_1_97' title='bbox 1178 888 1364 937; x_wconf 85' lang='lat' dir='ltr'>Plotius,</span> <span class='ocrx_word' id='word_1_98' title='bbox 1415 889 1470 930; x_wconf 92' lang='lat' dir='ltr'>L.</span> <span class='ocrx_word' id='word_1_99' title='bbox 1510 886 1760 939; x_wconf 81' lang='lat' dir='ltr'>Tiburtius,</span> 
     </span>
    </p>
   </div>
   <div class='ocr_carea' id='block_1_13' title="bbox 259 946 1047 1006">
    <p class='ocr_par' dir='ltr' id='par_1_13' title="bbox 259 946 1047 1006">
     <span class='ocr_line' id='line_1_17' title="bbox 259 946 1047 1006; baseline 0.001 -16"><span class='ocrx_word' id='word_1_100' title='bbox 259 946 550 990; x_wconf 85' lang='lat' dir='ltr'>Centuriones</span> <span class='ocrx_word' id='word_1_101' title='bbox 571 948 814 1006; x_wconf 79' lang='lat' dir='ltr'>militesque</span> <span class='ocrx_word' id='word_1_102' title='bbox 835 948 1047 993; x_wconf 89' lang='lat' dir='ltr'>nonnulli.</span> 
     </span>
    </p>
   </div>
   <div class='ocr_carea' id='block_1_14' title="bbox 1110 947 1755 998">
    <p class='ocr_par' dir='ltr' id='par_1_14' title="bbox 1110 947 1755 998">
     <span class='ocr_line' id='line_1_18' title="bbox 1110 947 1755 998; baseline 0 -8"><span class='ocrx_word' id='word_1_103' title='bbox 1110 948 1225 990; x_wconf 88' lang='lat' dir='ltr'>Tum</span> <span class='ocrx_word' id='word_1_104' title='bbox 1246 947 1478 998; x_wconf 83' lang='lat' dir='ltr'>Labienus,</span> <span class='ocrx_word' id='word_1_105' title='bbox 1502 953 1532 972; x_wconf 74' lang='lat'>‘⁶</span> <span class='ocrx_word' id='word_1_106' title='bbox 1557 947 1755 990; x_wconf 86' lang='lat' dir='ltr'>Desinite</span> 
     </span>
    </p>
   </div>
   <div class='ocr_carea' id='block_1_15' title="bbox 255 1006 1769 1423">
    <p class='ocr_par' dir='ltr' id='par_1_15' title="bbox 257 1006 1757 1127">
     <span class='ocr_line' id='line_1_19' title="bbox 257 1006 1757 1066; baseline 0.001 -17"><span class='ocrx_word' id='word_1_107' title='bbox 257 1013 287 1032; x_wconf 79' lang='lat'>‘⁶</span> <span class='ocrx_word' id='word_1_108' title='bbox 311 1023 418 1064; x_wconf 78' lang='lat' dir='ltr'>ergo</span> <span class='ocrx_word' id='word_1_109' title='bbox 439 1006 493 1050; x_wconf 91' lang='lat' dir='ltr'>de</span> <span class='ocrx_word' id='word_1_110' title='bbox 516 1008 826 1066; x_wconf 77' lang='lat' dir='ltr'>compositione</span> <span class='ocrx_word' id='word_1_111' title='bbox 847 1009 992 1066; x_wconf 87' lang='lat' dir='ltr'>loqui:</span> <span class='ocrx_word' id='word_1_112' title='bbox 1027 1023 1126 1051; x_wconf 89' lang='lat' dir='ltr'>nam</span> <span class='ocrx_word' id='word_1_113' title='bbox 1145 1007 1282 1057; x_wconf 88' lang='lat' dir='ltr'>nobis,</span> <span class='ocrx_word' id='word_1_114' title='bbox 1307 1007 1384 1049; x_wconf 89' lang='lat' dir='ltr'>nisi</span> <span class='ocrx_word' id='word_1_115' title='bbox 1408 1006 1589 1049; x_wconf 72' lang='lat' dir='ltr'>Caesaris</span> <span class='ocrx_word' id='word_1_116' title='bbox 1609 1006 1757 1066; x_wconf 86' lang='lat' dir='ltr'>capite</span> 
     </span>
     <span class='ocr_line' id='line_1_20' title="bbox 259 1066 1038 1127; baseline 0 -19"><span class='ocrx_word' id='word_1_117' title='bbox 259 1073 289 1092; x_wconf 88' lang='lat'>“</span> <span class='ocrx_word' id='word_1_118' title='bbox 313 1066 470 1116; x_wconf 85' lang='lat' dir='ltr'>relato,</span> <span class='ocrx_word' id='word_1_119' title='bbox 489 1082 573 1124; x_wconf 87' lang='lat' dir='ltr'>pax</span> <span class='ocrx_word' id='word_1_120' title='bbox 596 1083 684 1110; x_wconf 89' lang='lat' dir='ltr'>esse</span> <span class='ocrx_word' id='word_1_121' title='bbox 708 1068 828 1110; x_wconf 87' lang='lat' dir='ltr'>nulla</span> <span class='ocrx_word' id='word_1_122' title='bbox 848 1071 1038 1127; x_wconf 84' lang='lat' dir='ltr'>potest.&#39;⁷</span> 
     </span>
    </p>

    <p class='ocr_par' dir='ltr' id='par_1_16' title="bbox 255 1123 1769 1423">
     <span class='ocr_line' id='line_1_21' title="bbox 316 1123 1761 1185; baseline 0.002 -19"><span class='ocrx_word' id='word_1_123' title='bbox 316 1123 388 1168; x_wconf 79' lang='lat'>20.</span> <span class='ocrx_word' id='word_1_124' title='bbox 423 1125 581 1168; x_wconf 88' lang='lat' dir='ltr'>Iisdem</span> <span class='ocrx_word' id='word_1_125' title='bbox 604 1127 873 1185; x_wconf 79' lang='lat' dir='ltr'>temporibus</span> <span class='ocrx_word' id='word_1_126' title='bbox 903 1127 1054 1170; x_wconf 85' lang='lat' dir='ltr'>Romae</span> <span class='ocrx_word' id='word_1_127' title='bbox 1090 1127 1158 1169; x_wconf 91' lang='lat' dir='ltr'>M.</span> <span class='ocrx_word' id='word_1_128' title='bbox 1183 1124 1349 1168; x_wconf 87' lang='lat' dir='ltr'>Coelius</span> <span class='ocrx_word' id='word_1_129' title='bbox 1384 1124 1528 1168; x_wconf 88' lang='lat' dir='ltr'>Rufus</span> <span class='ocrx_word' id='word_1_130' title='bbox 1569 1124 1761 1176; x_wconf 66' lang='lat' dir='ltr'>Praetor,</span> 
     </span>
     <span class='ocr_line' id='line_1_22' title="bbox 257 1184 1763 1245; baseline 0.001 -20"><span class='ocrx_word' id='word_1_131' title='bbox 257 1199 407 1227; x_wconf 84' lang='lat' dir='ltr'>caussa</span> <span class='ocrx_word' id='word_1_132' title='bbox 425 1184 675 1229; x_wconf 88' lang='lat' dir='ltr'>debitorum</span> <span class='ocrx_word' id='word_1_133' title='bbox 697 1196 910 1245; x_wconf 83' lang='lat' dir='ltr'>suscepta,</span> <span class='ocrx_word' id='word_1_134' title='bbox 950 1186 1073 1229; x_wconf 85' lang='lat' dir='ltr'>initio</span> <span class='ocrx_word' id='word_1_135' title='bbox 1098 1185 1391 1241; x_wconf 64' lang='lat' dir='ltr'>Magistratus</span> <span class='ocrx_word' id='word_1_136' title='bbox 1415 1184 1611 1227; x_wconf 83' lang='lat' dir='ltr'>tribunal</span> <span class='ocrx_word' id='word_1_137' title='bbox 1632 1200 1763 1226; x_wconf 85' lang='lat' dir='ltr'>suum</span> 
     </span>
     <span class='ocr_line' id='line_1_23' title="bbox 255 1242 1768 1301; baseline 0.001 -18"><span class='ocrx_word' id='word_1_138' title='bbox 255 1243 383 1301; x_wconf 79' lang='lat' dir='ltr'>juxta</span> <span class='ocrx_word' id='word_1_139' title='bbox 407 1244 460 1286; x_wconf 90' lang='lat' dir='ltr'>C.</span> <span class='ocrx_word' id='word_1_140' title='bbox 476 1244 674 1287; x_wconf 86' lang='lat' dir='ltr'>Tribonii</span> <span class='ocrx_word' id='word_1_141' title='bbox 695 1245 897 1289; x_wconf 62' lang='lat' dir='ltr'>Praetoris</span> <span class='ocrx_word' id='word_1_142' title='bbox 919 1245 1090 1295; x_wconf 86' lang='lat' dir='ltr'>urbani,</span> <span class='ocrx_word' id='word_1_143' title='bbox 1110 1243 1519 1287; x_wconf 86' lang='lat' dir='ltr'>sellam-conlocavit</span> <span class='ocrx_word' id='word_1_144' title='bbox 1539 1251 1598 1296; x_wconf 87' lang='lat' dir='ltr'>et,</span> <span class='ocrx_word' id='word_1_145' title='bbox 1620 1242 1652 1286; x_wconf 90' lang='lat' dir='ltr'>si</span> <span class='ocrx_word' id='word_1_146' title='bbox 1668 1243 1768 1301; x_wconf 79' lang='lat' dir='ltr'>quis</span> 
     </span>
     <span class='ocr_line' id='line_1_24' title="bbox 261 1301 1761 1361; baseline 0.001 -18"><span class='ocrx_word' id='word_1_147' title='bbox 261 1301 524 1360; x_wconf 82' lang='lat' dir='ltr'>adpellasset</span> <span class='ocrx_word' id='word_1_148' title='bbox 546 1303 598 1345; x_wconf 80' lang='lat' dir='ltr'>de</span> <span class='ocrx_word' id='word_1_149' title='bbox 620 1304 901 1348; x_wconf 75' lang='lat' dir='ltr'>zcstimatione</span> <span class='ocrx_word' id='word_1_150' title='bbox 923 1314 968 1347; x_wconf 90' lang='lat' dir='ltr'>et</span> <span class='ocrx_word' id='word_1_151' title='bbox 1001 1304 1056 1346; x_wconf 92' lang='lat' dir='ltr'>de</span> <span class='ocrx_word' id='word_1_152' title='bbox 1078 1304 1382 1353; x_wconf 85' lang='lat' dir='ltr'>solutionibus,</span> <span class='ocrx_word' id='word_1_153' title='bbox 1417 1320 1514 1361; x_wconf 79' lang='lat' dir='ltr'>quae</span> <span class='ocrx_word' id='word_1_154' title='bbox 1548 1318 1627 1361; x_wconf 88' lang='lat' dir='ltr'>per</span> <span class='ocrx_word' id='word_1_155' title='bbox 1647 1302 1761 1346; x_wconf 86' lang='lat' dir='ltr'>arbi-</span> 
     </span>
     <span class='ocr_line' id='line_1_25' title="bbox 263 1360 1769 1423; baseline 0.001 -20"><span class='ocrx_word' id='word_1_156' title='bbox 263 1370 382 1404; x_wconf 87' lang='lat' dir='ltr'>trum</span> <span class='ocrx_word' id='word_1_157' title='bbox 404 1360 575 1412; x_wconf 86' lang='lat' dir='ltr'>fierent,</span> <span class='ocrx_word' id='word_1_158' title='bbox 598 1371 648 1404; x_wconf 92' lang='lat' dir='ltr'>ut</span> <span class='ocrx_word' id='word_1_159' title='bbox 671 1364 815 1407; x_wconf 60' lang='lat' dir='ltr'>Caesar</span> <span class='ocrx_word' id='word_1_160' title='bbox 838 1379 1023 1423; x_wconf 79' lang='lat' dir='ltr'>praesens</span> <span class='ocrx_word' id='word_1_161' title='bbox 1042 1363 1344 1413; x_wconf 85' lang='lat' dir='ltr'>constituerat,</span> <span class='ocrx_word' id='word_1_162' title='bbox 1363 1363 1455 1406; x_wconf 83' lang='lat' dir='ltr'>fore</span> <span class='ocrx_word' id='word_1_163' title='bbox 1478 1360 1639 1405; x_wconf 85' lang='lat' dir='ltr'>auxilio</span> <span class='ocrx_word' id='word_1_164' title='bbox 1671 1361 1769 1419; x_wconf 88' lang='lat' dir='ltr'>pol-</span> 
     </span>
    </p>
   </div>
   <div class='ocr_carea' id='block_1_16' title="bbox 263 1522 981 2933">
    <p class='ocr_par' dir='ltr' id='par_1_17' title="bbox 263 1522 981 2316">
     <span class='ocr_line' id='line_1_26' title="bbox 308 1522 979 1566; baseline -0.003 -11"><span class='ocrx_word' id='word_1_165' title='bbox 308 1524 416 1566; x_wconf 76' lang='lat' dir='ltr'>Atque</span> <span class='ocrx_word' id='word_1_166' title='bbox 446 1534 512 1557; x_wconf 73' lang='lat' dir='ltr'>una</span> <span class='ocrx_word' id='word_1_167' title='bbox 537 1540 581 1546; x_wconf 89' lang='lat'>——</span> <span class='ocrx_word' id='word_1_168' title='bbox 594 1527 737 1564; x_wconf 62' lang='lat' dir='ltr'>possem.</span> <span class='ocrx_word' id='word_1_169' title='bbox 784 1522 866 1553; x_wconf 63' lang='lat' dir='ltr'>Hanc</span> <span class='ocrx_word' id='word_1_170' title='bbox 898 1533 979 1553; x_wconf 87' lang='lat' dir='ltr'>con-</span> 
     </span>
     <span class='ocr_line' id='line_1_27' title="bbox 264 1566 980 1608; baseline -0.003 -9"><span class='ocrx_word' id='word_1_171' title='bbox 264 1573 365 1608; x_wconf 85' lang='lat' dir='ltr'>rupta</span> <span class='ocrx_word' id='word_1_172' title='bbox 382 1574 472 1599; x_wconf 84' lang='lat' dir='ltr'>sunt.</span> <span class='ocrx_word' id='word_1_173' title='bbox 520 1570 555 1600; x_wconf 86' lang='lat' dir='ltr'>In</span> <span class='ocrx_word' id='word_1_174' title='bbox 574 1567 731 1608; x_wconf 79' lang='lat' dir='ltr'>pluribus</span> <span class='ocrx_word' id='word_1_175' title='bbox 747 1566 846 1598; x_wconf 79' lang='lat' dir='ltr'>MSS.</span> <span class='ocrx_word' id='word_1_176' title='bbox 865 1573 917 1597; x_wconf 77' lang='lat' dir='ltr'>est</span> <span class='ocrx_word' id='word_1_177' title='bbox 934 1569 980 1597; x_wconf 67' lang='lat' dir='ltr'>vix</span> 
     </span>
     <span class='ocr_line' id='line_1_28' title="bbox 265 1611 981 1652; baseline -0.001 -10"><span class='ocrx_word' id='word_1_178' title='bbox 265 1622 327 1652; x_wconf 87' lang='lat' dir='ltr'>pro</span> <span class='ocrx_word' id='word_1_179' title='bbox 343 1614 471 1649; x_wconf 72' lang='lat' dir='ltr'>etiam;</span> <span class='ocrx_word' id='word_1_180' title='bbox 508 1611 540 1642; x_wconf 92' lang='grc'>111</span> <span class='ocrx_word' id='word_1_181' title='bbox 567 1611 701 1642; x_wconf 86' lang='lat' dir='ltr'>duobus</span> <span class='ocrx_word' id='word_1_182' title='bbox 728 1621 794 1642; x_wconf 87' lang='lat' dir='ltr'>non</span> <span class='ocrx_word' id='word_1_183' title='bbox 820 1621 981 1651; x_wconf 66' lang='lat' dir='ltr'>spernen-</span> 
     </span>
     <span class='ocr_line' id='line_1_29' title="bbox 264 1654 977 1697; baseline 0.001 -12"><span class='ocrx_word' id='word_1_184' title='bbox 264 1655 316 1686; x_wconf 88' lang='lat' dir='ltr'>dis</span> <span class='ocrx_word' id='word_1_185' title='bbox 333 1657 389 1687; x_wconf 76' lang='lat' dir='ltr'>ubi</span> <span class='ocrx_word' id='word_1_186' title='bbox 405 1656 459 1687; x_wconf 78' lang='lat' dir='ltr'>rel</span> <span class='ocrx_word' id='word_1_187' title='bbox 485 1656 530 1687; x_wconf 69' lang='lat' dir='ltr'>iba*</span> <span class='ocrx_word' id='word_1_188' title='bbox 556 1666 614 1697; x_wconf 83' lang='lat' dir='ltr'>pro</span> <span class='ocrx_word' id='word_1_189' title='bbox 638 1656 759 1686; x_wconf 84' lang='lat' dir='ltr'>eodem</span> <span class='ocrx_word' id='word_1_190' title='bbox 785 1654 843 1687; x_wconf 91' lang='grc'><strong>1110</strong></span> <span class='ocrx_word' id='word_1_191' title='bbox 861 1657 977 1686; x_wconf 71' lang='lat' dir='ltr'>otiam.</span> 
     </span>
     <span class='ocr_line' id='line_1_30' title="bbox 264 1698 977 1741; baseline -0.001 -11"><span class='ocrx_word' id='word_1_192' title='bbox 264 1700 309 1731; x_wconf 84' lang='lat' dir='ltr'>Et</span> <span class='ocrx_word' id='word_1_193' title='bbox 325 1699 475 1731; x_wconf 78' lang='lat' dir='ltr'>variatur</span> <span class='ocrx_word' id='word_1_194' title='bbox 491 1699 657 1741; x_wconf 78' lang='lat' dir='ltr'>scriptura</span> <span class='ocrx_word' id='word_1_195' title='bbox 676 1698 754 1730; x_wconf 82' lang='lat' dir='ltr'>aliis</span> <span class='ocrx_word' id='word_1_196' title='bbox 771 1698 894 1729; x_wconf 85' lang='lat' dir='ltr'>modis.</span> <span class='ocrx_word' id='word_1_197' title='bbox 943 1699 977 1729; x_wconf 90' lang='lat' dir='ltr'>In</span> 
     </span>
     <span class='ocr_line' id='line_1_31' title="bbox 269 1742 979 1785; baseline -0.001 -11"><span class='ocrx_word' id='word_1_198' title='bbox 269 1743 325 1774; x_wconf 89' lang='lat' dir='ltr'>his</span> <span class='ocrx_word' id='word_1_199' title='bbox 341 1744 492 1775; x_wconf 80' lang='lat' dir='ltr'>tenebris</span> <span class='ocrx_word' id='word_1_200' title='bbox 509 1743 534 1775; x_wconf 84' lang='lat' dir='ltr'>si</span> <span class='ocrx_word' id='word_1_201' title='bbox 552 1743 632 1785; x_wconf 84' lang='lat' dir='ltr'>quid</span> <span class='ocrx_word' id='word_1_202' title='bbox 660 1743 774 1774; x_wconf 78' lang='lat' dir='ltr'>videre</span> <span class='ocrx_word' id='word_1_203' title='bbox 791 1743 883 1780; x_wconf 76' lang='lat' dir='ltr'>licet,</span> <span class='ocrx_word' id='word_1_204' title='bbox 908 1742 979 1773; x_wconf 87' lang='lat' dir='ltr'>Ou-</span> 
     </span>
     <span class='ocr_line' id='line_1_32' title="bbox 264 1786 976 1830; baseline 0 -12"><span class='ocrx_word' id='word_1_205' title='bbox 264 1788 472 1830; x_wconf 82' lang='lat' dir='ltr'>dendorpius</span> <span class='ocrx_word' id='word_1_206' title='bbox 501 1788 604 1825; x_wconf 83' lang='lat' dir='ltr'>vidit,</span> <span class='ocrx_word' id='word_1_207' title='bbox 632 1787 689 1829; x_wconf 86' lang='lat' dir='ltr'>qui</span> <span class='ocrx_word' id='word_1_208' title='bbox 717 1788 764 1819; x_wconf 77' lang='lat' dir='ltr'>sic</span> <span class='ocrx_word' id='word_1_209' title='bbox 798 1786 976 1827; x_wconf 77' lang='lat' dir='ltr'>intelligit:</span> 
     </span>
     <span class='ocr_line' id='line_1_33' title="bbox 263 1832 981 1874; baseline -0.006 -10"><span class='ocrx_word' id='word_1_210' title='bbox 263 1836 365 1874; x_wconf 73' lang='lat' dir='ltr'>atque</span> <span class='ocrx_word' id='word_1_211' title='bbox 381 1843 451 1864; x_wconf 72' lang='grc'><strong>111111</strong></span> <span class='ocrx_word' id='word_1_212' title='bbox 465 1832 558 1871; x_wconf 85' lang='lat' dir='ltr'>(scil.</span> <span class='ocrx_word' id='word_1_213' title='bbox 577 1833 700 1871; x_wconf 75' lang='lat' dir='ltr'>loeus).</span> <span class='ocrx_word' id='word_1_214' title='bbox 726 1832 779 1863; x_wconf 79' lang='grc' dir='ltr'><strong>111ιί</strong></span> <span class='ocrx_word' id='word_1_215' title='bbox 809 1834 981 1873; x_wconf 67' lang='lat' dir='ltr'>utrimque</span> 
     </span>
     <span class='ocr_line' id='line_1_34' title="bbox 264 1876 978 1919; baseline 0 -11"><span class='ocrx_word' id='word_1_216' title='bbox 264 1893 307 1899; x_wconf 92' lang='lat'>—-</span> <span class='ocrx_word' id='word_1_217' title='bbox 330 1883 523 1919; x_wconf 66' lang='lat' dir='ltr'>certumque</span> <span class='ocrx_word' id='word_1_218' title='bbox 548 1895 591 1899; x_wconf 88' lang='lat'>—</span> <span class='ocrx_word' id='word_1_219' title='bbox 619 1878 841 1907; x_wconf 61' lang='lat' dir='ltr'>constituitur.</span> <span class='ocrx_word' id='word_1_220' title='bbox 890 1876 978 1909; x_wconf 67' lang='lat' dir='ltr'>Erzn</span> 
     </span>
     <span class='ocr_line' id='line_1_35' title="bbox 263 1919 979 1963; baseline -0.001 -11"><span class='ocrx_word' id='word_1_221' title='bbox 263 1926 298 1951; x_wconf 83' lang='lat' dir='ltr'>et</span> <span class='ocrx_word' id='word_1_222' title='bbox 323 1921 420 1952; x_wconf 79' lang='lat' dir='ltr'>loeus</span> <span class='ocrx_word' id='word_1_223' title='bbox 437 1928 467 1952; x_wconf 85' lang='lat' dir='ltr'>et</span> <span class='ocrx_word' id='word_1_224' title='bbox 485 1927 620 1963; x_wconf 76' lang='lat' dir='ltr'>tempus</span> <span class='ocrx_word' id='word_1_225' title='bbox 643 1919 867 1952; x_wconf 70' lang='lat' dir='ltr'>conveniendi</span> <span class='ocrx_word' id='word_1_226' title='bbox 897 1931 979 1951; x_wconf 86' lang='lat' dir='ltr'>con-</span> 
     </span>
     <span class='ocr_line' id='line_1_36' title="bbox 264 1963 981 1996; baseline -0.001 -1"><span class='ocrx_word' id='word_1_227' title='bbox 264 1963 426 1996; x_wconf 80' lang='lat' dir='ltr'>stituitur.</span> <span class='ocrx_word' id='word_1_228' title='bbox 474 1967 537 1996; x_wconf 85' lang='lat' dir='ltr'>Ilis</span> <span class='ocrx_word' id='word_1_229' title='bbox 568 1966 694 1996; x_wconf 72' lang='lat' dir='ltr'>interea</span> <span class='ocrx_word' id='word_1_230' title='bbox 715 1964 900 1995; x_wconf 75' lang='lat' dir='ltr'>adsentior.</span> <span class='ocrx_word' id='word_1_231' title='bbox 928 1966 981 1995; x_wconf 81' lang='lat' dir='ltr'>M.</span> 
     </span>
     <span class='ocr_line' id='line_1_37' title="bbox 265 2008 977 2050; baseline -0.001 -10"><span class='ocrx_word' id='word_1_232' title='bbox 265 2008 408 2040; x_wconf 69' lang='lat' dir='ltr'>Vossius</span> <span class='ocrx_word' id='word_1_233' title='bbox 433 2010 572 2040; x_wconf 77' lang='lat' dir='ltr'>volebat</span> <span class='ocrx_word' id='word_1_234' title='bbox 587 2014 690 2050; x_wconf 72' lang='lat' dir='ltr'>atqzw</span> <span class='ocrx_word' id='word_1_235' title='bbox 709 2019 776 2039; x_wconf 74' lang='lat' dir='ltr'>nna</span> <span class='ocrx_word' id='word_1_236' title='bbox 794 2011 894 2039; x_wconf 73' lang='lat' dir='ltr'>eliam</span> <span class='ocrx_word' id='word_1_237' title='bbox 910 2015 977 2039; x_wconf 66' lang='lat' dir='ltr'>etc.</span> 
     </span>
     <span class='ocr_line' id='line_1_38' title="bbox 265 2052 979 2089; baseline 0 -6"><span class='ocrx_word' id='word_1_238' title='bbox 265 2052 378 2089; x_wconf 84' lang='lat' dir='ltr'>Quum</span> <span class='ocrx_word' id='word_1_239' title='bbox 394 2054 492 2084; x_wconf 88' lang='lat' dir='ltr'>codd.</span> <span class='ocrx_word' id='word_1_240' title='bbox 512 2055 628 2084; x_wconf 74' lang='lat' dir='ltr'>Petav.</span> <span class='ocrx_word' id='word_1_241' title='bbox 647 2059 677 2083; x_wconf 79' lang='lat' dir='ltr'>et</span> <span class='ocrx_word' id='word_1_242' title='bbox 694 2052 832 2083; x_wconf 74' lang='lat' dir='ltr'>Norvic.</span> <span class='ocrx_word' id='word_1_243' title='bbox 874 2052 979 2083; x_wconf 69' lang='lat' dir='ltr'>habe-</span> 
     </span>
     <span class='ocr_line' id='line_1_39' title="bbox 263 2096 978 2138; baseline 0 -11"><span class='ocrx_word' id='word_1_244' title='bbox 263 2102 321 2127; x_wconf 80' lang='lat' dir='ltr'>ant</span> <span class='ocrx_word' id='word_1_245' title='bbox 335 2098 392 2128; x_wconf 72' lang='lat' dir='ltr'>‘ubi</span> <span class='ocrx_word' id='word_1_246' title='bbox 408 2100 589 2138; x_wconf 64' lang='lat' dir='ltr'>utrimque.</span> <span class='ocrx_word' id='word_1_247' title='bbox 605 2097 708 2127; x_wconf 87' lang='lat' dir='ltr'>credo</span> <span class='ocrx_word' id='word_1_248' title='bbox 719 2107 834 2127; x_wconf 72' lang='lat' dir='ltr'>verum</span> <span class='ocrx_word' id='word_1_249' title='bbox 852 2096 978 2128; x_wconf 72' lang='lat' dir='ltr'>vidisse.</span> 
     </span>
     <span class='ocr_line' id='line_1_40' title="bbox 265 2140 979 2173; baseline 0.001 -3"><span class='ocrx_word' id='word_1_250' title='bbox 265 2140 354 2171; x_wconf 89' lang='lat' dir='ltr'>Oud.</span> <span class='ocrx_word' id='word_1_251' title='bbox 381 2151 442 2173; x_wconf 82' lang='lat' dir='ltr'>nec</span> <span class='ocrx_word' id='word_1_252' title='bbox 466 2141 587 2172; x_wconf 87' lang='lat' dir='ltr'>dubito</span> <span class='ocrx_word' id='word_1_253' title='bbox 616 2141 649 2172; x_wconf 88' lang='lat' dir='ltr'>id</span> <span class='ocrx_word' id='word_1_254' title='bbox 675 2141 708 2172; x_wconf 89' lang='lat' dir='ltr'>in</span> <span class='ocrx_word' id='word_1_255' title='bbox 738 2146 874 2171; x_wconf 73' lang='lat' dir='ltr'>textum</span> <span class='ocrx_word' id='word_1_256' title='bbox 893 2140 979 2171; x_wconf 83' lang='lat' dir='ltr'>reci-</span> 
     </span>
     <span class='ocr_line' id='line_1_41' title="bbox 263 2185 978 2226; baseline 0 -11"><span class='ocrx_word' id='word_1_257' title='bbox 263 2195 356 2226; x_wconf 86' lang='lat' dir='ltr'>pere.</span> <span class='ocrx_word' id='word_1_258' title='bbox 375 2191 447 2216; x_wconf 72' lang='lat' dir='ltr'>tum</span> <span class='ocrx_word' id='word_1_259' title='bbox 472 2188 582 2216; x_wconf 66' lang='lat' dir='ltr'>venire</span> <span class='ocrx_word' id='word_1_260' title='bbox 610 2195 670 2225; x_wconf 82' lang='lat' dir='ltr'>pro</span> <span class='ocrx_word' id='word_1_261' title='bbox 697 2187 870 2216; x_wconf 67' lang='lat' dir='ltr'>convenire</span> <span class='ocrx_word' id='word_1_262' title='bbox 887 2185 978 2216; x_wconf 82' lang='lat' dir='ltr'>acci-</span> 
     </span>
     <span class='ocr_line' id='line_1_42' title="bbox 263 2229 975 2271; baseline 0 -12"><span class='ocrx_word' id='word_1_263' title='bbox 263 2229 440 2271; x_wconf 88' lang='lat' dir='ltr'>piendum.</span> <span class='ocrx_word' id='word_1_264' title='bbox 488 2229 552 2261; x_wconf 85' lang='lat' dir='ltr'>Cui</span> <span class='ocrx_word' id='word_1_265' title='bbox 570 2229 636 2260; x_wconf 83' lang='lat' dir='ltr'>hoc</span> <span class='ocrx_word' id='word_1_266' title='bbox 655 2239 719 2260; x_wconf 88' lang='lat' dir='ltr'>non</span> <span class='ocrx_word' id='word_1_267' title='bbox 738 2229 867 2269; x_wconf 73' lang='lat' dir='ltr'>placet,</span> <span class='ocrx_word' id='word_1_268' title='bbox 885 2229 975 2271; x_wconf 79' lang='lat' dir='ltr'>legat</span> 
     </span>
     <span class='ocr_line' id='line_1_43' title="bbox 264 2276 759 2316; baseline -0.004 -11"><span class='ocrx_word' id='word_1_269' title='bbox 264 2284 341 2305; x_wconf 85' lang='lat' dir='ltr'>mea</span> <span class='ocrx_word' id='word_1_270' title='bbox 360 2285 447 2316; x_wconf 84' lang='lat' dir='ltr'>pace</span> <span class='ocrx_word' id='word_1_271' title='bbox 462 2276 585 2315; x_wconf 63' lang='lat' dir='ltr'>lemnos</span> <span class='ocrx_word' id='word_1_272' title='bbox 601 2291 643 2296; x_wconf 94' lang='lat'>—</span> <span class='ocrx_word' id='word_1_273' title='bbox 657 2283 759 2314; x_wconf 68' lang='lat' dir='ltr'>posse.</span> 
     </span>
    </p>

    <p class='ocr_par' dir='ltr' id='par_1_18' title="bbox 267 2317 978 2403">
     <span class='ocr_line' id='line_1_44' title="bbox 312 2317 978 2361; baseline -0.005 -10"><span class='ocrx_word' id='word_1_274' title='bbox 312 2319 382 2353; x_wconf 77' lang='lat' dir='ltr'>Quo</span> <span class='ocrx_word' id='word_1_275' title='bbox 400 2330 517 2361; x_wconf 74' lang='lat' dir='ltr'>quum.</span> <span class='ocrx_word' id='word_1_276' title='bbox 563 2319 598 2349; x_wconf 89' lang='lat' dir='ltr'>ld</span> <span class='ocrx_word' id='word_1_277' title='bbox 623 2328 688 2360; x_wconf 77' lang='lat' dir='ltr'>quo</span> <span class='ocrx_word' id='word_1_278' title='bbox 716 2317 855 2348; x_wconf 80' lang='lat' dir='ltr'>refertur</span> <span class='ocrx_word' id='word_1_279' title='bbox 870 2317 978 2348; x_wconf 81' lang='lat' dir='ltr'>mani-</span> 
     </span>
     <span class='ocr_line' id='line_1_45' title="bbox 267 2361 889 2403; baseline 0 -11"><span class='ocrx_word' id='word_1_280' title='bbox 267 2361 355 2393; x_wconf 77' lang='lat' dir='ltr'>festo</span> <span class='ocrx_word' id='word_1_281' title='bbox 370 2364 411 2394; x_wconf 87' lang='lat' dir='ltr'>ad</span> <span class='ocrx_word' id='word_1_282' title='bbox 427 2365 547 2400; x_wconf 76' lang='lat' dir='ltr'>locum,</span> <span class='ocrx_word' id='word_1_283' title='bbox 563 2364 603 2393; x_wconf 83' lang='lat' dir='ltr'>dc</span> <span class='ocrx_word' id='word_1_284' title='bbox 620 2372 689 2403; x_wconf 84' lang='lat' dir='ltr'>quo</span> <span class='ocrx_word' id='word_1_285' title='bbox 706 2361 889 2392; x_wconf 80' lang='lat' dir='ltr'>monitum.</span> 
     </span>
    </p>

    <p class='ocr_par' dir='ltr' id='par_1_19' title="bbox 312 2405 977 2447">
     <span class='ocr_line' id='line_1_46' title="bbox 312 2405 977 2447; baseline -0.003 -11"><span class='ocrx_word' id='word_1_286' title='bbox 312 2407 443 2438; x_wconf 70' lang='lat' dir='ltr'>Prodit.</span> <span class='ocrx_word' id='word_1_287' title='bbox 467 2407 554 2438; x_wconf 90' lang='lat' dir='ltr'>bene</span> <span class='ocrx_word' id='word_1_288' title='bbox 571 2406 618 2438; x_wconf 87' lang='lat' dir='ltr'>sic</span> <span class='ocrx_word' id='word_1_289' title='bbox 635 2407 734 2437; x_wconf 87' lang='lat' dir='ltr'>codd.</span> <span class='ocrx_word' id='word_1_290' title='bbox 761 2405 828 2437; x_wconf 87' lang='lat' dir='ltr'>Alii</span> <span class='ocrx_word' id='word_1_291' title='bbox 844 2406 977 2447; x_wconf 63' lang='lat' dir='ltr'>promit.</span> 
     </span>
    </p>

    <p class='ocr_par' dir='ltr' id='par_1_20' title="bbox 265 2449 977 2933">
     <span class='ocr_line' id='line_1_47' title="bbox 313 2449 977 2491; baseline 0.002 -11"><span class='ocrx_word' id='word_1_292' title='bbox 313 2451 487 2482; x_wconf 68' lang='lat' dir='ltr'>Submissoe</span> <span class='ocrx_word' id='word_1_293' title='bbox 501 2468 546 2473; x_wconf 91' lang='lat'>—</span> <span class='ocrx_word' id='word_1_294' title='bbox 567 2453 694 2491; x_wconf 74' lang='lat' dir='ltr'>incipit.</span> <span class='ocrx_word' id='word_1_295' title='bbox 739 2450 774 2480; x_wconf 90' lang='grc'>111</span> <span class='ocrx_word' id='word_1_296' title='bbox 793 2449 847 2480; x_wconf 83' lang='grc'><strong>1115</strong></span> <span class='ocrx_word' id='word_1_297' title='bbox 862 2450 977 2481; x_wconf 83' lang='lat' dir='ltr'>verbis</span> 
     </span>
     <span class='ocr_line' id='line_1_48' title="bbox 266 2493 973 2535; baseline 0.001 -11"><span class='ocrx_word' id='word_1_298' title='bbox 266 2494 381 2535; x_wconf 87' lang='lat' dir='ltr'>plures</span> <span class='ocrx_word' id='word_1_299' title='bbox 398 2494 577 2533; x_wconf 84' lang='lat' dir='ltr'>haeserunt,</span> <span class='ocrx_word' id='word_1_300' title='bbox 607 2494 771 2535; x_wconf 87' lang='lat' dir='ltr'>quoniam</span> <span class='ocrx_word' id='word_1_301' title='bbox 800 2493 973 2525; x_wconf 82' lang='lat' dir='ltr'>Labienus</span> 
     </span>
     <span class='ocr_line' id='line_1_49' title="bbox 265 2538 976 2579; baseline 0 -10"><span class='ocrx_word' id='word_1_302' title='bbox 265 2538 443 2573; x_wconf 76' lang='lat' dir='ltr'>altercans.</span> <span class='ocrx_word' id='word_1_303' title='bbox 469 2538 573 2579; x_wconf 88' lang='lat' dir='ltr'>inque</span> <span class='ocrx_word' id='word_1_304' title='bbox 605 2538 787 2570; x_wconf 82' lang='lat' dir='ltr'>durissima</span> <span class='ocrx_word' id='word_1_305' title='bbox 820 2538 976 2570; x_wconf 83' lang='lat' dir='ltr'>oratione</span> 
     </span>
     <span class='ocr_line' id='line_1_50' title="bbox 266 2581 976 2620; baseline 0 -7"><span class='ocrx_word' id='word_1_306' title='bbox 266 2581 513 2620; x_wconf 84' lang='lat' dir='ltr'>desinens‚non</span> <span class='ocrx_word' id='word_1_307' title='bbox 533 2583 687 2614; x_wconf 84' lang='lat' dir='ltr'>videatur</span> <span class='ocrx_word' id='word_1_308' title='bbox 707 2593 786 2613; x_wconf 77' lang='grc'><strong>115115</strong></span> <span class='ocrx_word' id='word_1_309' title='bbox 803 2593 878 2613; x_wconf 84' lang='lat' dir='ltr'>csse</span> <span class='ocrx_word' id='word_1_310' title='bbox 897 2582 976 2613; x_wconf 84' lang='lat' dir='ltr'>sub-</span> 
     </span>
     <span class='ocr_line' id='line_1_51' title="bbox 267 2626 977 2668; baseline 0.001 -11"><span class='ocrx_word' id='word_1_311' title='bbox 267 2626 371 2657; x_wconf 85' lang='lat' dir='ltr'>missa</span> <span class='ocrx_word' id='word_1_312' title='bbox 389 2626 561 2658; x_wconf 86' lang='lat' dir='ltr'>oratione:</span> <span class='ocrx_word' id='word_1_313' title='bbox 585 2637 694 2668; x_wconf 85' lang='lat' dir='ltr'>neque</span> <span class='ocrx_word' id='word_1_314' title='bbox 721 2626 789 2657; x_wconf 87' lang='lat' dir='ltr'>hoc</span> <span class='ocrx_word' id='word_1_315' title='bbox 811 2636 923 2665; x_wconf 78' lang='lat' dir='ltr'>sensu,</span> <span class='ocrx_word' id='word_1_316' title='bbox 940 2633 977 2658; x_wconf 87' lang='lat' dir='ltr'>ut</span> 
     </span>
     <span class='ocr_line' id='line_1_52' title="bbox 266 2670 976 2712; baseline 0.001 -11"><span class='ocrx_word' id='word_1_317' title='bbox 266 2670 373 2701; x_wconf 86' lang='lat' dir='ltr'>animi</span> <span class='ocrx_word' id='word_1_318' title='bbox 408 2670 569 2702; x_wconf 86' lang='lat' dir='ltr'>submissi</span> <span class='ocrx_word' id='word_1_319' title='bbox 595 2670 706 2701; x_wconf 86' lang='lat' dir='ltr'>oratio</span> <span class='ocrx_word' id='word_1_320' title='bbox 733 2676 842 2702; x_wconf 72' lang='lat' dir='ltr'>esset:</span> <span class='ocrx_word' id='word_1_321' title='bbox 867 2681 976 2712; x_wconf 81' lang='lat' dir='ltr'>neque</span> 
     </span>
     <span class='ocr_line' id='line_1_53' title="bbox 267 2714 975 2754; baseline 0 -9"><span class='ocrx_word' id='word_1_322' title='bbox 267 2714 341 2753; x_wconf 89' lang='lat' dir='ltr'>illo,</span> <span class='ocrx_word' id='word_1_323' title='bbox 366 2720 403 2745; x_wconf 86' lang='lat' dir='ltr'>ut</span> <span class='ocrx_word' id='word_1_324' title='bbox 420 2725 487 2745; x_wconf 81' lang='lat' dir='ltr'>vox</span> <span class='ocrx_word' id='word_1_325' title='bbox 503 2714 720 2752; x_wconf 74' lang='lat' dir='ltr'>moderatior,</span> <span class='ocrx_word' id='word_1_326' title='bbox 743 2725 817 2754; x_wconf 76' lang='lat' dir='ltr'>quae</span> <span class='ocrx_word' id='word_1_327' title='bbox 834 2724 900 2745; x_wconf 87' lang='lat' dir='ltr'>non</span> <span class='ocrx_word' id='word_1_328' title='bbox 917 2725 975 2745; x_wconf 77' lang='lat' dir='ltr'>ex-</span> 
     </span>
     <span class='ocr_line' id='line_1_54' title="bbox 265 2758 977 2799; baseline 0 -9"><span class='ocrx_word' id='word_1_329' title='bbox 265 2758 378 2790; x_wconf 85' lang='lat' dir='ltr'>audiri</span> <span class='ocrx_word' id='word_1_330' title='bbox 395 2764 521 2799; x_wconf 80' lang='lat' dir='ltr'>posset.</span> <span class='ocrx_word' id='word_1_331' title='bbox 569 2758 651 2790; x_wconf 83' lang='lat' dir='ltr'>Sunt</span> <span class='ocrx_word' id='word_1_332' title='bbox 665 2759 769 2789; x_wconf 84' lang='lat' dir='ltr'>etiam</span> <span class='ocrx_word' id='word_1_333' title='bbox 797 2758 977 2791; x_wconf 71' lang='lat' dir='ltr'>varietates</span> 
     </span>
     <span class='ocr_line' id='line_1_55' title="bbox 267 2802 976 2844; baseline 0.001 -11"><span class='ocrx_word' id='word_1_334' title='bbox 267 2804 438 2844; x_wconf 77' lang='lat' dir='ltr'>quaedani,</span> <span class='ocrx_word' id='word_1_335' title='bbox 454 2809 490 2834; x_wconf 79' lang='lat' dir='ltr'>ut</span> <span class='ocrx_word' id='word_1_336' title='bbox 502 2813 633 2834; x_wconf 50' lang='lat' dir='ltr'>&gt;stenima</span> <span class='ocrx_word' id='word_1_337' title='bbox 648 2816 657 2834; x_wconf 83' lang='lat'>.·</span> <span class='ocrx_word' id='word_1_338' title='bbox 680 2802 881 2834; x_wconf 70' lang='lat' dir='ltr'>omittuntur</span> <span class='ocrx_word' id='word_1_339' title='bbox 895 2803 976 2834; x_wconf 86' lang='lat' dir='ltr'>item</span> 
     </span>
     <span class='ocr_line' id='line_1_56' title="bbox 268 2846 976 2890; baseline 0.001 -13"><span class='ocrx_word' id='word_1_340' title='bbox 268 2847 372 2878; x_wconf 87' lang='lat' dir='ltr'>verba</span> <span class='ocrx_word' id='word_1_341' title='bbox 385 2848 479 2890; x_wconf 80' lang='lat' dir='ltr'>loqui</span> <span class='ocrx_word' id='word_1_342' title='bbox 494 2852 529 2878; x_wconf 87' lang='lat' dir='ltr'>et</span> <span class='ocrx_word' id='word_1_343' title='bbox 551 2853 663 2889; x_wconf 71' lang='lat' dir='ltr'>arque.</span> <span class='ocrx_word' id='word_1_344' title='bbox 710 2847 805 2878; x_wconf 90' lang='lat' dir='ltr'>Unde</span> <span class='ocrx_word' id='word_1_345' title='bbox 822 2846 913 2878; x_wconf 88' lang='lat' dir='ltr'>Oud.</span> <span class='ocrx_word' id='word_1_346' title='bbox 927 2847 976 2878; x_wconf 91' lang='lat' dir='ltr'>in-</span> 
     </span>
     <span class='ocr_line' id='line_1_57' title="bbox 269 2890 977 2933; baseline 0.003 -11"><span class='ocrx_word' id='word_1_347' title='bbox 269 2891 410 2932; x_wconf 81' lang='lat' dir='ltr'>geniose</span> <span class='ocrx_word' id='word_1_348' title='bbox 451 2890 603 2933; x_wconf 82' lang='lat' dir='ltr'>conjicit,</span> <span class='ocrx_word' id='word_1_349' title='bbox 642 2890 711 2932; x_wconf 62' lang='lat' dir='ltr'>legi</span> <span class='ocrx_word' id='word_1_350' title='bbox 753 2900 871 2932; x_wconf 85' lang='lat' dir='ltr'>posse:</span> <span class='ocrx_word' id='word_1_351' title='bbox 919 2892 977 2924; x_wconf 55' lang='lat' dir='ltr'>secl</span> 
     </span>
    </p>
   </div>
   <div class='ocr_carea' id='block_1_17' title="bbox 1036 1519 1769 2888">
    <p class='ocr_par' dir='ltr' id='par_1_21' title="bbox 1045 1519 1769 1950">
     <span class='ocr_line' id='line_1_58' title="bbox 1047 1519 1769 1562; baseline -0.007 -9"><span class='ocrx_word' id='word_1_352' title='bbox 1047 1523 1170 1553; x_wconf 70' lang='lat' dir='ltr'>onm&#39;ssa</span> <span class='ocrx_word' id='word_1_353' title='bbox 1192 1523 1340 1552; x_wconf 75' lang='lat' dir='ltr'>oratione</span> <span class='ocrx_word' id='word_1_354' title='bbox 1366 1520 1406 1551; x_wconf 74' lang='lat' dir='ltr'>‹le</span> <span class='ocrx_word' id='word_1_355' title='bbox 1428 1531 1525 1562; x_wconf 73' lang='lat' dir='ltr'>Jmce,</span> <span class='ocrx_word' id='word_1_356' title='bbox 1550 1519 1713 1551; x_wconf 71' lang='lat' dir='ltr'>altercari</span> <span class='ocrx_word' id='word_1_357' title='bbox 1736 1528 1769 1549; x_wconf 82' lang='lat' dir='ltr'>c.</span> 
     </span>
     <span class='ocr_line' id='line_1_59' title="bbox 1055 1562 1761 1602; baseline -0.003 -8"><span class='ocrx_word' id='word_1_358' title='bbox 1055 1566 1091 1594; x_wconf 81' lang='grc' dir='ltr'>Γ.</span> <span class='ocrx_word' id='word_1_359' title='bbox 1108 1569 1172 1596; x_wconf 79' lang='lat' dir='ltr'>inc.</span> <span class='ocrx_word' id='word_1_360' title='bbox 1218 1563 1309 1602; x_wconf 77' lang='lat' dir='ltr'>Quid</span> <span class='ocrx_word' id='word_1_361' title='bbox 1326 1574 1419 1602; x_wconf 81' lang='lat' dir='ltr'>vero,</span> <span class='ocrx_word' id='word_1_362' title='bbox 1433 1564 1459 1595; x_wconf 84' lang='lat' dir='ltr'>si</span> <span class='ocrx_word' id='word_1_363' title='bbox 1476 1562 1665 1594; x_wconf 77' lang='lat' dir='ltr'>Labienum</span> <span class='ocrx_word' id='word_1_364' title='bbox 1684 1562 1761 1592; x_wconf 87' lang='lat' dir='ltr'>dix-</span> 
     </span>
     <span class='ocr_line' id='line_1_60' title="bbox 1048 1606 1764 1649; baseline -0.004 -10"><span class='ocrx_word' id='word_1_365' title='bbox 1048 1609 1135 1639; x_wconf 81' lang='lat' dir='ltr'>erim</span> <span class='ocrx_word' id='word_1_366' title='bbox 1166 1607 1278 1649; x_wconf 82' lang='lat' dir='ltr'>primo</span> <span class='ocrx_word' id='word_1_367' title='bbox 1304 1607 1434 1639; x_wconf 88' lang='lat' dir='ltr'>leniore</span> <span class='ocrx_word' id='word_1_368' title='bbox 1463 1613 1564 1648; x_wconf 81' lang='lat' dir='ltr'>atque</span> <span class='ocrx_word' id='word_1_369' title='bbox 1589 1606 1764 1637; x_wconf 79' lang='lat' dir='ltr'>moderata</span> 
     </span>
     <span class='ocr_line' id='line_1_61' title="bbox 1048 1651 1766 1692; baseline -0.004 -9"><span class='ocrx_word' id='word_1_370' title='bbox 1048 1652 1203 1683; x_wconf 77' lang='lat' dir='ltr'>oratione</span> <span class='ocrx_word' id='word_1_371' title='bbox 1235 1662 1356 1682; x_wconf 86' lang='lat' dir='ltr'>usum:</span> <span class='ocrx_word' id='word_1_372' title='bbox 1395 1651 1518 1682; x_wconf 80' lang='lat' dir='ltr'>deinde</span> <span class='ocrx_word' id='word_1_373' title='bbox 1547 1660 1766 1692; x_wconf 76' lang='lat' dir='ltr'>progressum</span> 
     </span>
     <span class='ocr_line' id='line_1_62' title="bbox 1045 1692 1766 1738; baseline -0.004 -11"><span class='ocrx_word' id='word_1_374' title='bbox 1045 1697 1087 1727; x_wconf 77' lang='lat' dir='ltr'>ad</span> <span class='ocrx_word' id='word_1_375' title='bbox 1107 1695 1379 1738; x_wconf 82' lang='lat' dir='ltr'>disputationem</span> <span class='ocrx_word' id='word_1_376' title='bbox 1396 1696 1560 1732; x_wconf 82' lang='lat' dir='ltr'>altera1n;</span> <span class='ocrx_word' id='word_1_377' title='bbox 1579 1694 1715 1725; x_wconf 84' lang='lat' dir='ltr'>tandem</span> <span class='ocrx_word' id='word_1_378' title='bbox 1732 1692 1766 1725; x_wconf 87' lang='lat' dir='ltr'>in</span> 
     </span>
     <span class='ocr_line' id='line_1_63' title="bbox 1048 1738 1767 1781; baseline -0.003 -10"><span class='ocrx_word' id='word_1_379' title='bbox 1048 1740 1258 1772; x_wconf 81' lang='lat' dir='ltr'>iracundiam</span> <span class='ocrx_word' id='word_1_380' title='bbox 1299 1739 1479 1781; x_wconf 74' lang='lat' dir='ltr'>erupisse?</span> <span class='ocrx_word' id='word_1_381' title='bbox 1540 1738 1660 1770; x_wconf 83' lang='lat' dir='ltr'>Nonne</span> <span class='ocrx_word' id='word_1_382' title='bbox 1700 1738 1767 1769; x_wconf 89' lang='lat' dir='ltr'>hoc</span> 
     </span>
     <span class='ocr_line' id='line_1_64' title="bbox 1048 1782 1767 1826; baseline -0.004 -10"><span class='ocrx_word' id='word_1_383' title='bbox 1048 1791 1174 1816; x_wconf 54' lang='lat' dir='ltr'>natura*</span> <span class='ocrx_word' id='word_1_384' title='bbox 1192 1784 1239 1816; x_wconf 86' lang='lat' dir='ltr'>rei</span> <span class='ocrx_word' id='word_1_385' title='bbox 1266 1784 1440 1826; x_wconf 82' lang='lat' dir='ltr'>animique</span> <span class='ocrx_word' id='word_1_386' title='bbox 1468 1782 1606 1815; x_wconf 79' lang='lat' dir='ltr'>humani</span> <span class='ocrx_word' id='word_1_387' title='bbox 1629 1792 1767 1814; x_wconf 86' lang='lat' dir='ltr'>accom-</span> 
     </span>
     <span class='ocr_line' id='line_1_65' title="bbox 1046 1826 1767 1860; baseline -0.004 0"><span class='ocrx_word' id='word_1_388' title='bbox 1046 1831 1221 1860; x_wconf 85' lang='lat' dir='ltr'>modatum</span> <span class='ocrx_word' id='word_1_389' title='bbox 1253 1829 1378 1860; x_wconf 81' lang='lat' dir='ltr'>suerit?</span> <span class='ocrx_word' id='word_1_390' title='bbox 1427 1829 1476 1860; x_wconf 91' lang='lat' dir='ltr'>M.</span> <span class='ocrx_word' id='word_1_391' title='bbox 1523 1826 1578 1859; x_wconf 88' lang='lat' dir='ltr'>Sic</span> <span class='ocrx_word' id='word_1_392' title='bbox 1597 1827 1767 1858; x_wconf 82' lang='lat' dir='ltr'>subaudi-</span> 
     </span>
     <span class='ocr_line' id='line_1_66' title="bbox 1046 1871 1763 1915; baseline -0.003 -11"><span class='ocrx_word' id='word_1_393' title='bbox 1046 1875 1169 1905; x_wconf 83' lang='lat' dir='ltr'>endum</span> <span class='ocrx_word' id='word_1_394' title='bbox 1210 1879 1310 1915; x_wconf 64' lang='lat' dir='ltr'>atque</span> <span class='ocrx_word' id='word_1_395' title='bbox 1342 1883 1430 1903; x_wconf 67' lang='lat' dir='ltr'>mar.</span> <span class='ocrx_word' id='word_1_396' title='bbox 1493 1871 1620 1904; x_wconf 84' lang='lat' dir='ltr'>Probat</span> <span class='ocrx_word' id='word_1_397' title='bbox 1660 1871 1763 1903; x_wconf 85' lang='lat' dir='ltr'>Bent-</span> 
     </span>
     <span class='ocr_line' id='line_1_67' title="bbox 1050 1918 1152 1950; baseline 0.01 -1"><span class='ocrx_word' id='word_1_398' title='bbox 1050 1918 1152 1950; x_wconf 78' lang='lat' dir='ltr'>leius.</span> 
     </span>
    </p>

    <p class='ocr_par' dir='ltr' id='par_1_22' title="bbox 1047 1958 1760 2047">
     <span class='ocr_line' id='line_1_68' title="bbox 1095 1958 1760 2003; baseline -0.005 -9"><span class='ocrx_word' id='word_1_399' title='bbox 1095 1964 1159 1994; x_wconf 75' lang='lat' dir='ltr'>Ille</span> <span class='ocrx_word' id='word_1_400' title='bbox 1175 1975 1218 1983; x_wconf 91' lang='lat'><em>—</em></span> <span class='ocrx_word' id='word_1_401' title='bbox 1234 1964 1358 1993; x_wconf 68' lang='lat' dir='ltr'>rimi-il.</span> <span class='ocrx_word' id='word_1_402' title='bbox 1401 1960 1576 1992; x_wconf 72' lang='lat' dir='ltr'>Vatinium</span> <span class='ocrx_word' id='word_1_403' title='bbox 1601 1958 1760 2003; x_wconf 85' lang='lat' dir='ltr'>intelligit</span> 
     </span>
     <span class='ocr_line' id='line_1_69' title="bbox 1047 2006 1560 2047; baseline -0.002 -11"><span class='ocrx_word' id='word_1_404' title='bbox 1047 2007 1118 2038; x_wconf 81' lang='lat' dir='ltr'>Jul.</span> <span class='ocrx_word' id='word_1_405' title='bbox 1135 2007 1258 2038; x_wconf 79' lang='lat' dir='ltr'>Celsus</span> <span class='ocrx_word' id='word_1_406' title='bbox 1277 2017 1310 2047; x_wconf 85' lang='lat' dir='ltr'>p.</span> <span class='ocrx_word' id='word_1_407' title='bbox 1335 2006 1409 2036; x_wconf 77' lang='lat'>197.</span> <span class='ocrx_word' id='word_1_408' title='bbox 1435 2006 1560 2036; x_wconf 67' lang='lat' dir='ltr'>Dacis.</span> 
     </span>
    </p>

    <p class='ocr_par' dir='ltr' id='par_1_23' title="bbox 1045 2047 1762 2223">
     <span class='ocr_line' id='line_1_70' title="bbox 1094 2047 1761 2083; baseline -0.001 -2"><span class='ocrx_word' id='word_1_409' title='bbox 1094 2052 1244 2083; x_wconf 70' lang='lat' dir='ltr'>Obtectus</span> <span class='ocrx_word' id='word_1_410' title='bbox 1269 2051 1384 2081; x_wconf 68' lang='lat' dir='ltr'>amm.</span> <span class='ocrx_word' id='word_1_411' title='bbox 1426 2048 1520 2080; x_wconf 82' lang='lat' dir='ltr'>Alias</span> <span class='ocrx_word' id='word_1_412' title='bbox 1545 2052 1690 2080; x_wconf 10' lang='lat' dir='ltr'>surrectus.</span> <span class='ocrx_word' id='word_1_413' title='bbox 1718 2047 1761 2080; x_wconf 88' lang='lat' dir='ltr'>V.</span> 
     </span>
     <span class='ocr_line' id='line_1_71' title="bbox 1046 2093 1761 2136; baseline -0.004 -10"><span class='ocrx_word' id='word_1_414' title='bbox 1046 2095 1185 2136; x_wconf 84' lang='lat' dir='ltr'>Apulei.</span> <span class='ocrx_word' id='word_1_415' title='bbox 1211 2094 1295 2125; x_wconf 87' lang='lat' dir='ltr'>Met.</span> <span class='ocrx_word' id='word_1_416' title='bbox 1313 2097 1345 2123; x_wconf 83' lang='lat'>2.</span> <span class='ocrx_word' id='word_1_417' title='bbox 1365 2104 1398 2134; x_wconf 85' lang='lat' dir='ltr'>p·</span> <span class='ocrx_word' id='word_1_418' title='bbox 1417 2095 1471 2124; x_wconf 79' lang='lat'>33.</span> <span class='ocrx_word' id='word_1_419' title='bbox 1489 2095 1603 2125; x_wconf 64' lang='lat' dir='ltr'>aua-eis</span> <span class='ocrx_word' id='word_1_420' title='bbox 1618 2093 1761 2124; x_wconf 68' lang='lat' dir='ltr'>restibus</span> 
     </span>
     <span class='ocr_line' id='line_1_72' title="bbox 1045 2135 1762 2180; baseline -0.003 -11"><span class='ocrx_word' id='word_1_421' title='bbox 1045 2141 1168 2170; x_wconf 66' lang='lat' dir='ltr'>intacti.</span> <span class='ocrx_word' id='word_1_422' title='bbox 1183 2138 1243 2170; x_wconf 84' lang='lat' dir='ltr'>ubi</span> <span class='ocrx_word' id='word_1_423' title='bbox 1258 2137 1345 2170; x_wconf 81' lang='lat' dir='ltr'>male</span> <span class='ocrx_word' id='word_1_424' title='bbox 1360 2138 1464 2180; x_wconf 81' lang='lat' dir='ltr'>vulgo</span> <span class='ocrx_word' id='word_1_425' title='bbox 1489 2139 1616 2169; x_wconf 65' lang='lat' dir='ltr'>intarti-</span> <span class='ocrx_word' id='word_1_426' title='bbox 1654 2135 1707 2168; x_wconf 86' lang='lat' dir='ltr'>Cf.</span> <span class='ocrx_word' id='word_1_427' title='bbox 1726 2141 1762 2168; x_wconf 86' lang='lat' dir='ltr'>et</span> 
     </span>
     <span class='ocr_line' id='line_1_73' title="bbox 1047 2182 1219 2223; baseline 0.006 -10"><span class='ocrx_word' id='word_1_428' title='bbox 1047 2182 1093 2214; x_wconf 84' lang='lat' dir='ltr'>ib.</span> <span class='ocrx_word' id='word_1_429' title='bbox 1113 2194 1146 2223; x_wconf 89' lang='lat' dir='ltr'>p.</span> <span class='ocrx_word' id='word_1_430' title='bbox 1165 2185 1219 2214; x_wconf 72' lang='lat'>39.</span> 
     </span>
    </p>

    <p class='ocr_par' dir='ltr' id='par_1_24' title="bbox 1043 2224 1761 2347">
     <span class='ocr_line' id='line_1_74' title="bbox 1092 2224 1761 2267; baseline -0.001 -8"><span class='ocrx_word' id='word_1_431' title='bbox 1092 2228 1210 2259; x_wconf 76' lang='lat' dir='ltr'>Romoe</span> <span class='ocrx_word' id='word_1_432' title='bbox 1233 2236 1299 2258; x_wconf 89' lang='lat' dir='ltr'>non</span> <span class='ocrx_word' id='word_1_433' title='bbox 1328 2225 1450 2267; x_wconf 83' lang='lat' dir='ltr'>legitur</span> <span class='ocrx_word' id='word_1_434' title='bbox 1466 2224 1498 2256; x_wconf 88' lang='lat' dir='ltr'>in</span> <span class='ocrx_word' id='word_1_435' title='bbox 1523 2226 1642 2256; x_wconf 86' lang='lat' dir='ltr'>decem</span> <span class='ocrx_word' id='word_1_436' title='bbox 1658 2225 1761 2258; x_wconf 90' lang='lat' dir='ltr'>codd.</span> 
     </span>
     <span class='ocr_line' id='line_1_75' title="bbox 1046 2269 1757 2312; baseline 0 -11"><span class='ocrx_word' id='word_1_437' title='bbox 1046 2271 1135 2302; x_wconf 88' lang='lat' dir='ltr'>Oud.</span> <span class='ocrx_word' id='word_1_438' title='bbox 1164 2281 1224 2302; x_wconf 88' lang='lat' dir='ltr'>nec</span> <span class='ocrx_word' id='word_1_439' title='bbox 1246 2271 1278 2302; x_wconf 90' lang='lat' dir='ltr'>in</span> <span class='ocrx_word' id='word_1_440' title='bbox 1308 2271 1384 2302; x_wconf 85' lang='lat' dir='ltr'>edd.</span> <span class='ocrx_word' id='word_1_441' title='bbox 1403 2269 1534 2311; x_wconf 80' lang='lat' dir='ltr'>primis.</span> <span class='ocrx_word' id='word_1_442' title='bbox 1582 2270 1627 2301; x_wconf 85' lang='lat' dir='ltr'>Et</span> <span class='ocrx_word' id='word_1_443' title='bbox 1642 2275 1757 2312; x_wconf 84' lang='lat' dir='ltr'>potest</span> 
     </span>
     <span class='ocr_line' id='line_1_76' title="bbox 1043 2315 1257 2347; baseline 0.005 -1"><span class='ocrx_word' id='word_1_444' title='bbox 1043 2315 1179 2347; x_wconf 83' lang='lat' dir='ltr'>abesse.</span> <span class='ocrx_word' id='word_1_445' title='bbox 1205 2316 1257 2347; x_wconf 88' lang='lat' dir='ltr'>M.</span> 
     </span>
    </p>

    <p class='ocr_par' dir='ltr' id='par_1_25' title="bbox 1040 2355 1757 2707">
     <span class='ocr_line' id='line_1_77' title="bbox 1091 2355 1757 2392; baseline -0.005 -1"><span class='ocrx_word' id='word_1_446' title='bbox 1091 2361 1213 2391; x_wconf 64' lang='lat' dir='ltr'>Coelius</span> <span class='ocrx_word' id='word_1_447' title='bbox 1250 2361 1291 2392; x_wconf 82' lang='lat' dir='ltr'>R.</span> <span class='ocrx_word' id='word_1_448' title='bbox 1321 2360 1462 2392; x_wconf 70' lang='lat' dir='ltr'>Proetor.</span> <span class='ocrx_word' id='word_1_449' title='bbox 1510 2357 1595 2389; x_wconf 86' lang='lat' dir='ltr'>olim</span> <span class='ocrx_word' id='word_1_450' title='bbox 1626 2355 1757 2389; x_wconf 85' lang='lat' dir='ltr'>Caesari</span> 
     </span>
     <span class='ocr_line' id='line_1_78' title="bbox 1043 2401 1755 2443; baseline -0.004 -9"><span class='ocrx_word' id='word_1_451' title='bbox 1043 2403 1174 2436; x_wconf 83' lang='lat' dir='ltr'>amicus</span> <span class='ocrx_word' id='word_1_452' title='bbox 1200 2404 1261 2443; x_wconf 81' lang='lat' dir='ltr'>(cf.</span> <span class='ocrx_word' id='word_1_453' title='bbox 1296 2405 1324 2442; x_wconf 88' lang='lat'>1,</span> <span class='ocrx_word' id='word_1_454' title='bbox 1342 2406 1373 2434; x_wconf 80' lang='lat'>2.</span> <span class='ocrx_word' id='word_1_455' title='bbox 1399 2407 1432 2441; x_wconf 78' lang='lat'>2,</span> <span class='ocrx_word' id='word_1_456' title='bbox 1448 2402 1518 2442; x_wconf 85' lang='grc'>43),</span> <span class='ocrx_word' id='word_1_457' title='bbox 1545 2403 1603 2433; x_wconf 82' lang='lat' dir='ltr'>sed</span> <span class='ocrx_word' id='word_1_458' title='bbox 1632 2401 1677 2431; x_wconf 85' lang='lat' dir='ltr'>ab</span> <span class='ocrx_word' id='word_1_459' title='bbox 1710 2411 1755 2431; x_wconf 85' lang='lat' dir='ltr'>eo</span> 
     </span>
     <span class='ocr_line' id='line_1_79' title="bbox 1044 2444 1755 2489; baseline -0.006 -10"><span class='ocrx_word' id='word_1_460' title='bbox 1044 2447 1206 2487; x_wconf 81' lang='lat' dir='ltr'>offensus,</span> <span class='ocrx_word' id='word_1_461' title='bbox 1231 2447 1313 2489; x_wconf 88' lang='lat' dir='ltr'>quia</span> <span class='ocrx_word' id='word_1_462' title='bbox 1340 2457 1408 2479; x_wconf 88' lang='lat' dir='ltr'>non</span> <span class='ocrx_word' id='word_1_463' title='bbox 1429 2447 1516 2489; x_wconf 84' lang='lat' dir='ltr'>ipse,</span> <span class='ocrx_word' id='word_1_464' title='bbox 1540 2446 1599 2476; x_wconf 89' lang='lat' dir='ltr'>sed</span> <span class='ocrx_word' id='word_1_465' title='bbox 1620 2444 1755 2476; x_wconf 84' lang='lat' dir='ltr'>Trebo-</span> 
     </span>
     <span class='ocr_line' id='line_1_80' title="bbox 1042 2489 1756 2524; baseline -0.006 -1"><span class='ocrx_word' id='word_1_466' title='bbox 1042 2492 1119 2524; x_wconf 85' lang='lat' dir='ltr'>nius</span> <span class='ocrx_word' id='word_1_467' title='bbox 1135 2493 1265 2524; x_wconf 87' lang='lat' dir='ltr'>Praetor</span> <span class='ocrx_word' id='word_1_468' title='bbox 1289 2492 1439 2524; x_wconf 81' lang='lat' dir='ltr'>urbanus</span> <span class='ocrx_word' id='word_1_469' title='bbox 1468 2501 1489 2522; x_wconf 86' lang='lat' dir='ltr'>a</span> <span class='ocrx_word' id='word_1_470' title='bbox 1515 2489 1647 2521; x_wconf 79' lang='lat' dir='ltr'>Caesare</span> <span class='ocrx_word' id='word_1_471' title='bbox 1668 2499 1756 2520; x_wconf 87' lang='lat' dir='ltr'>con-</span> 
     </span>
     <span class='ocr_line' id='line_1_81' title="bbox 1041 2532 1751 2572; baseline -0.006 -4"><span class='ocrx_word' id='word_1_472' title='bbox 1041 2538 1177 2568; x_wconf 82' lang='lat' dir='ltr'>stitutus</span> <span class='ocrx_word' id='word_1_473' title='bbox 1193 2542 1263 2568; x_wconf 87' lang='lat' dir='ltr'>erat</span> <span class='ocrx_word' id='word_1_474' title='bbox 1293 2546 1326 2566; x_wconf 92' lang='lat' dir='ltr'>v.</span> <span class='ocrx_word' id='word_1_475' title='bbox 1345 2535 1425 2567; x_wconf 80' lang='lat' dir='ltr'>Dio.</span> <span class='ocrx_word' id='word_1_476' title='bbox 1442 2534 1535 2565; x_wconf 80' lang='lat' dir='ltr'>Cass.</span> <span class='ocrx_word' id='word_1_477' title='bbox 1553 2536 1608 2572; x_wconf 68' lang='lat'>4²2,</span> <span class='ocrx_word' id='word_1_478' title='bbox 1621 2536 1675 2564; x_wconf 80' lang='lat'>22.</span> <span class='ocrx_word' id='word_1_479' title='bbox 1689 2532 1751 2564; x_wconf 85' lang='lat' dir='ltr'>ubi</span> 
     </span>
     <span class='ocr_line' id='line_1_82' title="bbox 1042 2577 1756 2622; baseline -0.007 -10"><span class='ocrx_word' id='word_1_480' title='bbox 1042 2580 1094 2612; x_wconf 83' lang='lat' dir='ltr'>hae</span> <span class='ocrx_word' id='word_1_481' title='bbox 1111 2581 1218 2612; x_wconf 55' lang='lat' dir='ltr'>turb-(e</span> <span class='ocrx_word' id='word_1_482' title='bbox 1229 2580 1407 2622; x_wconf 83' lang='lat' dir='ltr'>copiosius</span> <span class='ocrx_word' id='word_1_483' title='bbox 1423 2577 1672 2610; x_wconf 82' lang='lat' dir='ltr'>describuntur.</span> <span class='ocrx_word' id='word_1_484' title='bbox 1700 2577 1756 2608; x_wconf 84' lang='lat' dir='ltr'>De</span> 
     </span>
     <span class='ocr_line' id='line_1_83' title="bbox 1040 2621 1755 2666; baseline -0.007 -10"><span class='ocrx_word' id='word_1_485' title='bbox 1040 2635 1076 2656; x_wconf 89' lang='lat' dir='ltr'>re</span> <span class='ocrx_word' id='word_1_486' title='bbox 1098 2626 1141 2657; x_wconf 82' lang='lat' dir='ltr'>cf.</span> <span class='ocrx_word' id='word_1_487' title='bbox 1175 2625 1253 2656; x_wconf 88' lang='lat' dir='ltr'>Cic.</span> <span class='ocrx_word' id='word_1_488' title='bbox 1286 2625 1378 2666; x_wconf 89' lang='lat' dir='ltr'>Epp.</span> <span class='ocrx_word' id='word_1_489' title='bbox 1409 2625 1452 2654; x_wconf 89' lang='lat' dir='ltr'>ad</span> <span class='ocrx_word' id='word_1_490' title='bbox 1481 2621 1617 2653; x_wconf 81' lang='lat' dir='ltr'>Divers.</span> <span class='ocrx_word' id='word_1_491' title='bbox 1635 2623 1668 2661; x_wconf 88' lang='lat'>8,</span> <span class='ocrx_word' id='word_1_492' title='bbox 1699 2623 1755 2653; x_wconf 77' lang='lat'>17.</span> 
     </span>
     <span class='ocr_line' id='line_1_84' title="bbox 1045 2667 1526 2707; baseline -0.008 -7"><span class='ocrx_word' id='word_1_493' title='bbox 1045 2669 1175 2701; x_wconf 84' lang='lat' dir='ltr'>Vellei.</span> <span class='ocrx_word' id='word_1_494' title='bbox 1193 2670 1322 2700; x_wconf 79' lang='lat' dir='ltr'>Patere.</span> <span class='ocrx_word' id='word_1_495' title='bbox 1336 2672 1367 2707; x_wconf 79' lang='lat'>2,</span> <span class='ocrx_word' id='word_1_496' title='bbox 1385 2669 1438 2699; x_wconf 80' lang='grc'>68.</span> <span class='ocrx_word' id='word_1_497' title='bbox 1474 2667 1526 2697; x_wconf 90' lang='lat' dir='ltr'>M.</span> 
     </span>
    </p>

    <p class='ocr_par' dir='ltr' id='par_1_26' title="bbox 1036 2709 1755 2800">
     <span class='ocr_line' id='line_1_85' title="bbox 1089 2709 1755 2745; baseline -0.009 0"><span class='ocrx_word' id='word_1_498' title='bbox 1089 2714 1349 2745; x_wconf 66' lang='lat' dir='ltr'>Per-arbitrum.</span> <span class='ocrx_word' id='word_1_499' title='bbox 1396 2713 1433 2743; x_wconf 89' lang='lat' dir='ltr'>ln</span> <span class='ocrx_word' id='word_1_500' title='bbox 1459 2709 1560 2741; x_wconf 89' lang='lat' dir='ltr'>bonis</span> <span class='ocrx_word' id='word_1_501' title='bbox 1576 2709 1676 2741; x_wconf 88' lang='lat' dir='ltr'>codd.</span> <span class='ocrx_word' id='word_1_502' title='bbox 1700 2714 1755 2740; x_wconf 86' lang='lat' dir='ltr'>est</span> 
     </span>
     <span class='ocr_line' id='line_1_86' title="bbox 1036 2755 1650 2800; baseline -0.008 -11"><span class='ocrx_word' id='word_1_503' title='bbox 1036 2769 1100 2800; x_wconf 78' lang='lat' dir='ltr'>per</span> <span class='ocrx_word' id='word_1_504' title='bbox 1116 2759 1311 2795; x_wconf 71' lang='lat' dir='ltr'>arbitrium,</span> <span class='ocrx_word' id='word_1_505' title='bbox 1327 2766 1424 2788; x_wconf 88' lang='lat' dir='ltr'>sensu</span> <span class='ocrx_word' id='word_1_506' title='bbox 1441 2755 1574 2786; x_wconf 88' lang='lat' dir='ltr'>eodem.</span> <span class='ocrx_word' id='word_1_507' title='bbox 1597 2755 1650 2785; x_wconf 90' lang='lat' dir='ltr'>M.</span> 
     </span>
    </p>

    <p class='ocr_par' dir='ltr' id='par_1_27' title="bbox 1041 2797 1755 2888">
     <span class='ocr_line' id='line_1_87' title="bbox 1092 2797 1755 2834; baseline -0.003 0"><span class='ocrx_word' id='word_1_508' title='bbox 1092 2804 1205 2834; x_wconf 66' lang='lat' dir='ltr'>Caesar</span> <span class='ocrx_word' id='word_1_509' title='bbox 1235 2808 1278 2823; x_wconf 68' lang='lat'>⁴-</span> <span class='ocrx_word' id='word_1_510' title='bbox 1304 2802 1532 2833; x_wconf 70' lang='lat' dir='ltr'>comcz&#39;tuerat.</span> <span class='ocrx_word' id='word_1_511' title='bbox 1571 2797 1631 2831; x_wconf 87' lang='lat' dir='ltr'>Cf.</span> <span class='ocrx_word' id='word_1_512' title='bbox 1659 2807 1691 2830; x_wconf 87' lang='lat' dir='ltr'>c.</span> <span class='ocrx_word' id='word_1_513' title='bbox 1723 2800 1755 2832; x_wconf 86' lang='lat' dir='ltr'>l.</span> 
     </span>
     <span class='ocr_line' id='line_1_88' title="bbox 1041 2844 1331 2888; baseline -0.003 -9"><span class='ocrx_word' id='word_1_514' title='bbox 1041 2846 1145 2888; x_wconf 81' lang='lat' dir='ltr'>hujus</span> <span class='ocrx_word' id='word_1_515' title='bbox 1160 2844 1253 2878; x_wconf 87' lang='lat' dir='ltr'>libri.</span> <span class='ocrx_word' id='word_1_516' title='bbox 1277 2845 1331 2878; x_wconf 85' lang='lat' dir='ltr'>M.</span> 
     </span>
    </p>
   </div>
  </div>
 </body>
</html>
