1946 3261
541 237 657 284 LIB.
692 239 773 284 VI.
836 240 973 283 CAP.
1013 241 1194 284 18-20.
1530 241 1610 286 149

133 372 162 392 ⁶⁶
187 366 287 409 vitae
316 366 523 410 institutis
556 366 635 409 hoc
667 367 758 410 fere
786 368 845 411 ab
873 367 1051 424 reliquis
1085 367 1313 418 differunt,
1354 365 1474 426 quod
1510 384 1613 411 51105

134 432 163 451 ⁶⁶
187 425 362 477 liberos,
386 426 463 469 nisi
484 442 621 483 quum
641 426 927 476 adoleverint,
953 434 1004 467 ut
1031 442 1185 470 munus
1210 426 1373 471 militiae
1399 426 1614 470 sustinere

133 492 163 510 ‘⁶
187 485 366 553 possint,
388 486 532 544 palam
552 485 607 527 ad
621 502 663 528 se
680 485 801 528 adire
818 500 903 528 non
921 483 1176 551 patiuntur3
1207 484 1434 543 filiumque
1451 485 1613 545 puerili

132 550 162 569 ‘⁶
185 551 312 585 361316
350 545 394 587 111
430 543 627 603 publico,
663 544 706 587 in
734 552 970 631 conspectu
1002 543 1155 602 patris,
1205 544 1431 595 adsistere,
1475 551 1611 603 turpe

131 610 160 628 ⁶⁶
184 601 368 644 ducunt.

194 660 260 702 19.
296 668 324 686 “
348 660 460 710 Viri,
478 667 659 718 quantas
682 660 886 719 pecunias
907 660 964 703 ab
985 660 1194 703 uxoribus
1212 660 1326 704 dotis
1352 662 1520 705 nomine
1540 678 1611 706 ac-

131 726 160 745 ‘⁶
182 728 411 777 ceperunt,
448 727 589 761 tantas
626 735 680 761 ex
714 719 799 762 suis
833 720 972 769 bonis,
1013 719 1292 762 aestimatione
1334 720 1463 771 facta,
1511 738 1613 764 cum

131 785 160 804 ‘⁶
183 777 362 820 dotibus
392 777 720 820 communicant.
786 778 930 836 Hujus
959 777 1094 821 omnis
1122 779 1318 836 pecuniae
1347 779 1613 845 conjunctim

131 844 161 863 ‘⁶
183 836 295 879 ratio
313 837 517 885 habetur,
536 836 576 878 fr
579 844 793 894 uetusque
811 853 878 879 561
881 844 1066 880 vantur.
1091 846 1191 878 uter
1205 854 1280 880 eor
1283 853 1358 879 um
1375 837 1467 879 vita
1471 854 1612 904 supe-

131 903 160 922 “
184 896 308 944 rarit,
347 896 402 938 ad
430 910 530 937 eum
561 911 660 953 pars
689 896 918 951 utriusque
949 910 1048 936 cum
1078 895 1295 938 fructibus
1335 896 1613 953 superiorum

131 962 160 981 ‘⁶
184 963 431 1021 temporum
471 954 687 1012 pelvenit.
769 953 865 996 Viri
907 954 950 996 in
987 968 1158 1003 uxores,
1200 955 1312 995 sicut
1348 955 1392 996 in
1428 954 1608 1004 liberos,

131 1021 160 1039 ⁶⁶
183 1013 284 1055 vitae
311 1028 512 1069 necisque
543 1012 705 1054 habent
736 1019 1022 1070 potestatem·
1068 1020 1128 1061 et,
1159 1027 1297 1069 quum
1323 1020 1457 1079 ..pater
1490 1013 1613 1055 fami-

135 1079 164 1097 ⁶⁶
184 1072 266 1122 1136,
297 1071 546 1114 inlustriore
574 1070 671 1113 loco
691 1079 832 1138 natus,
857 1070 1055 1121 decessit,
1086 1071 1177 1129 ejus
1206 1070 1444 1129 propinqui
1460 1086 1615 1113 conve-

116 1132 162 1156 '“
183 1131 309 1173 niunt
329 1138 390 1180 et,
412 1130 466 1172 de
487 1138 627 1172 morte
648 1130 682 1172 si
701 1146 768 1172 res
784 1130 827 1172 in
844 1130 1129 1188 suspicionem
1158 1130 1294 1179 venit,
1325 1129 1379 1171 de
1404 1129 1616 1172 uxoribus

133 1196 163 1215 ⁶⁶
183 1190 227 1232 in
244 1189 444 1232 servilem
472 1189 649 1231 modum
679 1189 957 1245 quaestionem
986 1188 1148 1231 habent
1180 1197 1240 1239 et,
1273 1188 1306 1230 si
1338 1196 1614 1246 compertum

133 1255 163 1273 ⁶⁶
183 1256 263 1298 651,
294 1249 385 1306 igni
413 1256 546 1305 atque
579 1248 777 1290 omnibus
796 1248 1022 1291 tormentis
1041 1248 1307 1290 excruciatas
1328 1246 1613 1290 interficiunt.

155 1307 363 1349 ‘Funera
392 1314 492 1348 sunt
521 1322 602 1364 pro
633 1307 756 1348 cultu
791 1307 1023 1349 Gallorum
1052 1306 1279 1364 magnifica
1299 1314 1344 1348 et
1362 1314 1614 1348 sumtuosa·
1602 1340 1615 1355 ‚

136 1372 165 1390 ‘⁶
188 1364 431 1422 omniaque,
473 1381 570 1422 (11136
599 1365 708 1407 vivis
739 1366 860 1407 cordi
895 1366 1024 1407 fuisse
1062 1365 1353 1415 arbitrantur,
1392 1365 1436 1407 in
1469 1366 1616 1431 ignem

136 1431 165 1448 ‘⁶
188 1423 297 1465 infer
302 1432 396 1473 unt,
429 1424 558 1465 etiam
578 1423 800 1465 animalia:
845 1439 895 1465 ac
914 1423 1063 1481 paullo
1082 1440 1215 1480 supra
1233 1423 1342 1465 hanc
1362 1423 1615 1466 memoriam

137 1489 166 1507 ‘⁶
186 1482 299 1524 servi
328 1491 372 1524 et
400 1481 592 1532 clientes,
626 1498 734 1538 quos
752 1482 838 1524 ab
829 1483 877 1524 115
892 1482 1072 1524 (11160105
1091 1498 1179 1524 6556
1208 1481 1450 1532 constabat,
1485 1481 1615 1540 justis

135 1547 164 1566 ⁶⁶
186 1542 312 1583 funel
316 1540 411 1583 ibus
431 1540 651 1590 confectis,
671 1555 756 1582 una
774 1541 1094 1583 cremabantur.

130 1608 133 1609 ’
190 1599 262 1641 20.
298 1607 326 1625 “
352 1599 460 1647 Quae
490 1599 685 1640 civitates
718 1600 981 1641 commodius
1011 1615 1131 1641 suam
1160 1615 1252 1642 rem
1288 1598 1511 1665 publicam
1538 1597 1616 1641 ad-

134 1665 163 1684 ‘⁶
186 1657 429 1700 ministrare
462 1657 779 1706 existimantur,
814 1656 978 1700 habent
999 1657 1171 1715 legibus
1206 1666 1417 1706 sanctum,
1456 1673 1488 1699 Sl
1519 1657 1617 1724 quis

133 1724 162 1742 ‘⁶
186 1715 293 1774 quid
316 1715 370 1757 de
392 1732 437 1757 re
458 1715 635 1781 publica
655 1731 681 1757 a
709 1715 916 1758 finitumis
953 1732 1128 1758 1··11111016
1158 1732 1209 1758 30
1238 1716 1352 1758 fama
1378 1715 1615 1781 acceperit,

132 1782 160 1802 ⁶⁶
184 1775 252 1817 uti
285 1775 338 1817 ad
359 1775 662 1832 magistratum
696 1774 881 1824 defer,at
913 1790 1020 1817 11616
1043 1790 1142 1816 011111
1163 1791 1252 1831 quo
1273 1774 1359 1816 alio
1381 1789 1617 1816 commum-

133 1842 162 1860 “
186 1845 279 1876 cet:
314 1833 433 1891 quod
453 1849 563 1891 saepe
592 1832 784 1876 homines
822 1833 1075 1876 temerarios
1105 1841 1239 1890 atque
1270 1832 1480 1889 inperitos
1500 1832 1617 1875 falsis

132 1901 161 1920 ‘⁶
185 1892 435 1936 rumolibus
456 1892 613 1934 terreri
652 1899 697 1934 et
717 1892 772 1934 ad
792 1892 955 1934 facinus
977 1891 1126 1950 inpelli
1147 1900 1192 1932 et
1212 1890 1265 1932 de
1287 1890 1460 1933 summis
1482 1891 1616 1933 rebus

131 1959 160 1978 ⁶⁶
185 1951 409 1994 consilium
445 1966 599 2007 capere
638 1951 861 2007 cognitum
902 1958 980 1992 est.
1047 1949 1350 2007 Magistratus,
1383 1965 1482 2006 quae
1522 1949 1615 1991 visa

130 2019 160 2038 ‘⁶
183 2018 302 2060 sunt,
344 2008 596 2058 occultant3
629 2025 813 2067 quaeque
844 2026 932 2052 esse
963 2025 1018 2051 ex
1038 2024 1119 2050 usu
1135 2007 1443 2067 judicaverint,
1464 2008 1615 2051 multi·

131 2130 241 2172 spatia
255 2132 486 2164 numerarunt,
500 2132 534 2158 et
559 2132 596 2159 ut
613 2126 659 2159 oli
664 2137 697 2158 m
719 2127 838 2168 νυχθῆ-

904 2132 963 2158 3111
985 2129 1083 2166 justa
1102 2126 1283 2167 funebria3
1308 2126 1397 2157 unde
1418 2126 1472 2157 vel
1493 2126 1611 2167 facere

130 2188 168 2214 με
159 2175 306 2218 gov(nox
318 2173 439 2214 priore,
448 2171 521 2203 dies
538 2171 726 2212 posteiiore
741 2172 838 2211 1000)
895 2174 1004 2212 jux-ta,
1030 2170 1083 2201 vel
1098 2170 1214 2208 facere
1231 2173 1330 2209 pasta
1353 2170 1528 2210 funebria.
1561 2171 1613 2202 M.

131 2218 337 2251 dictumest.
368 2217 419 2248 11].

177 2265 372 2295 Patiuntur.
388 2261 432 2291 al.
449 2262 636 2301 patiantur.

179 2305 559 2348 FilIumque———duczmt.
612 2303 696 2334 Haec
734 2303 838 2334 verba

136 2361 198 2398 pro
213 2351 414 2391 glossemate
431 2348 534 2379 habet
549 2348 577 2379 Ι
594 2346 634 2377 C.
651 2348 695 2377 H.
721 2352 755 2378 et
772 2358 835 2388 pro

134 2394 243 2426 otiosa
260 2392 480 2434 repetitione.

180 2439 311 2470 Puerili
334 2442 441 2469 oetate.
499 2435 613 2476 Vulgo
646 2437 684 2465 in
718 2437 842 2475 puerili

132 2487 242 2519 aetate,
267 2480 379 2512 minus
403 2479 569 2511 concinne
593 2478 639 2509 ob
674 2478 841 2520 praeposi-

133 2526 261 2557 tionem
279 2530 487 2565 sequentem.

180 2572 286 2601 Pater
305 2569 459 2609 fcmniliae.
505 2567 560 2599 Sic
588 2567 688 2598 codd.
733 2565 787 2597 Cf.
808 2567 836 2603 l,

181 2659 247 2690 Pro
264 2657 358 2688 cultu
376 2657 563 2688 Gallorum.
589 2654 641 2686 Sic
657 2660 691 2685 et
706 2653 839 2686 Aimoi-

134 2712 209 2733 nus.
231 2700 289 2732 alii
308 2711 370 2741 pro
389 2705 501 2741 capta.
534 2705 571 2731 ut
596 2709 694 2740 supra
713 2700 787 2736 4,3.
802 2703 839 2730 ut

133 2751 180 2778 est
196 2750 312 2786 captu-s·
334 2745 520 2775 Gallorum.

179 2790 281 2821 Justis
304 2788 492 2828 funeribus.
549 2789 617 2818 Aut
654 2786 839 2817 tollendum

135 2832 383 2873 estruit-evilim,
406 2836 464 2862 aut
486 2832 681 2862 mutandum
698 2830 731 2861 in
741 2830 842 2870 fume-

138 2878 263 2914 bribus,
293 2881 330 2907 ut
351 2875 483 2906 monuit
508 2875 681 2906 Oudend.:
706 2884 781 2905 nam
797 2884 839 2904 ea

136 2920 311 2958 solemnia,
327 2929 402 2960 quae
419 2918 451 2949 in
468 2919 584 2950 funere
596 2920 637 2949 de
653 2928 744 2950 more
757 2917 841 2948 civi-

138 2964 216 2996 tatis
246 2963 410 3003 obtinent,
441 2964 510 2994 uaeoe'
542 2963 643 3004 ἐξοχὴν
686 2961 841 2993 dicuntur

131 3012 241 3051 justa,
269 3008 332 3048 (id,
373 3009 463 3050 quod
500 3013 633 3041 mortuo
662 3006 841 3046 debemus)

906 2215 1017 2256 Scalig
1003 2225 1054 2245 61·
1070 2225 1112 2245 ex
1134 2213 1244 2255 Lipsii
1261 2219 1296 2245 et
1310 2212 1425 2245 Ursini
1447 2214 1613 2246 sententia

908 2259 1258 2299 iecepitfrmebribus.
1305 2258 1445 2290 Hotom.
1464 2259 1496 2289 ero*
1513 2258 1613 2300 fune-

907 2304 999 2334 ribus
1024 2313 1084 2344 pro
1102 2303 1214 2343 glossa
1232 2301 1356 2333 habet*
1347 2314 1356 2341 ;
1379 2308 1496 2334 contra
1511 2302 1611 2334 dandi

906 2358 983 2378 casu
1000 2346 1032 2377 id
1051 2346 1199 2388 positum
1223 2346 1295 2377 vult
1318 2346 1482 2385 Hausius‚
1506 2352 1542 2378 ut
1555 2357 1613 2388 ap.

908 2391 997 2427 Ptin,
1018 2393 1070 2429 10,
1084 2394 1116 2421 2.
1131 2394 1229 2432 justa
1245 2390 1363 2431 funeri
1378 2392 1529 2422 reddere.
1555 2392 1614 2421 sed

907 2434 955 2466 ibi
969 2435 1055 2466 codd
1063 2435 1314 2475 „ju-stafanera.
1322 2445 1390 2475 quo
1399 2440 1432 2466 et
1442 2435 1616 2476 vulgatum

909 2479 942 2510 in
959 2484 1073 2510 nostro
1088 2479 1164 2510 loco
1181 2477 1317 2509 defendi
1333 2478 1454 2520 possit.
1490 2478 1615 2509 Contra

908 2524 999 2564 apud
1014 2522 1087 2554 Cic.
1105 2534 1164 2564 pro
1182 2523 1216 2554 S.
1234 2523 1361 2553 Roscio
1376 2533 1407 2553 0.
1425 2526 1455 2553 8.
1471 2527 1613 2564 paterno

897 2567 1017 2608 funeri
1033 2571 1129 2608 justa
1145 2568 1285 2599 soluere.
1322 2567 1399 2597 Nou
1427 2565 1614 2597 verisimile

909 2610 1042 2642 videtur
1059 2611 1085 2641 1.
1099 2610 1138 2641 C.
1156 2611 1201 2641 H.
1215 2610 1379 2642 Caesarem
1396 2610 1522 2650 funera
1542 2609 1616 2641 dira

908 2660 942 2686 et
959 2654 1102 2686 barbara
1118 2654 1356 2697 dixissejusta,
1370 2659 1531 2694 putatque
1549 2653 1615 2685 ista

908 2699 1011 2730 verba
1024 2712 1032 2730 :
1057 2701 1159 2731 etiam
1173 2698 1616 2730 animalia—memabantur

909 2753 982 2774 esse
998 2741 1193 2784 glossatoris
1209 2747 1242 2772 et
1259 2740 1475 2782 potissimum
1490 2740 1614 2773 dictio-

908 2797 986 2818 nem
1009 2797 1114 2827 supra
1145 2788 1233 2817 hanc
1260 2787 1459 2816 memoriam
1487 2785 1613 2827 pingue

909 2830 1068 2872 quiddam
1087 2835 1120 2860 et
1136 2829 1247 2860 minus
1264 2828 1381 2859 tritum
1401 2827 1544 2870 spirare.

956 2876 1023 2915 Inp
1025 2876 1136 2905 ericos.
1151 2873 1196 2903 al
1211 2873 1386 2913 inpeditos.
1408 2871 1430 2903 i.
1447 2883 1476 2904 e.
1492 2874 1538 2905 ob
1555 2885 1614 2905 ne-

908 2886 1023 2959 gotiap
1022 2927 1088 2948 non
1113 2916 1330 2947 adtendentes
1354 2917 1398 2947 ad
1421 2928 1616 2953 lumorem·
1604 2942 1615 2960 ,

910 2963 970 2995 sed
986 2962 1070 2994 bene
1088 2960 1191 2994 habet
1206 2961 1393 3004 vulgatum.
