1946 3261
232 214 320 257 214
671 212 756 257 DE
789 209 994 256 BELLO
1027 211 1323 256 GALLICO.

233 339 460 399 disposito,
495 345 561 388 ut,
595 337 632 381 si
665 354 765 382 usus
801 339 963 389 veniat,
983 355 1111 382 suum
1130 342 1317 398 quisque
1338 338 1483 382 locum
1505 344 1650 382 teneat
1667 344 1714 380 et

231 397 676 456 noverit,equitatum
691 415 744 442 ex
762 399 913 442 castris
923 398 1049 441 educi
1063 406 1108 441 et
1124 398 1332 457 proelium
1347 397 1559 442 committi
1569 395 1714 456 jubet.

235 458 346 502 Erat
364 473 418 500 ex
442 457 642 502 omnibus
661 458 826 507 castris,
847 474 945 515 quae
965 473 1177 500 summum
1199 457 1392 515 undique
1418 457 1576 515 jugum
1597 463 1715 498 tene-

234 517 359 565 bant,
372 516 630 574 despectus;
662 525 795 574 atque
815 516 1002 558 omnium
1023 515 1209 559 militum
1229 516 1385 559 intenti
1403 515 1533 559 animi
1555 528 1716 574 pugnae

232 583 499 633 proventum
519 576 845 634 exspectabant.
911 574 1029 617 Galli
1067 574 1182 619 inter
1219 576 1388 634 equites
1425 590 1547 619 raros
1583 572 1715 631 sagit-

231 634 366 677 tarios
402 634 715 693 expeditosque
751 633 857 676 levis
892 642 1125 678 armaturae
1164 635 1487 692 interjecerant,
1517 633 1597 692 qui
1631 631 1718 675 suis

232 692 488 736 cedentibus
501 692 665 737 auxilio
681 702 981 736 succurrerent
998 701 1042 736 et
1060 702 1309 738 nostrorum
1321 694 1521 752 equitum
1539 693 1718 752 inpetus

229 753 506 796 sustinerent.
597 753 672 795 Ab
718 751 782 794 his
822 753 1065 812 complures
1113 753 1169 796 de
1210 753 1447 812 improviso
1497 750 1716 794 vulnerati

230 812 389 870 proelio
409 811 692 854 excedebant.
758 812 906 861 Quum
926 828 1023 854 suos
1045 828 1202 871 pugnae
1222 812 1463 871 superiores
1484 827 1573 854 esse
1595 809 1716 853 Galli

230 870 496 914 confiderent
533 880 578 914 et
615 878 785 914 nostros
817 871 1096 914 multitudine
1131 872 1270 930 premi
1303 871 1519 920 viderent,
1551 885 1604 912 ex
1625 885 1716 912 om-

227 929 358 973 nibus
380 930 578 988 partibus
598 938 643 973 et
659 930 705 980 ii,
723 930 800 988 qui
821 930 1133 974 munitionibus
1145 931 1499 979 continebantur,
1515 937 1561 972 et
1577 927 1716 986 ii‚qui

228 988 284 1031 ad
303 989 512 1031 auxilium
533 999 841 1038 convenerant,
864 990 1049 1033 clamore
1078 999 1122 1032 et
1151 990 1324 1032 ululatu
1346 1005 1526 1032 suorum
1555 987 1719 1032 animo·

226 1048 558 1092 confirmabant.
617 1049 748 1098 Quod
778 1050 821 1092 in
851 1058 1055 1108 conspect
1094 1049 1316 1092 uomnium
1352 1065 1419 1091 res
1459 1046 1715 1106 gerebatur,

231 1123 371 1166 neque
399 1116 518 1151 recte
548 1124 597 1151 ac
630 1109 824 1175 turpiter
854 1110 1019 1151 factum
1040 1107 1172 1150 celari
1195 1117 1400 1167 poterat:
1435 1117 1647 1164 utrosque
1668 1112 1717 1148 et.

230 1167 371 1210 laudis
391 1167 609 1226 cupiditas
630 1177 674 1210 et
703 1167 833 1210 timor
856 1167 1099 1226 ignominiae
1129 1167 1184 1209 ad
1219 1167 1428 1210 virtutem
1449 1165 1714 1208 excitabant.

233 1226 381 1276 Quum
403 1242 429 1268 a
448 1226 627 1269 meridie
657 1243 797 1286 prope
824 1227 877 1269 ad
905 1226 1003 1269 solis
1031 1243 1226 1269 occasum
1246 1226 1379 1269 dubia
1400 1224 1583 1268 victoria
1602 1239 1717 1282 pug-

229 1295 425 1328 naretur.
491 1286 698 1328 Germani
731 1301 817 1328 una
844 1286 889 1328 in
910 1294 1036 1343 parte
1069 1285 1273 1328 confertis
1307 1285 1459 1327 turmis
1496 1283 1539 1325 in
1571 1282 1717 1326 hostes

227 1344 430 1403 inpetum
466 1344 686 1393 fecerunt,
722 1361 882 1402 eosque
917 1344 1240 1401 propulerunt:
1286 1343 1447 1400 quibus
1484 1342 1526 1385 in
1564 1342 1717 1402 fugam

229 1403 449 1461 conjectis,
479 1403 695 1461 sagittarii
716 1403 1000 1445 circumventi
1023 1402 1329 1461 interfectique
1351 1411 1467 1445 sunt.
1530 1400 1642 1445 Item
1662 1416 1718 1445 ex

228 1461 408 1519 reliquis
430 1462 632 1521 partibus
653 1462 807 1511 nostri,
839 1461 1038 1504 cedentes
1071 1478 1205 1519 usque
1242 1461 1299 1504 ad
1335 1471 1477 1506 castra
1513 1461 1716 1510 insecuti,

226 1521 292 1566 sui
316 1521 559 1580 conligendi
583 1522 836 1565 facultatem
858 1537 942 1564 non
963 1521 1191 1564 dederunt.
1244 1522 1308 1564 At
1326 1521 1371 1571 ii,
1394 1521 1470 1579 qui
1491 1520 1549 1563 ab
1570 1520 1718 1566 Alesia

227 1589 542 1639 processerant,
563 1581 721 1631 moesti,
745 1597 888 1640 prope
906 1581 1089 1624 victoria
1105 1581 1354 1640 desperata,
1372 1596 1416 1624 se
1438 1581 1481 1623 in
1500 1579 1717 1639 oppidum

225 1648 505 1698 receperunt.

288 1699 362 1741 81.
395 1699 500 1741 Uno
520 1697 592 1741 die
625 1698 882 1748 intermisso,
922 1698 1058 1749 Galli,
1094 1709 1228 1757 atque
1265 1698 1347 1742 hoc
1382 1698 1524 1758 spatio
1554 1712 1715 1756 magno

228 1758 417 1801 cratium
436 1758 651 1801 scalarum
671 1757 973 1817 harpagonum
995 1774 1176 1802 numero
1207 1759 1377 1807 effecto,
1410 1756 1548 1800 media
1585 1766 1716 1800 nocte

228 1817 400 1859 silentio
420 1833 475 1859 ex
496 1817 649 1859 castris
661 1813 838 1875 egressi,
858 1818 913 1860 ad
933 1826 1194 1875 campestres
1211 1816 1470 1859 munitiones
1487 1815 1714 1859 accedunt.

233 1875 396 1918 Subito
416 1876 603 1919 clamore
625 1874 817 1926 sublato,
859 1893 947 1934 qua
982 1875 1309 1933 significatione,
1352 1875 1429 1933 qui
1468 1876 1511 1918 in
1548 1875 1716 1934 oppido

231 1934 559 1983 obsidebantur,
580 1933 636 1976 de
657 1950 734 1976 suo
756 1934 946 1977 adventu
966 1950 1226 1992 cognoscere
1264 1942 1438 1983 Jossent,
1459 1942 1600 1977 crates
1618 1948 1716 1993 pro-

225 1993 375 2050 jicere,
410 1991 558 2034 fundis
589 1993 757 2049 sagittis
793 1993 1012 2052 lapidibus
1046 2003 1214 2038 nostros
1242 1951 1299 2035 de
1321 1993 1436 2035 vallo
1457 1993 1715 2043 deturbare,

228 2051 501 2109 reliquaque,
535 2068 634 2109 quae
663 2051 719 2094 ad
740 2053 1114 2111 obpugnationem
1135 2053 1373 2111 pertinent,
1395 2052 1714 2097 administrare.

230 2110 398 2153 Eodem
427 2119 643 2177 tempore,
666 2111 854 2155 clamore
896 2111 1119 2161 exaudito,
1158 2112 1233 2155 dat
1273 2112 1381 2154 tuba
1421 2112 1590 2170 signum
1629 2111 1718 2155 suis

231 2169 569 2227 Vercingetorix
586 2178 719 2227 atque
737 2187 790 2213 ex
807 2187 866 2230 op
884 2171 972 2214 ndo
989 2170 1150 2213 educit.
1219 2171 1390 2221 Nostri,
1413 2179 1463 2213 ut
1484 2170 1718 2228 superiori-

232 2228 314 2272 bus
349 2227 503 2271 diebus
535 2245 634 2271 suus
672 2230 831 2288 cuique
866 2188 985 2274 iocus
1019 2239 1113 2274 erat
1139 2229 1356 2280 definitus,
1379 2229 1435 2273 ad
1456 2230 1716 2273 munitionen

230 2287 472 2331 accedunt:
508 2287 670 2342 fundis,
698 2289 917 2333 librilibus
938 2289 1218 2347 sudibusque,
1239 2306 1347 2347 quas
1385 2289 1427 2332 in
1461 2305 1596 2347 opere
1629 2288 1715 2333 dis-

282 2447 440 2478 Omm'um
455 2448 601 2480 militum
614 2448 729 2479 intenti
744 2449 862 2479 animi.
878 2448 938 2480 alii

234 2502 346 2523 omnes
362 2493 482 2524 milites
495 2493 611 2524 intenti
623 2502 763 2533 puqnse.

283 2537 502 2569 Prot-mmm.
547 2536 598 2567 lta
626 2536 726 2567 codd.
759 2535 838 2566 vid.
869 2537 940 2567 Ind.

235 2581 287 2611 M.
320 2580 436 2622 Vulgo
450 2586 615 2613 eventum.
649 2579 703 2612 Cf.
718 2586 834 2612 notata
849 2581 891 2611 ad
908 2591 940 2612 c.

234 2627 288 2656 29.

283 2670 414 2711 Puqnoe
427 2672 624 2712 superiore-e.
666 2669 720 2700 Sic
742 2668 825 2700 boni
840 2669 939 2700 codd.

234 2718 270 2743 ut
286 2724 362 2745 acer·
374 2716 493 2752 animi,
513 2715 698 2754 disciplina»
719 2714 846 2751 clarus,
863 2717 940 2745 ani-

235 2760 284 2787 mi
300 2759 412 2789 victus.
435 2757 487 2789 Cf.
504 2758 593 2789 Oud.
614 2757 725 2795 Vulgo
738 2768 869 2799 pamm.

283 2803 489 2842 Cflmynvtres
533 2802 731 2834 mimitiones
767 2807 845 2833 sunt
874 2811 939 2838 eae,

235 2853 319 2886 quas
343 2855 374 2875 c.
401 2847 455 2877 74.
479 2845 671 2887 descripsit.
726 2847 763 2878 In
788 2845 939 2888 aequiore

235 2889 314 2920 loeo
330 2888 428 2920 factae
441 2896 548 2922 erant.
572 2891 623 2921 M.

290 2933 389 2963 Valla
411 2934 596 2966 deturbare.
641 2933 827 2976 Scioppius
846 2944 937 2975 susp.

237 2977 317 3008 lect.
333 2979 365 3014 2,
387 2978 434 3007 ¹4.
452 2988 528 3008 cum
550 2978 631 3011 aliis
652 2979 783 3012 mavult
803 2984 937 3022 penur-

234 3022 330 3059 bare,
353 3022 563 3063 proturbare.

1056 2449 1308 2480 Administrare.
1364 2446 1474 2477 Codd.
1505 2445 1644 2487 quidam
1683 2451 1717 2478 et

1009 2493 1084 2523 odd.
1116 2499 1182 2523 vet.
1212 2492 1337 2523 addunt
1366 2495 1510 2532 parant,
1534 2496 1568 2521 ut
1599 2491 1714 2522 ('aesar

1009 2537 1106 2568 solet.
1131 2537 1194 2567 Sed
1214 2535 1288 2567 heic
1303 2546 1412 2566 sermo
1425 2541 1474 2566 est
1487 2535 1528 2565 dc
1545 2534 1715 2576 praesenti,

1009 2591 1075 2613 non
1092 2581 1134 2612 de
1150 2581 1274 2611 futuro.
1314 2581 1356 2612 Et
1369 2578 1452 2610 alibi
1470 2577 1520 2610 sic
1534 2584 1660 2618 noster,
1674 2585 1714 2610 ut

1013 2627 1110 2663 1,16.
1127 2626 1168 2657 C.
1186 2629 1217 2663 Ξ,
1237 2627 1289 2658 20,
1305 2627 1337 2663 3,
1361 2627 1394 2655 12
1411 2629 1476 2655 etc.

1055 2671 1232 2708 Definitm.
1261 2668 1318 2701 Sic
1335 2669 1412 2700 cod.
1427 2667 1579 2699 Auditus
1591 2672 1626 2698 et
1643 2666 1713 2698 Ox·

1009 2724 1066 2744 on.
1093 2713 1206 2754 Vulgo
1219 2714 1424 2750 adtribuens,
1434 2723 1453 2743 e
1465 2712 1593 2754 glossa.
1610 2710 1720 2742 Cous.-

1009 2759 1156 2789 Gronov.
1171 2758 1213 2788 ad
1231 2757 1305 2789 Liv.
1323 2759 1377 2790 35.
1391 2758 1424 2788 7.

1056 2803 1247 2833 Lim-ilibus.
1274 2798 1715 2842 1,ὶιπὶιῐιιιιᾱρειιιιιιιπὶη-·

1007 2852 1185 2877 strumenta
1219 2845 1356 2883 bellica,
1388 2855 1468 2877 saxa
1497 2842 1642 2876 scillicet
1665 2843 1710 2874 ad

1008 2890 1139 2922 brachii
1154 2889 1424 2923 crassitudinem.
1445 2889 1479 2920 in
1490 2887 1634 2919 modum
1651 2886 1713 2918 fla-

1007 2935 1173 2975 gellorum
1185 2934 1267 2966 loris
1280 2933 1444 2965 revincta.
1461 2935 1589 2965 resae.
1600 2931 1709 2963 Graec.

1007 2979 1173 3020 metaphr.
1187 2979 1290 3012 &Bm
1299 2979 1453 3017 pos-riam
1468 2974 1577 3008 vessit.
1592 2975 1644 3006 M.
1664 2975 1709 3006 Et

1005 3022 1151 3064 sejungit
1161 3020 1317 3064 σφενδόνας.
1335 3022 1422 3055 Edd.
1436 3020 1596 3063 quaedam
1608 3020 1709 3051 libra-
