1946 3261
682 193 797 238 LIB.
832 191 915 237 111.
980 192 1119 236 CAP.
1151 190 1333 234 47-49.
1671 189 1755 231 377

277 337 373 366 cum
396 321 589 373 Valerio,
611 322 731 381 quod
763 322 1014 381 adpellatur
1035 319 1179 369 chara,
1216 318 1336 376 quod
1373 315 1615 360 admixtum
1645 314 1758 357 lacte

277 382 463 424 multum
498 382 688 440 inopiam
719 382 909 425 levabat.
965 380 1017 422 Id
1040 378 1095 422 ad
1117 377 1441 420 similitudinem
1468 375 1586 434 panis
1606 374 1759 418 efficie-

279 441 399 483 bant.
470 440 576 500 Ejus
617 450 713 484 erat
752 456 908 499 magna
948 438 1088 498 copia.
1167 437 1235 479 Ex
1276 436 1356 479 hoc
1398 436 1571 478 effectos
1610 449 1758 492 panes,

278 516 414 557 quum
438 501 497 566 ‘in
534 500 772 556 conloquiis
811 497 1059 557 Pompeiani
1092 496 1247 538 famem
1279 495 1435 537 nostris
1470 495 1759 552 objectarent,

281 559 415 616 vulgo
437 574 480 602 ln
498 575 570 602 eos
583 559 816 617 jaciebant,
840 567 891 601 ut
905 573 1024 615 spem
1045 571 1194 599 eorum
1209 554 1464 596 minuerent.

339 618 410 660 49.
444 618 634 676 Jamque.
656 618 876 660 frumenta
898 625 1188 659 maturescere
1220 612 1483 670 incipiebant
1515 618 1648 668 atque
1670 608 1764 667 ipsa

280 693 373 735 spes
396 677 585 735 inopiam
606 677 894 726 sustentabat,
915 675 1030 733 quod
1052 673 1253 717 celeriter
1283 687 1324 713 se
1351 669 1577 712 habituros
1595 669 1763 726 copiam
1782 701 1783 704 ,

282 734 560 778 confidebant
581 751 590 776 :
623 736 874 793 crebraeque
895 750 1018 776 voces
1044 733 1233 775 militum
1255 731 1299 773 in
1326 728 1487 787 vigiliis
1509 727 1765 783 conloquiis-

284 810 370 852 que
392 794 697 844 audiebantur,
735 801 763 819 “
784 794 903 853 prius
936 810 979 836 se
1015 793 1173 834 cortice
1203 806 1257 832 ex
1293 788 1524 831 arboribus
1557 785 1764 836 victuros,

283 859 313 880 ‘⁴
333 869 464 911 quam
488 854 744 912 Pompeium
773 872 795 896 e
829 853 1025 895 manibus
1054 849 1346 892 dimissuros.”
1408 846 1619 888 Libenter
1636 844 1768 886 etiam

283 929 337 955 ex
359 913 559 972 perfugis
591 913 923 972 cognoscebant,
962 925 1095 967 equos
1130 925 1282 951 eorum
1324 905 1398 948 vix
1434 904 1631 952 tolerari,
1669 903 1767 945 reli-

285 988 374 1030 qua
395 988 500 1016 vero
518 973 714 1030 jumenta
735 972 930 1014 interisse
950 986 960 1018 ;
993 970 1059 1012 uti
1088 977 1237 1010 autem
1268 967 1380 1024 ipsos
1400 962 1653 1006 valetudine
1683 977 1769 1005 non

285 1032 416 1081 bona,
454 1048 591 1089 quum
628 1032 836 1089 angustiis
874 1031 973 1079 loci,
1004 1038 1049 1071 et
1085 1028 1216 1070 odore
1248 1034 1364 1067 tetro
1397 1039 1450 1065 ex
1489 1020 1772 1064 multitudine

286 1090 564 1141 cadaverum,
596 1101 639 1134 et
663 1091 927 1148 quotidianis
960 1087 1198 1136 laboribus,
1232 1084 1422 1127 insuetos
1443 1096 1644 1139 operum,
1676 1089 1772 1122 tum

289 1167 412 1208 aquae
443 1167 608 1193 summa
640 1150 786 1208 inopia
821 1149 1043 1191 adfectos:
1094 1144 1235 1186 omnia
1276 1143 1390 1183 enim
1428 1140 1604 1182 flumina
1640 1148 1773 1196 atque

291 1225 435 1252 omnes
456 1210 585 1259 rivos,
607 1211 680 1269 qui
703 1210 758 1252 ad
781 1225 898 1250 mare
922 1205 1215 1265 pertinebant,
1251 1201 1395 1243 Caesar
1423 1206 1501 1240 aut
1533 1206 1774 1250 averterat,

291 1277 368 1310 aut
386 1269 550 1327 magnis
571 1268 777 1326 operibus
788 1268 1081 1310 obstruxerat.
1147 1263 1312 1318 Atque,
1337 1268 1386 1301 ut
1402 1266 1526 1301 erant
1542 1257 1637 1300 loca
1657 1272 1777 1300 mon-

294 1335 418 1370 tuosa
446 1337 490 1370 et
518 1327 573 1369 ad
596 1343 748 1383 specus
770 1324 980 1382 angustiae
1001 1322 1195 1370 vallium,
1217 1320 1309 1369 has,
1340 1316 1514 1361 sublicis
1544 1316 1587 1359 in
1609 1324 1775 1359 terram

298 1507 443 1538 operose
462 1496 656 1534 docentem,
676 1493 756 1536 quis
774 1493 830 1524 ille
848 1490 1006 1523 Valerius

299 1540 409 1573 fuerit.
434 1541 483 1572 M.
510 1542 619 1578 Putat,
635 1539 738 1570 fuisse.
760 1539 799 1569 L.
833 1538 1006 1567 Valerium

302 1587 479 1623 Flaccum,
520 1585 608 1616 Asiae
647 1581 882 1614 Mithridatico
913 1579 1006 1611 bello

302 1631 495 1663 Praetorcm.
517 1640 548 1660 v.
573 1640 603 1660 c.
629 1630 680 1659 53.
697 1638 716 1658 a
732 1637 800 1668 quo
817 1625 943 1657 milites
960 1623 1007 1653 le-

304 1674 415 1716 gionis
445 1674 510 1704 XX
541 1673 683 1709 vitricis,
710 1682 785 1712 quar·
819 1680 895 1701 cum
931 1667 1007 1709 ipso

303 1724 386 1755 crat,
412 1718 583 1750 Valeriani
598 1716 691 1748 dicti.
737 1716 790 1746 Cl'.
808 1714 875 1745 Dio
893 1715 946 1749 35,
971 1712 1006 1741 Η

303 1769 336 1794 et
353 1765 407 1800 36,
423 1764 475 1794 29.
520 1763 549 1793 ls
569 1763 723 1793 salmas
749 1770 768 1790 a
794 1758 923 1794 lwzato
947 1766 1008 1787 suo

308 1807 458 1838 Fimbria
470 1809 509 1838 A.
520 1807 561 1838 U.
576 1808 652 1837 668.
663 1806 906 1837 intersectusx.
922 1800 1011 1830 Vell.

306 1855 339 1890 2,
369 1855 423 1883 2⁴.
469 1852 564 1883 Unde
595 1850 699 1882 iidem
728 1848 854 1880 milites
875 1858 894 1878 a
921 1845 1011 1876 l'lut.

306 1895 339 1928 in
360 1896 429 1928 vita
453 1894 589 1928 Luculli
604 1905 634 1926 c.
652 1896 684 1925 7.
704 1893 896 1926 Fimbriam
922 1889 1011 1921 salu-

304 1947 425 1972 tantur.

359 1987 489 2018 Chara-
518 1984 553 2016 Si
570 1985 611 2016 de
629 1984 792 2024 scriptura
806 1980 906 2022 hujus
920 1977 1014 2009 verbi

313 2029 396 2061 satis
426 2034 604 2068 constaret,
642 2027 817 2066 (scribitur
852 2024 941 2055 enim
981 2021 1014 2052 in

313 2074 410 2105 codd.
423 2080 455 2105 et
468 2074 626 2104 ant.edd.
640 2074 758 2109 chara,
773 2073 883 2104 chata.
900 2068 1016 2105 catha,

316 2119 499 2160 voluntque
515 2128 627 2149 rursus
642 2115 702 2147 alii
728 2114 796 2156 legi
821 2124 932 2150 carew,
955 2110 1015 2142 alii

314 2164 434 2199 chero)
461 2162 601 2194 fortasse
630 2165 743 2202 posset
766 2157 897 2199 aliquid
920 2166 1016 2196 repe-

315 2207 394 2246 riri;
418 2206 481 2238 etsi
498 2206 587 2238 nihil
602 2203 776 2237 difficilius
800 2201 940 2233 definitu
968 2205 1018 2230 est

316 2251 386 2284 illis
412 2251 600 2294 plantarum
630 2248 839 2282 nominibus.
874 2255 950 2286 quae
984 2243 1017 2275 in

318 2302 468 2328 veterum
501 2294 635 2336 scriptis
672 2296 860 2324 occurrunt.
908 2289 1018 2325 Nunc,

318 2351 395 2373 cum
411 2350 451 2371 ne
476 2340 516 2371 de
542 2338 682 2371 nomine
711 2337 848 2378 quidem
877 2338 1020 2370 constet,

317 2385 393 2427 quis
407 2384 494 2416 ausit
509 2395 581 2416 rem
594 2382 759 2415 definire?
784 2377 943 2419 Plerique
961 2387 1020 2418 pe-

318 2435 393 2461 tunt
413 2427 546 2469 aliquid
573 2426 759 2470 adjumenti
782 2425 895 2456 eloco
913 2420 1020 2453 Plini-

319 2484 383 2506 ano
400 2474 446 2504 H.
463 2472 505 2504 N.
525 2475 576 2511 19,
592 2476 624 2510 8,
639 2474 677 2503 41
696 2470 812 2509 extra),
831 2467 892 2499 ubi
907 2466 1021 2497 Caesa-

320 2518 364 2550 ris
377 2516 504 2549 milites
517 2517 607 2558 apud
621 2514 868 2557 Dyrrhachium
879 2513 1022 2553 lapsana

320 2561 447 2594 vixisse
469 2561 638 2599 dicuntur,
663 2569 767 2601 quam
794 2558 943 2599 plantam
960 2554 1021 2585 ho-

321 2607 460 2639 dienum
474 2604 628 2637 botanici
653 2603 866 2639 describunt,
886 2609 1023 2631 eorum-

322 2661 390 2693 que
422 2649 576 2681 nonnulli
606 2653 738 2679 vertunt
771 2646 887 2679 wiltler
921 2644 1022 2675 Kohl.

323 2697 388 2728 Sed
418 2700 556 2726 monent
581 2693 698 2731 etiam,
732 2691 849 2723 caules
884 2687 1023 2729 quidem

323 2742 397 2783 ejus
412 2746 445 2770 et
459 2739 543 2770 folia
557 2736 662 2769 victui
679 2735 854 2773 inservire,
881 2742 948 2764 non
963 2742 1026 2763 au-

323 2792 392 2817 tem
418 2783 511 2825 (quae
536 2788 586 2814 est
614 2779 780 2812 Harduini
804 2779 847 2810 ad
874 2776 1024 2809 Plinium

324 2828 509 2867 sententia)
543 2836 624 2858 eum
660 2824 739 2856 inde
779 2821 897 2866 parari·
926 2831 1027 2863 posse

328 2884 486 2911 massam,
500 2882 578 2914 quae
594 2870 629 2902 in
642 2880 746 2911 panes
760 2869 930 2900 formetur.
976 2865 1025 2896 Ac

326 2919 465 2951 sortasse
479 2915 618 2959 quidem
632 2914 724 2947 dieat
739 2912 878 2956 aliquis,
894 2915 1025 2943 utcum-

1075 1498 1140 1530 que
1180 1487 1258 1518 inde
1298 1485 1460 1517 formatos
1497 1494 1571 1516 esse
1610 1484 1777 1525 quosdam

1076 1542 1180 1574 panes
1196 1531 1240 1562 ab
1258 1529 1322 1567 his,
1343 1529 1403 1571 qui
1421 1539 1553 1560 summa
1569 1528 1685 1570 inopia
1703 1539 1779 1569 pre-

1077 1583 1267 1613 merentur;
1292 1574 1349 1605 sed
1372 1579 1405 1604 vt
1431 1572 1624 1604 llarduinus
1647 1572 1733 1603 nihil
1759 1583 1780 1603 a

1078 1631 1157 1652 vero
1188 1619 1375 1650 abhorrens
1403 1616 1548 1654 censuit,
1582 1628 1659 1647 cum
1683 1615 1781 1655 dixit,

1078 1664 1204 1696 milites
1214 1662 1368 1699 Cet-saris,
1383 1667 1499 1703 praeter
1514 1661 1700 1701 lapsanam,
1718 1659 1780 1691 illo

1076 1715 1229 1750 tempore
1252 1704 1355 1738 etiam
1381 1705 1447 1736 aliu
1471 1704 1586 1736 radice.
1601 1706 1643 1736 ad
1662 1704 1782 1746 panifi-

1078 1753 1169 1784 cium
1187 1763 1267 1783 usos
1282 1762 1369 1789 esse,
1389 1759 1465 1791 quae
1479 1749 1572 1780 radix
1590 1749 1622 1780 in
1638 1748 1784 1780 Caesaris

1080 1797 1178 1830 libris
1192 1796 1361 1828 scribatur
1382 1796 1502 1825 clastra.
1527 1793 1560 1824 Si
1578 1804 1660 1834 ergo
1675 1794 1784 1824 chara

1079 1849 1130 1874 est
1159 1841 1251 1873 aliud
1277 1838 1375 1882 quid,
1403 1848 1506 1880 quam
1532 1839 1701 1879 lapsnna;
1727 1843 1786 1868 aut

1081 1888 1200 1918 saltem
1215 1896 1288 1917 csse
1313 1889 1444 1926 potest:
1470 1892 1536 1913 non
1559 1881 1639 1913 licet
1662 1894 1681 1913 e
1705 1881 1784 1913 loco

1087 1931 1187 1963 Plinii
1215 1930 1328 1961 locum
1361 1927 1506 1958 Cwsaris
1533 1936 1650 1957 secure
1684 1925 1786 1956 inter-

1084 1974 1223 2017 pretari,
1258 1973 1390 2013 eritque
1420 1971 1683 2011 agnoscendum,
1717 1979 1783 2001 non

1084 2026 1238 2052 constare
1251 2017 1353 2049 nobis
1366 2017 1406 2046 de
1424 2015 1486 2046 hac
1503 2015 1627 2046 radice.
1647 2015 1696 2045 M.
1720 2013 1785 2045 Rei

1085 2064 1269 2095 meminere
1296 2061 1434 2092 Sueton.
1459 2070 1490 2090 c.
1516 2061 1568 2090 68.
1585 2064 1618 2090 et
1634 2057 1784 2099 Appian.

1085 2110 1125 2140 C.
1155 2112 1188 2145 Q,
1216 2107 1268 2137 61.
1297 2104 1357 2136 ubi
1388 2103 1625 2135 locoradicis
1655 2107 1785 2144 ponunt

1088 2152 1243 2184 herbam.
1290 2150 1380 2181 Plut.
1407 2148 1441 2179 in
1468 2146 1554 2179 Caes.
1572 2159 1605 2179 c.
1621 2148 1674 2186 39,
1699 2146 1788 2178 radi-

1089 2208 1162 2228 cem
1182 2201 1293 2227 vocat.
1312 2194 1410 2226 Plura
1427 2193 1470 2223 de
1489 2192 1550 2224 hac
1568 2194 1673 2224 chara
1689 2190 1787 2222 dabit

1087 2240 1252 2273 Mantissa
1266 2244 1378 2270 nostra
1391 2236 1684 2268 observationum.

1133 2286 1232 2317 Adm.
1262 2286 1359 2317 lacte.
1386 2280 1446 2313 alii
1471 2282 1560 2319 lacti,
1587 2286 1788 2312 consuetum

1089 2330 1208 2371 magis.
1663 2322 1670 2329 ⁸

1134 2375 1300 2406 Libenter.
1342 2370 1455 2414 Vulgo
1463 2371 1660 2412 frequenter
1673 2374 1788 2400 contra

1086 2420 1188 2452 codd.
1222 2419 1270 2449 M.

1138 2464 1300 2496 Tolerari.
1324 2472 1359 2493 v.
1375 2461 1449 2493 lnd.
1464 2457 1680 2499 -Inopiam
1703 2456 1798 2498 hang

1089 2509 1251 2540 Lucanus
1266 2507 1316 2546 (6,
1332 2509 1372 2537 80
1390 2505 1479 2546 sqq.)
1491 2504 1577 2535 bene
1593 2499 1791 2542 descripsit.

1093 2554 1142 2585 M.
1166 2550 1382 2583 Praemissum
1398 2552 1453 2581 via:
1466 2547 1582 2580 deficit
1596 2546 1630 2576 in
1645 2546 1745 2577 codd.
1759 2549 1793 2576 et

1090 2598 1169 2628 edd.
1182 2601 1249 2628 vet.

1139 2642 1195 2673 Ea:
1230 2638 1400 2671 multitud.
1451 2636 1565 2674 vulgo
1595 2639 1626 2666 et
1664 2633 1791 2674 inepte.

1092 2683 1294 2718 Emendavit
1320 2682 1440 2714 Davis.
1463 2692 1482 2712 e
1505 2679 1603 2712 codd.
1635 2677 1689 2709 Cf.
1706 2678 1792 2709 Gro-

1093 2741 1171 2762 nov.
1188 2729 1276 2759 Obs.
1290 2730 1321 2766 4,
1341 2728 1393 2757 17.

1139 2774 1299 2815 ΑιΖῘεοίος.
1345 2771 1421 2801 Hoc
1445 2768 1571 2800 habent
1592 2767 1693 2799 codd.
1718 2766 1794 2807 plu-

1094 2819 1171 2851 rimi
1187 2817 1325 2859 quidam
1348 2815 1512 2853 [alliceret.
1564 2812 1659 2844 Male
1688 2811 1794 2842 deleri

1096 2873 1217 2895 vocem
1230 2861 1351 2902 jubent
1362 2858 1478 2889 Ciacc.
1495 2862 1529 2888 et
1544 2856 1705 2898 Scaliger.

1143 2908 1315 2949 Anyusle'oe
1330 2904 1473 2936 valliam
1499 2902 1546 2934 acl
1571 2911 1697 2944 specus,
1724 2898 1746 2931 i.
1764 2910 1796 2930 e.
