1946 3261
254 181 341 225 530
467 184 522 225 A.
557 176 760 225 HIRTII
793 176 877 225 DE
909 180 1112 225 BELLO
1146 177 1490 228 AFRICANO.

256 323 342 366 que
364 315 508 365 partes
528 305 676 357 vellet,
709 306 1065 365 proficisceretur.
1128 307 1242 366 Ipse,
1271 308 1471 352 omnibus
1490 309 1620 352 rebus
1637 308 1733 353 dili-

255 365 498 422 gentissime
519 365 779 415 constitutis,
812 365 957 409 liberis
987 367 1072 409 suis
1099 366 1152 409 L.
1178 367 1351 417 Caesari,
1381 368 1457 425 qui
1479 375 1574 410 tum
1593 367 1732 426 cipro

257 424 479 473 Quaestore
499 422 662 474 fuerat,
677 424 996 475 commendatis,
1017 434 1062 468 et
1079 424 1168 467 sine
1185 425 1441 483 suspicione,
1458 425 1587 469 vultu
1602 433 1734 483 atque

253 497 463 531 sermone,
485 498 573 540 quo
593 483 814 541 superiore
831 492 1024 541 tempore
1042 500 1141 526 usus
1161 483 1322 534 fuerat,
1341 500 1477 541 quum
1497 483 1735 526 dormitum

254 539 372 589 isset,
393 539 557 584 ferrum
577 540 692 585 intro
713 542 823 585 clam
849 543 891 585 in
912 542 1161 585 cubiculum
1183 542 1286 585 tulit
1305 550 1437 600 atque
1459 542 1521 585 ita
1539 557 1583 585 se
1600 550 1736 585 trans-

252 597 374 656 jecit.
438 599 526 649 Qui
561 615 695 657 quum
734 600 874 643 anima
909 601 1100 643 nondum
1135 601 1352 659 exspirata
1390 600 1642 645 concidisset
1675 608 1737 650 et,

258 657 414 714 inpetu
431 657 547 701 facto
577 658 622 701 in
641 659 886 702 cubiculum
919 675 970 702 ex
997 659 1253 717 suspicione,
1280 659 1467 703 medicus
1495 659 1739 702 familiares-

258 730 345 773 que
385 716 604 761 continere
643 726 775 774 atque
812 717 969 760 vulnus
1008 717 1203 773 obligare
1243 717 1486 775 coepissent,
1527 717 1616 775 ipse
1652 715 1741 759 suis

257 773 456 818 manibus
474 775 630 819 vulnus
649 773 940 817 crudelissime
968 774 1138 816 divellit
1158 782 1290 831 atque
1310 774 1453 818 animo
1474 775 1675 833 praesenti
1694 791 1739 818 se

255 831 490 876 interemit.
565 834 703 883 Quem
741 832 983 881 Uticenses,
1022 848 1285 889 quamquam
1321 832 1505 876 oderant
1544 833 1739 891 partium

257 890 415 949 gratia,
449 900 589 934 tamen
620 900 800 949 propter
822 890 912 948 ejus
938 890 1199 948 singularem
1221 891 1516 949 integritatem
1534 900 1594 940 et,
1620 891 1739 948 quod

256 947 563 993 dissimillimus
602 949 869 1007 reliquorum
902 950 1076 992 Ducum
1117 949 1277 999 fuerat,
1318 949 1525 1008 quodque
1562 949 1741 993 Uticam

260 1006 447 1052 mirificis
474 1007 678 1066 operibus
708 1007 924 1050 munierat
955 1017 1183 1066 turresque
1203 1016 1400 1058 auxerat,
1422 1008 1649 1067 sepultura
1667 1007 1740 1051 ad·-

259 1064 425 1111 ficiunt.
488 1067 587 1116 Quo
626 1066 871 1116 interfecto,
913 1066 963 1109 L.
996 1067 1152 1117 Caesar,
1191 1067 1356 1124 aliquid
1395 1067 1475 1110 sibi
1516 1082 1570 1110 ex
1603 1082 1654 1110 ea
1693 1082 1741 1110 re

258 1124 407 1168 auxilii
427 1133 562 1173 ratus,
583 1132 820 1168 convocato
841 1126 1020 1183 populo,
1056 1125 1259 1169 concione
1291 1125 1456 1175 habita,
1484 1124 1742 1170 cohortatur

261 1198 417 1234 omnes,
435 1190 485 1224 ut
538 1190 644 1226 ortae
664 1183 957 1242 aperirentur:
990 1201 1032 1227 se
1054 1184 1097 1228 in
1116 1185 1167 1227 C.
1186 1184 1362 1227 Caesaris
1381 1183 1607 1226 clementia
1621 1199 1740 1242 mag·-

261 1256 358 1284 nam
376 1256 493 1298 spem
542 1242 683 1285 abere.
747 1241 916 1299 Itaque,
947 1243 1083 1301 portis
1101 1242 1343 1301 patefactiS,
1377 1242 1512 1287 Utica
1530 1257 1740 1300 egressus,

261 1299 419 1341 Caesari
441 1298 702 1359 Imperatori
737 1300 906 1343 obviam
939 1301 1238 1359 proficiscitur.
1304 1300 1522 1351 Messalla,
1558 1309 1610 1343 ut
1643 1308 1742 1345 erat

255 1357 535 1425 imperatum,
569 1358 748 1402 Uticam
790 1362 988 1418 pervenit
1026 1360 1313 1418 omnibusque
1349 1360 1488 1418 portis
1527 1359 1741 1404 custodias

258 1424 396 1475 ponit.

311 1474 384 1517 89.
419 1475 561 1518 Caesar
575 1473 761 1526 interim,
779 1492 805 1519 a
824 1475 997 1535 Thapso
1016 1492 1283 1536 progressus,
1299 1478 1505 1521 Uscetam
1523 1475 1738 1536 pervenit,

254 1533 331 1576 ubi
357 1533 503 1592 Scipio
532 1549 737 1592 magnum
767 1535 971 1579 frumenti
1004 1551 1246 1586 numerum,
1283 1551 1517 1586 armorum,
1550 1535 1737 1578 telorum

255 1600 582 1650 ceterarumque
603 1608 765 1644 rerum,
793 1610 892 1637 cum
913 1611 1049 1654 parvo
1079 1596 1277 1655 praesidio
1303 1595 1530 1640 habuerat.
1593 1593 1645 1637 ld
1663 1592 1740 1636 ad-

312 1737 369 1769 Ita
383 1746 416 1768 se
429 1737 613 1777 transjecit.
641 1736 693 1767 De
710 1741 817 1768 morte
831 1736 972 1768 Catonis

268 1780 384 1821 utique
400 1780 563 1821 legendus
580 1779 779 1811 Plutarchus
802 1781 833 1810 d.
852 1781 873 1811 l.
894 1790 971 1821 cap.

270 1825 308 1856 6⁶1
325 1835 396 1865 sqq.
421 1824 554 1864 Nempe
568 1823 696 1854 curatis
709 1823 870 1855 omnibus
886 1824 970 1865 pub-

268 1867 344 1900 licis
365 1867 569 1909 privatisque
587 1865 746 1908 negotiis,
767 1867 891 1899 balneo
905 1867 973 1898 uti-

271 1919 340 1951 tur3
363 1918 433 1943 tum
450 1921 558 1948 coena,
582 1910 615 1941 in
637 1920 705 1951 qua
726 1921 802 1942 cum
820 1911 973 1952 philoso-

272 1956 351 1998 phis
364 1956 471 1987 multa
497 1956 539 1987 de
556 1953 719 1996 sapientis
734 1955 889 1986 libertate
904 1954 974 1985 dis-

272 2005 384 2041 putat3
418 1999 466 2031 sic
497 1998 655 2031 cubitum
687 1997 723 2029 it.
778 1998 829 2030 lbi
859 1999 972 2039 gladio

272 2043 472 2082 desiderato,
507 2052 608 2084 quem
650 2041 740 2073 filius
776 2048 975 2081 removerat,

271 2088 365 2126 (nam
383 2088 488 2118 multa
501 2092 571 2118 erat
588 2085 740 2126 suspicio
753 2086 860 2124 necis,
873 2097 974 2128 quam

272 2131 358 2162 Cato
390 2130 509 2161 inferre
539 2129 605 2161 sibi
632 2129 819 2167 moliretur)
847 2130 974 2161 tamdiu

275 2174 380 2206 servis
395 2174 507 2212 instat,
518 2174 623 2204 donec
638 2172 671 2203 ei
683 2174 866 2213 adferatur,
877 2181 975 2215 atque

275 2228 380 2249 unum
411 2227 580 2249 servorum
610 2217 832 2248 recusantium
864 2228 976 2259 pugno

275 2261 429 2303 percutit.
476 2262 565 2291 Dum
592 2270 670 2301 ergo
698 2261 850 2292 Platonis
882 2262 977 2293 Phae-

276 2307 399 2337 donem
424 2304 520 2346 legit,
542 2303 783 2335 obdormiscit:
816 2316 977 2347 experge-

275 2350 385 2381 factus
397 2348 494 2380 varia
512 2347 657 2385 mandat,
680 2348 886 2389 remotisque
903 2360 976 2380 om-

274 2393 374 2425 nibus
390 2393 526 2424 tandem
541 2401 576 2423 se
590 2390 763 2432 transjicit.
788 2393 836 2422 M.

321 2439 386 2472 Qui
407 2447 523 2479 quum.
569 2434 641 2466 Alii
666 2436 729 2469 Qui
748 2435 842 2468 (lum.
865 2435 977 2468 minus

276 2487 381 2514 recte.

322 2525 530 2558 Concidisset.
574 2522 604 2554 E
626 2522 714 2554 lecto
738 2521 873 2561 decidit,
894 2523 977 2564 quia

277 2570 398 2602 vulnus
419 2579 485 2601 non
513 2566 592 2599 satis
613 2566 679 2598 alte.
702 2567 920 2598 descenderat
942 2567 974 2599 in

276 2619 437 2646 ventrem.
483 2612 572 2653 Ergo
590 2609 750 2651 strepitus
763 2610 890 2642 accivit
904 2621 976 2651 θος,

275 2658 334 2700 qui
350 2663 426 2689 ante
440 2655 638 2688 cubiculum
652 2659 756 2685 erant.
779 2655 830 2684 M.

327 2702 498 2733 Continere
519 2699 595 2732 scil.
611 2698 743 2730 vulnus.
789 2696 872 2729 Cod.
890 2699 977 2730 Nor-

278 2745 346 2778 vic.
375 2755 452 2777 cum
479 2749 598 2776 tenere.
635 2743 723 2774 unde
752 2741 870 2773 Davis.
899 2754 977 2774 eum

276 2795 394 2822 temere.
441 2787 544 2826 Quod
570 2796 650 2819 mox
676 2785 827 2828 sequitur
847 2787 979 2825 vulnus,

275 2832 379 2865 deleri
393 2833 465 2865 vult
480 2830 642 2863 Juriuius.

322 2877 364 2909 Se
378 2877 551 2915 interemit,
563 2884 629 2909 non
644 2872 787 2917 repetito
805 2872 872 2908 ictu
882 2885 892 2915 3
916 2873 974 2906 sed

1036 1737 1117 1777 quia
1156 1736 1277 1768 fascias
1315 1742 1351 1768 et
1388 1735 1510 1767 vulnus
1546 1733 1741 1767 divulserat.

1037 1780 1191 1811 Conserri
1222 1786 1332 1821 potest
1358 1779 1539 1821 Appianus
1569 1780 1600 1817 3,
1628 1780 1681 1809 98.
1709 1789 1742 1819 p.

1038 1825 1113 1855 489.
1131 1835 1179 1864 sq.
1225 1823 1294 1854 Dio
1314 1823 1410 1854 Cass.
1427 1826 1481 1860 43,
1507 1823 1558 1854 ll.
1581 1822 1642 1863 qui
1663 1831 1742 1853 cum

1038 1877 1224 1908 cognomen
1238 1867 1406 1898 Uticensis
1418 1866 1535 1898 tulisse
1547 1866 1651 1904 addit,
1660 1865 1744 1907 quia

1038 1917 1072 1942 et
1087 1911 1197 1943 Uticae
1211 1911 1310 1949 obiit,
1323 1918 1356 1942 et
1367 1911 1411 1942 ab
1423 1909 1640 1942 Uticensibus
1655 1916 1743 1951 puo-

1038 1955 1104 1987 lice
1119 1956 1270 1997 sepultus
1281 1962 1343 1986 est.
1384 1954 1549 1996 Reliquos
1562 1953 1744 1995 scriptores

1039 1999 1163 2031 multos
1178 1998 1363 2035 nominare,
1378 2008 1444 2030 non
1459 1998 1599 2030 adtinet.
1622 1997 1673 2029 M.

1086 2045 1246 2075 Auserat.
1273 2043 1336 2074 Ed.
1351 2041 1436 2073 Ven.
1447 2046 1612 2074 eve-verae.
1633 2040 1744 2073 Bentl.

1039 2087 1138 2118 malit
1153 2087 1299 2119 turribus
1314 2090 1470 2118 muter-al.

1086 2131 1126 2161 L.
1143 2133 1256 2162 Coesar
1269 2148 1314 2153 --
1325 2135 1479 2172 pararet.
1523 2128 1662 2171 Optime
1677 2129 1742 2160 Pe-

1040 2174 1211 2205 tax-ianus:
1240 2175 1278 2206 L.
1294 2176 1418 2210 Coesar,
1433 2173 1564 2209 aliauid
1578 2174 1640 2204 sibi
1651 2183 1744 2205 aea

1039 2229 1075 2248 re
1102 2220 1226 2249 nutritii
1252 2224 1362 2250 ratus.-
1393 2218 1483 2258 quod
1512 2217 1742 2257 reponendum

1041 2261 1195 2293 arbitror.
1228 2262 1313 2293 Oud.
1360 2262 1394 2292 ln
1425 2260 1503 2292 aliis
1533 2259 1742 2301 quibusdam

1040 2312 1090 2336 est
1103 2317 1109 2336 :
1133 2311 1170 2337 ut
1179 2305 1311 2347 aliquid
1322 2306 1384 2335 sibi
1395 2315 1435 2336 ea
1446 2314 1497 2335 res
1509 2305 1740 2336 auxiliaretur.

1044 2349 1189 2391 Vulgata
1205 2354 1253 2380 est
1268 2359 1286 2380 e
1303 2349 1379 2381 cod.
1395 2347 1526 2385 Ursini,
1537 2353 1570 2378 et
1585 2352 1637 2378 est
1650 2356 1740 2378 vera.

1041 2393 1091 2424 M.
1131 2393 1219 2424 Oud.
1238 2392 1270 2423 in
1289 2392 1370 2424 edit.
1386 2392 1531 2424 secunda
1547 2390 1740 2428 lectionem,

1038 2447 1115 2477 quae
1145 2436 1327 2477 placuerat,
1352 2435 1503 2468 exhibet.
1547 2434 1676 2466 Melior
1689 2434 1741 2465 vi-

1040 2480 1137 2510 detur
1157 2489 1257 2521 quam
1279 2480 1426 2521 vulg-ata,
1446 2489 1521 2520 quae
1544 2478 1592 2510 sic
1617 2477 1739 2510 habet:

1042 2529 1078 2555 ut
1094 2524 1227 2565 aliquid
1236 2525 1298 2556 sibi
1311 2534 1352 2556 ea:
1364 2534 1405 2556 ea
1414 2533 1450 2556 re
1462 2523 1586 2556 auxilii
1594 2524 1744 2564 pararet.

1041 2578 1162 2608 sequor
1179 2566 1268 2598 Oud.

1087 2613 1125 2643 C.
1136 2613 1288 2643 Caesaris.
1312 2612 1508 2645 Praenomen
1518 2607 1745 2641 addiditOud.

1039 2665 1059 2686 e
1075 2656 1173 2686 codd.

1087 2700 1256 2731 Messalla.
1301 2698 1354 2730 Cf.
1371 2709 1400 2730 c.
1417 2699 1470 2729 86.
1495 2697 1545 2728 M.

1091 2744 1252 2775 Uscetam.
1298 2743 1442 2774 videtur
1467 2751 1541 2773 esse
1566 2737 1741 2771 Ptolemaei

1041 2785 1187 2826 οὒζηιιία,
1236 2785 1404 2830 oppidum
1449 2784 1742 2818 meditemneum.

1042 2831 1165 2864 Cellar.
