1946 3261
212 327 466 384 Progressus
487 323 687 374 secunda,
710 332 760 368 ut
777 323 972 375 hiberna,
995 333 1268 384 tempestate,
1288 342 1424 385 quum
1444 326 1488 370 in
1510 325 1690 373 Iberum

209 385 367 426 flumen
387 384 525 426 noctis
543 383 733 426 vitandae
755 400 901 427 caussa
921 401 964 426 se
986 385 1253 435 contulisset,
1275 385 1374 429 inde
1394 386 1542 444 paullo
1563 386 1688 430 vehe-

209 442 417 485 mentiore
449 450 702 500 tempestate
733 443 866 485 nihilo
895 443 1174 501 periculosius
1204 461 1247 487 se
1270 445 1578 503 navigaturum
1599 461 1689 488 cre-

207 500 327 549 dens,
345 501 566 558 profectus
580 501 771 545 adversis
787 502 1003 552 fluctibus,
1017 503 1346 546 occurrentibus
1362 503 1471 546 ostio
1486 503 1687 556 fluminis,

207 559 250 601 in
279 560 380 616 ipsis
411 560 624 611 faucibus,
651 577 785 618 quum
822 576 963 618 neque
1001 561 1174 604 flectere
1206 563 1349 605 navim
1384 571 1569 620 propter
1599 563 1688 607 vim

206 617 406 668 fluminis,
443 634 582 677 neque
613 618 822 663 directam
854 620 984 664 tantis
1012 621 1216 664 fluctibus
1246 630 1393 665 tenere
1423 629 1582 681 posset,
1611 621 1687 665 de-

206 692 344 720 mersa
363 677 481 727 navi,
501 679 646 736 periit.
732 710 734 713 -

264 736 334 778 65.
370 737 518 786 Quum
539 737 582 780 in
606 737 775 796 Syriam
798 738 941 780 Caesar
975 753 1028 780 ex
1050 738 1248 798 AEgypto
1268 739 1453 782 venisset
1477 747 1612 797 atque
1631 738 1688 783 ab

201 796 267 844 iis,
309 795 386 853 qui
427 794 567 838 Roma
607 804 814 839 venerant
853 796 909 839 ad
949 812 1064 847 eum,
1106 806 1399 856 cognosceret,
1440 799 1688 857 litterisque

205 854 380 896 urbanis
412 854 794 906 animadverteret,
823 856 962 898 multa
991 855 1139 898 Romae
1170 857 1280 898 male
1309 865 1354 899 et
1383 857 1595 899 inutiliter
1612 857 1688 899 ad-

203 912 453 962 ministrari,
486 929 624 971 neque
655 915 789 956 ullam
823 922 993 972 partem
1028 914 1298 973 Reipublicae
1333 916 1435 958 satis
1465 915 1690 958 commode

203 971 320 1030 geri;
352 971 473 1029 quod
491 980 536 1015 et
555 974 904 1016 contentionibus
920 973 1180 1016 Tribuniciis
1197 974 1445 1030 perniciosae
1462 973 1691 1017 seditiones

204 1031 423 1073 orirentur
447 1040 506 1081 et,
535 1032 770 1075 ambitione
803 1040 934 1090 atque
968 1032 1237 1089 indulgentia
1260 1032 1555 1075 Tribunorum
1579 1033 1689 1075 mili-

202 1097 297 1132 tum
318 1097 362 1132 et
381 1089 457 1147 qui
479 1090 720 1148 legionibus
740 1099 970 1149 praeerant,
993 1091 1131 1133 multa
1159 1098 1312 1133 contra
1332 1106 1495 1133 morem
1516 1107 1689 1134 consue-

200 1147 485 1204 tudinemque
524 1149 757 1192 militarem
798 1148 965 1198 fierent,
1009 1165 1105 1206 quae
1139 1149 1417 1191 dissolvendae
1449 1149 1686 1208 disciplinae

201 1207 530 1263 severitatisque
558 1216 720 1256 essent3
751 1224 886 1265 eaque
909 1208 1050 1250 omnia
1077 1207 1274 1265 flagitare
1306 1208 1540 1250 adventum
1561 1224 1687 1250 suum

203 1265 388 1308 videret:
423 1272 565 1307 tamen
590 1267 907 1323 praeferendum
939 1266 1213 1315 existimavit,
1244 1282 1350 1323 quas
1381 1266 1423 1308 in
1446 1267 1687 1325 provincias

201 1324 482 1380 regionesque
503 1325 702 1374 venisset,
727 1340 795 1366 eas
816 1325 876 1366 ita
896 1325 1143 1380 relinquere
1160 1325 1433 1374 constitutas,
1456 1334 1506 1367 ut
1523 1325 1688 1368 domes-

201 1383 295 1424 ticis
334 1382 662 1425 dissensionibus
703 1383 1013 1432 liberarentur,
1047 1384 1146 1440 jura
1183 1383 1296 1441 leges
1332 1400 1384 1425 ue
1422 1384 1685 1442 acciperent,

200 1449 480 1483 externorum
521 1440 708 1483 hostium
746 1449 909 1483 metum
952 1441 1236 1499 deponerent.
1299 1400 1417 1485 cl-laec
1458 1443 1502 1485 in
1542 1443 1685 1502 Syria,

202 1499 371 1549 Cilicia,
395 1499 498 1541 Asia
517 1500 721 1543 celeriter
742 1516 784 1542 se
806 1501 1105 1543 confecturum
1125 1501 1341 1558 sperabat,
1364 1502 1482 1558 quod
1503 1501 1566 1544 hae
1586 1518 1686 1561 pro-

200 1558 350 1601 vinciae
378 1558 499 1601 nullo
520 1558 638 1600 bello
661 1559 983 1617 premebantur.
1048 1558 1097 1601 In
1122 1559 1327 1619 Bithynia
1354 1575 1403 1602 ac
1426 1560 1567 1603 Ponto
1588 1561 1686 1619 plus

201 1617 339 1659 oneris
372 1616 552 1659 videbat
586 1617 666 1660 sibi
702 1617 958 1675 inpendere:
1005 1633 1089 1660 non
1131 1618 1243 1660 enim
1283 1619 1505 1662 excessisse
1544 1619 1685 1662 Ponto

205 1676 469 1718 Pharnacem
504 1675 718 1725 audierat,
750 1692 889 1734 neque
921 1693 1191 1719 excessurum
1222 1679 1427 1735 putabat:
1460 1692 1595 1735 quum
1624 1695 1684 1721 se-

201 1734 345 1777 cundo
369 1733 523 1792 proelio
546 1734 819 1777 vehementer
850 1744 959 1777 esset
992 1736 1177 1785 inflatus,
1205 1736 1322 1792 quod
1353 1745 1506 1779 contra
1536 1737 1685 1779 Domi-

201 1794 312 1835 tium
336 1793 564 1835 Calvinum
598 1793 771 1835 fecerat.
837 1794 1141 1836 Commoratus
1175 1794 1264 1835 fere
1294 1795 1336 1836 in
1358 1795 1554 1836 omnibus
1582 1796 1684 1838 civi-

202 1852 383 1901 tatibus,
415 1868 511 1908 quae
532 1852 694 1909 majore
723 1860 822 1894 sunt
854 1852 1085 1910 dignitate,
1119 1853 1292 1909 praemia
1315 1853 1425 1895 bene
1455 1853 1619 1897 meritis
1641 1862 1685 1896 et

201 1911 363 1953 viritim
397 1918 441 1951 et
478 1911 651 1968 publice
684 1911 860 1954 tribuit:
906 1911 960 1952 de
995 1910 1298 1953 controversiis
1331 1911 1552 1954 veteribus
1584 1929 1685 1971 cog-

201 1970 339 2012 noscit
367 1985 416 2010 ac
437 1969 610 2011 statuit:
646 1969 804 2027 Reges,
827 1978 1046 2029 tyrannos,
1080 1971 1294 2028 Dynastas
1323 1970 1569 2027 provinciae,
1593 1971 1685 2014 fini-

202 2038 444 2084 tumosque,
467 2028 543 2085 qui
566 2044 708 2071 omnes
728 2029 782 2071 ad
804 2045 902 2071 eum
921 2037 1243 2077 concurrerant,
1263 2037 1458 2086 receptos
1478 2028 1521 2071 in
1541 2029 1682 2079 fidem,

203 2087 522 2129 conditionibus
556 2087 752 2145 inpositis
774 2088 1004 2145 provinciae
1031 2088 1198 2129 tuendae
1226 2104 1274 2129 ae
1303 2087 1600 2139 defendendae,
1621 2089 1685 2132 di-

201 2145 353 2193 mittit,
376 2154 419 2186 et
441 2146 519 2187 sibi
542 2155 585 2187 et
610 2146 778 2203 Populo
801 2147 996 2189 Romano
1017 2146 1304 2189 amicissimos.

261 2203 330 2245 66.
367 2203 519 2245 Paucis
549 2204 701 2246 diebus
730 2206 770 2246 in
801 2222 849 2248 ea
879 2205 1102 2264 provincia
1134 2204 1378 2255 consumtis,
1408 2205 1508 2247 Sex.
1547 2205 1683 2249 Caesa-

253 2333 364 2366 thm
392 2333 426 2362 ‘m
457 2333 595 2371 Syriam
608 2347 661 2362 --.
708 2331 811 2362 Redit
838 2342 910 2363 nar-

206 2376 290 2407 ratio
307 2375 348 2407 ad
364 2385 394 2406 c.
411 2377 464 2405 33.
488 2376 538 2406 M.

253 2420 366 2451 Multa
396 2420 511 2450 Roma?
540 2420 630 2450 male
651 2435 706 2449 --.
742 2418 812 2450 vid.
844 2419 911 2451 Dio

206 2464 301 2495 Cass.
319 2467 372 2502 4⁴2,
390 2465 430 2494 27
447 2480 491 2485 -
508 2466 561 2494 34.
608 2462 733 2503 Magna
757 2464 820 2494 suit
844 2466 910 2494 An-

206 2507 290 2539 tonii
308 2508 421 2548 culpa,
435 2513 471 2538 ut
485 2506 565 2538 urbs
578 2506 758 2540 militibus.
771 2507 910 2548 rapinis,

206 2552 369 2589 caedibus,
406 2551 623 2592 nequitiaque
669 2550 761 2582 omni
810 2551 908 2591 plena

206 2601 304 2627 esset.
342 2596 439 2627 Cous.
453 2595 625 2626 Plutarch.
642 2594 676 2626 in
693 2595 813 2625 Anton.
830 2606 859 2626 c.
877 2598 908 2626 8.

253 2685 431 2716 Inutiliter.
449 2684 564 2716 noxie.
607 2683 661 2715 Sic
676 2689 709 2714 et
723 2682 799 2713 Val.
816 2683 907 2715 Max.

206 2729 237 2763 7,
253 2732 284 2761 2.
306 2730 356 2758 Η.

253 2774 399 2803 Conterit.
421 2773 630 2803 Tribzmv'riis.
676 2771 862 2803 Dolabella*
877 2778 909 2802 et

205 2814 381 2846 Trebellii.
421 2816 488 2847 Dio
504 2817 598 2847 Cass.
616 2815 701 2846 ibid.
719 2826 749 2846 c.
766 2817 819 2846 29.
839 2817 885 2846 M.

254 2859 483 2899 Indnlqema.
529 2861 636 2891 Codd.
654 2859 804 2900 plerique
820 2860 909 2889 indi-

204 2903 354 2944 ligentia.
385 2903 487 2935 Bene.
518 2904 687 2945 Exempla
702 2903 771 2936 vid.
788 2903 821 2935 in
838 2904 907 2934 lud.

978 2333 1029 2363 M.
1067 2332 1140 2364 Non
1154 2332 1242 2363 male
1257 2337 1367 2363 tamen
1385 2332 1591 2373 indumen-tia
1604 2342 1684 2364 con-

976 2376 1068 2407 venit
1082 2387 1158 2407 cum
1175 2378 1366 2407 ambitione.
1415 2375 1484 2406 Nec
1498 2386 1579 2417 ergo
1596 2386 1682 2417 opus

976 2426 1025 2451 est
1042 2420 1186 2451 Bentleii
1206 2422 1382 2451 insolentia.
1398 2420 1451 2451 vel
1464 2421 1680 2461 myliqentia.

1023 2465 1250 2495 Dis-solvendae
1271 2465 1464 2505 disciplinae.
1508 2464 1680 2495 Intrudunt

977 2507 1078 2549 vulgo
1101 2519 1233 2539 caussa.
1255 2519 1325 2548 quo
1351 2518 1416 2538 non
1433 2518 1529 2548 opus.
1578 2507 1633 2539 Sic
1648 2512 1680 2538 et

976 2552 1107 2582 Terent.
1128 2553 1190 2583 Ad.
1211 2556 1243 2589 2,
1260 2556 1291 2584 4.
1310 2554 1339 2583 6.
1366 2551 1440 2583 Liv.
1458 2553 1512 2589 40,
1529 2553 1583 2582 29.
1611 2551 1681 2582 dis-

977 2596 1215 2627 solvendarum
1245 2596 1449 2636 religionum
1478 2606 1565 2633 esse,
1590 2595 1680 2636 quod

982 2639 1093 2671 Valor.
1110 2639 1159 2670 M.
1187 2641 1214 2672 1.
1235 2640 1262 2677 l,
1283 2642 1332 2670 12.
1357 2639 1465 2670 reddit
1489 2639 1530 2669 ad
1547 2638 1680 2670 solven-

977 2684 1053 2714 dam
1080 2683 1280 2723 religionem
1308 2684 1486 2724 pertinere.
1531 2681 1629 2713 Conf.
1644 2687 1678 2712 et

978 2727 1142 2758 Priscian.
1163 2729 1210 2757 18.
1229 2733 1261 2757 et
1276 2729 1398 2758 not.ad
1415 2728 1455 2759 C.
1477 2729 1568 2761 l,82.

1022 2773 1251 2802 Pharnacem.
1297 2771 1348 2802 (fif.
1365 2781 1395 2802 c.
1413 2773 1467 2801 41.
1494 2771 1541 2801 M.

1021 2815 1179 2846 Putabat.
1203 2814 1262 2845 alii
1278 2816 1442 2856 sperabat.

1022 2860 1285 2900 Finitmnosque.
1323 2858 1475 2890 Oudend.
1490 2855 1593 2889 deleri
1606 2855 1679 2887 vult

975 2913 1048 2944 que.
1098 2903 1214 2934 Recte..
1240 2903 1288 2934 M.
