<?xml version="1.0" encoding="UTF-8"?>
<!DOCTYPE html PUBLIC "-//W3C//DTD XHTML 1.0 Transitional//EN"
    "http://www.w3.org/TR/xhtml1/DTD/xhtml1-transitional.dtd">
<html xmlns="http://www.w3.org/1999/xhtml" xml:lang="en" lang="en">
 <head>
  <title>
</title>
<meta http-equiv="Content-Type" content="text/html;charset=utf-8" />
  <meta name='ocr-system' content='tesseract 3.04.00' />
  <meta name='ocr-capabilities' content='ocr_page ocr_carea ocr_par ocr_line ocrx_word'/>
</head>
<body>
  <div class='ocr_page' id='page_1' title='image "./commentariidebel00caesuoft_0559.png"; bbox 0 0 1946 3261; ppageno 0'>
   <div class='ocr_carea' id='block_1_1' title="bbox 591 247 1610 295">
    <p class='ocr_par' dir='ltr' id='par_1_1' title="bbox 591 247 1610 295">
     <span class='ocr_line' id='line_1_1' title="bbox 591 247 1610 295; baseline 0.003 -4"><span class='ocrx_word' id='word_1_1' title='bbox 591 247 709 292; x_wconf 88' lang='lat' dir='ltr'><strong>LIB.</strong></span> <span class='ocrx_word' id='word_1_2' title='bbox 771 248 909 291; x_wconf 89' lang='lat' dir='ltr'><strong>CAP.</strong></span> <span class='ocrx_word' id='word_1_3' title='bbox 944 248 1131 294; x_wconf 78' lang='lat'>70-72,</span> <span class='ocrx_word' id='word_1_4' title='bbox 1525 251 1610 295; x_wconf 83' lang='lat'>519</span> 
     </span>
    </p>
   </div>
   <div class='ocr_carea' id='block_1_2' title="bbox 115 374 1613 2317">
    <p class='ocr_par' dir='ltr' id='par_1_2' title="bbox 118 374 1609 890">
     <span class='ocr_line' id='line_1_2' title="bbox 123 374 1602 443; baseline 0.003 -26"><span class='ocrx_word' id='word_1_5' title='bbox 123 374 296 434; x_wconf 84' lang='lat' dir='ltr'>passim,</span> <span class='ocrx_word' id='word_1_6' title='bbox 317 374 531 418; x_wconf 87' lang='lat' dir='ltr'>conversis</span> <span class='ocrx_word' id='word_1_7' title='bbox 551 376 685 434; x_wconf 89' lang='lat' dir='ltr'>equis,</span> <span class='ocrx_word' id='word_1_8' title='bbox 709 393 752 419; x_wconf 91' lang='lat' dir='ltr'>se</span> <span class='ocrx_word' id='word_1_9' title='bbox 775 375 1050 442; x_wconf 85' lang='lat' dir='ltr'>conligebant</span> <span class='ocrx_word' id='word_1_10' title='bbox 1080 384 1220 443; x_wconf 89' lang='lat' dir='ltr'>atque</span> <span class='ocrx_word' id='word_1_11' title='bbox 1254 377 1297 421; x_wconf 88' lang='lat' dir='ltr'>in</span> <span class='ocrx_word' id='word_1_12' title='bbox 1325 376 1470 435; x_wconf 87' lang='lat' dir='ltr'>spatio</span> <span class='ocrx_word' id='word_1_13' title='bbox 1502 393 1602 423; x_wconf 90' lang='lat' dir='ltr'>con-</span> 
     </span>
     <span class='ocr_line' id='line_1_3' title="bbox 121 434 1605 503; baseline 0.002 -26"><span class='ocrx_word' id='word_1_14' title='bbox 121 434 417 492; x_wconf 82' lang='lat' dir='ltr'><strong>sequebantur</strong></span> <span class='ocrx_word' id='word_1_15' title='bbox 437 443 481 477; x_wconf 86' lang='lat' dir='ltr'>et</span> <span class='ocrx_word' id='word_1_16' title='bbox 493 435 668 493; x_wconf 86' lang='lat' dir='ltr'>jacula</span> <span class='ocrx_word' id='word_1_17' title='bbox 659 451 702 478; x_wconf 78' lang='lat' dir='ltr'>in</span> <span class='ocrx_word' id='word_1_18' title='bbox 719 434 974 493; x_wconf 86' lang='lat' dir='ltr'>legionarios</span> <span class='ocrx_word' id='word_1_19' title='bbox 995 434 1291 503; x_wconf 83' lang='lat' dir='ltr'>conjiciebant.</span> <span class='ocrx_word' id='word_1_20' title='bbox 1356 436 1426 479; x_wconf 88' lang='lat' dir='ltr'>Ita</span> <span class='ocrx_word' id='word_1_21' title='bbox 1444 437 1605 490; x_wconf 80' lang='lat' dir='ltr'>Caesar,</span> 
     </span>
     <span class='ocr_line' id='line_1_4' title="bbox 123 471 1603 549; baseline 0.004 -15"><span class='ocrx_word' id='word_1_22' title='bbox 123 492 251 534; x_wconf 91' lang='lat' dir='ltr'>modo</span> <span class='ocrx_word' id='word_1_23' title='bbox 305 493 560 543; x_wconf 87' lang='lat' dir='ltr'>rocedendO,</span> <span class='ocrx_word' id='word_1_24' title='bbox 582 493 709 536; x_wconf 90' lang='lat' dir='ltr'>modo</span> <span class='ocrx_word' id='word_1_25' title='bbox 734 471 988 542; x_wconf 79' lang='lat' dir='ltr'>resistendo,</span> <span class='ocrx_word' id='word_1_26' title='bbox 1013 493 1182 536; x_wconf 86' lang='lat' dir='ltr'>tardius</span> <span class='ocrx_word' id='word_1_27' title='bbox 1206 495 1357 538; x_wconf 89' lang='lat' dir='ltr'>itinere</span> <span class='ocrx_word' id='word_1_28' title='bbox 1388 495 1603 549; x_wconf 86' lang='lat' dir='ltr'>confecto,</span> 
     </span>
     <span class='ocr_line' id='line_1_5' title="bbox 121 509 1603 618; baseline 0.003 -24"><span class='ocrx_word' id='word_1_29' title='bbox 121 551 257 618; x_wconf 78' lang='lat' dir='ltr'>noctis</span> <span class='ocrx_word' id='word_1_30' title='bbox 273 509 381 596; x_wconf 65' lang='lat' dir='ltr'>lima</span> <span class='ocrx_word' id='word_1_31' title='bbox 399 551 538 610; x_wconf 88' lang='lat' dir='ltr'>prima</span> <span class='ocrx_word' id='word_1_32' title='bbox 558 568 702 594; x_wconf 89' lang='lat' dir='ltr'>omnes</span> <span class='ocrx_word' id='word_1_33' title='bbox 721 569 818 598; x_wconf 89' lang='lat' dir='ltr'>suos</span> <span class='ocrx_word' id='word_1_34' title='bbox 849 551 905 594; x_wconf 87' lang='lat' dir='ltr'>ad</span> <span class='ocrx_word' id='word_1_35' title='bbox 938 567 1070 594; x_wconf 89' lang='lat' dir='ltr'>unum</span> <span class='ocrx_word' id='word_1_36' title='bbox 1104 551 1148 595; x_wconf 91' lang='lat' dir='ltr'>in</span> <span class='ocrx_word' id='word_1_37' title='bbox 1181 554 1330 599; x_wconf 79' lang='lat' dir='ltr'>castris</span> <span class='ocrx_word' id='word_1_38' title='bbox 1352 554 1603 608; x_wconf 79' lang='lat' dir='ltr'>incolumes,</span> 
     </span>
     <span class='ocr_line' id='line_1_6' title="bbox 120 609 1608 662; baseline 0.003 -10"><span class='ocrx_word' id='word_1_39' title='bbox 120 610 272 657; x_wconf 82' lang='lat' dir='ltr'>sauciis</span> <span class='ocrx_word' id='word_1_40' title='bbox 307 609 455 652; x_wconf 91' lang='lat' dir='ltr'>decem</span> <span class='ocrx_word' id='word_1_41' title='bbox 474 610 626 660; x_wconf 82' lang='lat' dir='ltr'>factis,</span> <span class='ocrx_word' id='word_1_42' title='bbox 669 612 858 655; x_wconf 80' lang='lat' dir='ltr'>reduxit.</span> <span class='ocrx_word' id='word_1_43' title='bbox 923 610 1156 662; x_wconf 84' lang='lat' dir='ltr'>Labienus,</span> <span class='ocrx_word' id='word_1_44' title='bbox 1191 610 1364 655; x_wconf 81' lang='lat' dir='ltr'>circiter</span> <span class='ocrx_word' id='word_1_45' title='bbox 1403 614 1608 657; x_wconf 79' lang='lat' dir='ltr'>trecentis</span> 
     </span>
     <span class='ocr_line' id='line_1_7' title="bbox 118 668 1608 723; baseline 0.003 -12"><span class='ocrx_word' id='word_1_46' title='bbox 118 668 292 720; x_wconf 86' lang='lat' dir='ltr'>amissis,</span> <span class='ocrx_word' id='word_1_47' title='bbox 313 668 461 712; x_wconf 89' lang='lat' dir='ltr'>multis</span> <span class='ocrx_word' id='word_1_48' title='bbox 478 668 714 713; x_wconf 87' lang='lat' dir='ltr'>vulneratis</span> <span class='ocrx_word' id='word_1_49' title='bbox 732 685 782 712; x_wconf 88' lang='lat' dir='ltr'>ac</span> <span class='ocrx_word' id='word_1_50' title='bbox 798 670 971 714; x_wconf 86' lang='lat' dir='ltr'>defessis</span> <span class='ocrx_word' id='word_1_51' title='bbox 986 669 1187 713; x_wconf 83' lang='lat' dir='ltr'>instando</span> <span class='ocrx_word' id='word_1_52' title='bbox 1201 670 1414 723; x_wconf 90' lang='lat' dir='ltr'>omnibus,</span> <span class='ocrx_word' id='word_1_53' title='bbox 1433 671 1489 713; x_wconf 88' lang='lat' dir='ltr'>ad</span> <span class='ocrx_word' id='word_1_54' title='bbox 1508 689 1608 719; x_wconf 84' lang='lat' dir='ltr'>suos</span> 
     </span>
     <span class='ocr_line' id='line_1_8' title="bbox 120 725 1604 796; baseline 0.002 -26"><span class='ocrx_word' id='word_1_55' title='bbox 120 743 164 770; x_wconf 91' lang='lat' dir='ltr'>se</span> <span class='ocrx_word' id='word_1_56' title='bbox 186 725 362 787; x_wconf 88' lang='lat' dir='ltr'>recepit.</span> <span class='ocrx_word' id='word_1_57' title='bbox 412 726 585 795; x_wconf 85' lang='lat' dir='ltr'>Scipio</span> <span class='ocrx_word' id='word_1_58' title='bbox 575 728 750 772; x_wconf 86' lang='lat' dir='ltr'>mterim</span> <span class='ocrx_word' id='word_1_59' title='bbox 771 729 961 787; x_wconf 89' lang='lat' dir='ltr'>legiones</span> <span class='ocrx_word' id='word_1_60' title='bbox 978 728 1212 796; x_wconf 82' lang='lat' dir='ltr'>productas</span> <span class='ocrx_word' id='word_1_61' title='bbox 1224 745 1323 775; x_wconf 87' lang='lat' dir='ltr'>cum</span> <span class='ocrx_word' id='word_1_62' title='bbox 1344 728 1604 788; x_wconf 80' lang='lat' dir='ltr'>elephantis,</span> 
     </span>
     <span class='ocr_line' id='line_1_9' title="bbox 120 786 1609 847; baseline 0.003 -19"><span class='ocrx_word' id='word_1_63' title='bbox 120 801 228 843; x_wconf 87' lang='lat' dir='ltr'>quos</span> <span class='ocrx_word' id='word_1_64' title='bbox 255 793 353 828; x_wconf 84' lang='lat' dir='ltr'>ante</span> <span class='ocrx_word' id='word_1_65' title='bbox 374 795 514 831; x_wconf 89' lang='lat' dir='ltr'>castra</span> <span class='ocrx_word' id='word_1_66' title='bbox 547 786 589 830; x_wconf 89' lang='grc'>111</span> <span class='ocrx_word' id='word_1_67' title='bbox 619 788 710 831; x_wconf 86' lang='lat' dir='ltr'>acie</span> <span class='ocrx_word' id='word_1_68' title='bbox 738 788 917 835; x_wconf 86' lang='lat' dir='ltr'>terroris</span> <span class='ocrx_word' id='word_1_69' title='bbox 944 787 1088 847; x_wconf 86' lang='lat' dir='ltr'>gratia</span> <span class='ocrx_word' id='word_1_70' title='bbox 1108 788 1152 830; x_wconf 89' lang='lat' dir='ltr'>in</span> <span class='ocrx_word' id='word_1_71' title='bbox 1173 797 1404 846; x_wconf 88' lang='lat' dir='ltr'>conspectu</span> <span class='ocrx_word' id='word_1_72' title='bbox 1427 788 1609 833; x_wconf 86' lang='lat' dir='ltr'>Caesaris</span> 
     </span>
     <span class='ocr_line' id='line_1_10' title="bbox 122 844 880 895; baseline 0.003 -7"><span class='ocrx_word' id='word_1_73' title='bbox 122 844 443 895; x_wconf 89' lang='lat' dir='ltr'>conlocaverat,</span> <span class='ocrx_word' id='word_1_74' title='bbox 467 844 668 889; x_wconf 85' lang='lat' dir='ltr'>reducit</span> <span class='ocrx_word' id='word_1_75' title='bbox 658 863 702 889; x_wconf 89' lang='grc'>111</span> <span class='ocrx_word' id='word_1_76' title='bbox 725 855 880 890; x_wconf 83' lang='lat' dir='ltr'>castra.</span> 
     </span>
    </p>

    <p class='ocr_par' dir='ltr' id='par_1_3' title="bbox 116 903 1613 1728">
     <span class='ocr_line' id='line_1_11' title="bbox 181 903 1608 971; baseline 0.003 -26"><span class='ocrx_word' id='word_1_77' title='bbox 181 903 252 945; x_wconf 92' lang='lat'>71</span> <span class='ocrx_word' id='word_1_78' title='bbox 287 903 432 946; x_wconf 87' lang='lat' dir='ltr'>Caesar</span> <span class='ocrx_word' id='word_1_79' title='bbox 470 913 621 947; x_wconf 88' lang='lat' dir='ltr'>contra</span> <span class='ocrx_word' id='word_1_80' title='bbox 653 905 862 971; x_wconf 89' lang='lat' dir='ltr'>ejusmodi</span> <span class='ocrx_word' id='word_1_81' title='bbox 898 903 1090 948; x_wconf 81' lang='lat' dir='ltr'>hostium</span> <span class='ocrx_word' id='word_1_82' title='bbox 1122 921 1282 962; x_wconf 86' lang='lat' dir='ltr'>genera</span> <span class='ocrx_word' id='word_1_83' title='bbox 1314 906 1458 965; x_wconf 90' lang='lat' dir='ltr'>copias</span> <span class='ocrx_word' id='word_1_84' title='bbox 1493 922 1608 959; x_wconf 85' lang='lat' dir='ltr'>suas,</span> 
     </span>
     <span class='ocr_line' id='line_1_12' title="bbox 120 960 1610 1029; baseline 0.003 -25"><span class='ocrx_word' id='word_1_85' title='bbox 120 976 206 1004; x_wconf 92' lang='lat' dir='ltr'>non</span> <span class='ocrx_word' id='word_1_86' title='bbox 234 970 284 1004; x_wconf 90' lang='lat' dir='ltr'>ut</span> <span class='ocrx_word' id='word_1_87' title='bbox 307 960 552 1029; x_wconf 87' lang='lat' dir='ltr'>Imperator</span> <span class='ocrx_word' id='word_1_88' title='bbox 586 963 824 1005; x_wconf 81' lang='lat' dir='ltr'>exercitum</span> <span class='ocrx_word' id='word_1_89' title='bbox 858 970 1113 1005; x_wconf 88' lang='lat' dir='ltr'>veteranum</span> <span class='ocrx_word' id='word_1_90' title='bbox 1145 963 1444 1029; x_wconf 87' lang='lat' dir='ltr'>victoremque</span> <span class='ocrx_word' id='word_1_91' title='bbox 1476 966 1610 1012; x_wconf 81' lang='lat' dir='ltr'>maxi-</span> 
     </span>
     <span class='ocr_line' id='line_1_13' title="bbox 121 1020 1611 1079; baseline -0.002 -15"><span class='ocrx_word' id='word_1_92' title='bbox 121 1020 199 1064; x_wconf 89' lang='lat' dir='ltr'>mis</span> <span class='ocrx_word' id='word_1_93' title='bbox 218 1021 349 1063; x_wconf 90' lang='lat' dir='ltr'>rebus</span> <span class='ocrx_word' id='word_1_94' title='bbox 368 1021 514 1078; x_wconf 85' lang='lat' dir='ltr'>gestis,</span> <span class='ocrx_word' id='word_1_95' title='bbox 546 1021 619 1065; x_wconf 87' lang='lat' dir='ltr'>sed</span> <span class='ocrx_word' id='word_1_96' title='bbox 643 1030 693 1064; x_wconf 89' lang='lat' dir='ltr'>ut</span> <span class='ocrx_word' id='word_1_97' title='bbox 711 1021 867 1066; x_wconf 82' lang='lat' dir='ltr'>lanista</span> <span class='ocrx_word' id='word_1_98' title='bbox 894 1021 1056 1064; x_wconf 90' lang='lat' dir='ltr'>tirones</span> <span class='ocrx_word' id='word_1_99' title='bbox 1078 1021 1338 1079; x_wconf 82' lang='lat' dir='ltr'>gladiatores</span> <span class='ocrx_word' id='word_1_100' title='bbox 1359 1024 1611 1075; x_wconf 84' lang='lat' dir='ltr'>condocefa-</span> 
     </span>
     <span class='ocr_line' id='line_1_14' title="bbox 120 1073 1611 1147; baseline 0.001 -25"><span class='ocrx_word' id='word_1_101' title='bbox 120 1095 244 1129; x_wconf 85' lang='lat' dir='ltr'>cere;</span> <span class='ocrx_word' id='word_1_102' title='bbox 278 1095 367 1137; x_wconf 91' lang='lat' dir='ltr'>quo</span> <span class='ocrx_word' id='word_1_103' title='bbox 389 1078 497 1138; x_wconf 86' lang='lat' dir='ltr'>pede</span> <span class='ocrx_word' id='word_1_104' title='bbox 518 1095 561 1122; x_wconf 90' lang='lat' dir='ltr'>se</span> <span class='ocrx_word' id='word_1_105' title='bbox 583 1080 825 1138; x_wconf 87' lang='lat' dir='ltr'>reciperent</span> <span class='ocrx_word' id='word_1_106' title='bbox 841 1080 898 1123; x_wconf 91' lang='lat' dir='ltr'>ab</span> <span class='ocrx_word' id='word_1_107' title='bbox 920 1079 1059 1130; x_wconf 89' lang='lat' dir='ltr'>hoste,</span> <span class='ocrx_word' id='word_1_108' title='bbox 1084 1088 1128 1123; x_wconf 91' lang='lat' dir='ltr'>et</span> <span class='ocrx_word' id='word_1_109' title='bbox 1144 1073 1512 1147; x_wconf 87' lang='lat' dir='ltr'>quemadmodum</span> <span class='ocrx_word' id='word_1_110' title='bbox 1533 1083 1611 1126; x_wconf 74' lang='lat' dir='ltr'>ob.</span> 
     </span>
     <span class='ocr_line' id='line_1_15' title="bbox 119 1138 1611 1205; baseline 0.002 -24"><span class='ocrx_word' id='word_1_111' title='bbox 119 1138 233 1186; x_wconf 85' lang='lat' dir='ltr'>versi</span> <span class='ocrx_word' id='word_1_112' title='bbox 268 1138 541 1189; x_wconf 83' lang='lat' dir='ltr'>adversariis,</span> <span class='ocrx_word' id='word_1_113' title='bbox 580 1146 624 1181; x_wconf 89' lang='lat' dir='ltr'>et</span> <span class='ocrx_word' id='word_1_114' title='bbox 658 1139 701 1182; x_wconf 91' lang='lat' dir='ltr'>in</span> <span class='ocrx_word' id='word_1_115' title='bbox 733 1138 945 1195; x_wconf 85' lang='lat' dir='ltr'>quantulo</span> <span class='ocrx_word' id='word_1_116' title='bbox 984 1138 1126 1205; x_wconf 79' lang='lat' dir='ltr'>spatio</span> <span class='ocrx_word' id='word_1_117' title='bbox 1162 1139 1440 1189; x_wconf 86' lang='lat' dir='ltr'>resisterent;</span> <span class='ocrx_word' id='word_1_118' title='bbox 1483 1141 1611 1184; x_wconf 91' lang='lat' dir='ltr'>modo</span> 
     </span>
     <span class='ocr_line' id='line_1_16' title="bbox 118 1197 1611 1257; baseline 0.001 -17"><span class='ocrx_word' id='word_1_119' title='bbox 118 1206 446 1256; x_wconf 84' lang='lat' dir='ltr'>procurrerent,</span> <span class='ocrx_word' id='word_1_120' title='bbox 481 1197 611 1240; x_wconf 90' lang='lat' dir='ltr'>modo</span> <span class='ocrx_word' id='word_1_121' title='bbox 635 1197 888 1240; x_wconf 87' lang='lat' dir='ltr'>recederent</span> <span class='ocrx_word' id='word_1_122' title='bbox 905 1213 1140 1240; x_wconf 77' lang='lat' dir='ltr'>comminai</span> <span class='ocrx_word' id='word_1_123' title='bbox 1145 1206 1274 1240; x_wconf 88' lang='grc'><strong>0111111</strong></span> <span class='ocrx_word' id='word_1_124' title='bbox 1277 1215 1363 1257; x_wconf 90' lang='lat' dir='ltr'>que</span> <span class='ocrx_word' id='word_1_125' title='bbox 1385 1198 1610 1257; x_wconf 87' lang='lat' dir='ltr'>inpetum·</span> <span class='ocrx_word' id='word_1_126' title='bbox 1598 1233 1611 1253; x_wconf 86' lang='lat'>,</span> 
     </span>
     <span class='ocr_line' id='line_1_17' title="bbox 118 1255 1612 1324; baseline 0.003 -25"><span class='ocrx_word' id='word_1_127' title='bbox 118 1271 169 1299; x_wconf 89' lang='lat' dir='ltr'>ac</span> <span class='ocrx_word' id='word_1_128' title='bbox 196 1272 356 1323; x_wconf 85' lang='lat' dir='ltr'>prope,</span> <span class='ocrx_word' id='word_1_129' title='bbox 394 1271 482 1324; x_wconf 88' lang='lat' dir='ltr'>quo</span> <span class='ocrx_word' id='word_1_130' title='bbox 514 1257 611 1300; x_wconf 90' lang='lat' dir='ltr'>loco</span> <span class='ocrx_word' id='word_1_131' title='bbox 639 1266 683 1299; x_wconf 90' lang='lat' dir='ltr'>et</span> <span class='ocrx_word' id='word_1_132' title='bbox 719 1255 1085 1314; x_wconf 83' lang='lat' dir='ltr'>quemadmodum</span> <span class='ocrx_word' id='word_1_133' title='bbox 1115 1257 1204 1300; x_wconf 87' lang='lat' dir='ltr'>tela</span> <span class='ocrx_word' id='word_1_134' title='bbox 1224 1258 1464 1308; x_wconf 82' lang='lat' dir='ltr'>mitterent,</span> <span class='ocrx_word' id='word_1_135' title='bbox 1503 1275 1612 1316; x_wconf 81' lang='lat' dir='ltr'>prae-</span> 
     </span>
     <span class='ocr_line' id='line_1_18' title="bbox 119 1314 1613 1373; baseline 0.001 -15"><span class='ocrx_word' id='word_1_136' title='bbox 119 1315 243 1373; x_wconf 89' lang='lat' dir='ltr'>cipit</span> <span class='ocrx_word' id='word_1_137' title='bbox 311 1314 495 1358; x_wconf 87' lang='lat' dir='ltr'>Mirifice</span> <span class='ocrx_word' id='word_1_138' title='bbox 523 1315 636 1358; x_wconf 89' lang='lat' dir='ltr'>enim</span> <span class='ocrx_word' id='word_1_139' title='bbox 657 1314 845 1358; x_wconf 84' lang='lat' dir='ltr'>hostium</span> <span class='ocrx_word' id='word_1_140' title='bbox 876 1315 983 1358; x_wconf 89' lang='lat' dir='ltr'>levis</span> <span class='ocrx_word' id='word_1_141' title='bbox 1010 1324 1234 1359; x_wconf 84' lang='lat' dir='ltr'>armatura</span> <span class='ocrx_word' id='word_1_142' title='bbox 1254 1318 1429 1361; x_wconf 80' lang='lat' dir='ltr'>anxium</span> <span class='ocrx_word' id='word_1_143' title='bbox 1451 1317 1613 1360; x_wconf 82' lang='lat' dir='ltr'>exerci-</span> 
     </span>
     <span class='ocr_line' id='line_1_19' title="bbox 121 1373 1612 1441; baseline 0.002 -25"><span class='ocrx_word' id='word_1_144' title='bbox 121 1381 217 1417; x_wconf 88' lang='lat' dir='ltr'>tum</span> <span class='ocrx_word' id='word_1_145' title='bbox 239 1382 434 1418; x_wconf 87' lang='lat' dir='ltr'>nostrum</span> <span class='ocrx_word' id='word_1_146' title='bbox 467 1383 613 1441; x_wconf 81' lang='lat' dir='ltr'>atque</span> <span class='ocrx_word' id='word_1_147' title='bbox 633 1374 869 1417; x_wconf 88' lang='lat' dir='ltr'>sollicitum</span> <span class='ocrx_word' id='word_1_148' title='bbox 904 1373 1117 1417; x_wconf 82' lang='lat' dir='ltr'>habebat:</span> <span class='ocrx_word' id='word_1_149' title='bbox 1153 1375 1256 1432; x_wconf 83' lang='lat' dir='ltr'>quia</span> <span class='ocrx_word' id='word_1_150' title='bbox 1285 1384 1330 1418; x_wconf 91' lang='lat' dir='ltr'>et</span> <span class='ocrx_word' id='word_1_151' title='bbox 1350 1377 1517 1433; x_wconf 84' lang='lat' dir='ltr'>equites</span> <span class='ocrx_word' id='word_1_152' title='bbox 1538 1376 1612 1419; x_wconf 88' lang='lat' dir='ltr'>de-</span> 
     </span>
     <span class='ocr_line' id='line_1_20' title="bbox 119 1432 1611 1499; baseline 0.001 -23"><span class='ocrx_word' id='word_1_153' title='bbox 119 1440 212 1476; x_wconf 81' lang='lat' dir='ltr'>terr</span> <span class='ocrx_word' id='word_1_154' title='bbox 215 1433 316 1476; x_wconf 88' lang='lat' dir='ltr'>ebat</span> <span class='ocrx_word' id='word_1_155' title='bbox 336 1432 568 1491; x_wconf 87' lang='lat' dir='ltr'>proelium</span> <span class='ocrx_word' id='word_1_156' title='bbox 559 1433 666 1476; x_wconf 86' lang='lat' dir='ltr'>mire</span> <span class='ocrx_word' id='word_1_157' title='bbox 684 1442 871 1499; x_wconf 87' lang='lat' dir='ltr'>propter</span> <span class='ocrx_word' id='word_1_158' title='bbox 891 1448 1104 1491; x_wconf 90' lang='lat' dir='ltr'>equorum</span> <span class='ocrx_word' id='word_1_159' title='bbox 1123 1434 1365 1485; x_wconf 80' lang='lat' dir='ltr'>interitum,</span> <span class='ocrx_word' id='word_1_160' title='bbox 1389 1434 1510 1492; x_wconf 89' lang='lat' dir='ltr'>quod</span> <span class='ocrx_word' id='word_1_161' title='bbox 1539 1451 1611 1478; x_wconf 83' lang='lat' dir='ltr'>eos</span> 
     </span>
     <span class='ocr_line' id='line_1_21' title="bbox 116 1491 1612 1560; baseline 0.003 -26"><span class='ocrx_word' id='word_1_162' title='bbox 116 1491 268 1549; x_wconf 83' lang='lat' dir='ltr'>jaculis</span> <span class='ocrx_word' id='word_1_163' title='bbox 304 1501 416 1535; x_wconf 86' lang='grc'><strong>111101</strong></span> <span class='ocrx_word' id='word_1_164' title='bbox 419 1491 650 1541; x_wconf 83' lang='lat' dir='ltr'>ficiebant</span> <span class='ocrx_word' id='word_1_165' title='bbox 689 1501 733 1535; x_wconf 86' lang='lat' dir='ltr'>et</span> <span class='ocrx_word' id='word_1_166' title='bbox 767 1491 1053 1549; x_wconf 82' lang='lat' dir='ltr'>legionarium</span> <span class='ocrx_word' id='word_1_167' title='bbox 1092 1492 1274 1535; x_wconf 87' lang='lat' dir='ltr'>militem</span> <span class='ocrx_word' id='word_1_168' title='bbox 1311 1493 1612 1560; x_wconf 85' lang='lat' dir='ltr'>defatigabant</span> 
     </span>
     <span class='ocr_line' id='line_1_22' title="bbox 120 1551 1611 1611; baseline 0.001 -17"><span class='ocrx_word' id='word_1_169' title='bbox 120 1560 306 1611; x_wconf 80' lang='lat' dir='ltr'>propter</span> <span class='ocrx_word' id='word_1_170' title='bbox 329 1551 634 1595; x_wconf 87' lang='lat' dir='ltr'>velocitatem:</span> <span class='ocrx_word' id='word_1_171' title='bbox 670 1551 813 1610; x_wconf 88' lang='lat' dir='ltr'>gravis</span> <span class='ocrx_word' id='word_1_172' title='bbox 842 1551 955 1593; x_wconf 85' lang='lat' dir='ltr'>enim</span> <span class='ocrx_word' id='word_1_173' title='bbox 987 1559 1221 1594; x_wconf 63' lang='lat' dir='ltr'>armaturas</span> <span class='ocrx_word' id='word_1_174' title='bbox 1250 1551 1372 1594; x_wconf 88' lang='lat' dir='ltr'>miles</span> <span class='ocrx_word' id='word_1_175' title='bbox 1400 1552 1527 1595; x_wconf 88' lang='lat' dir='ltr'>simul</span> <span class='ocrx_word' id='word_1_176' title='bbox 1546 1561 1611 1596; x_wconf 84' lang='lat' dir='ltr'>at-</span> 
     </span>
     <span class='ocr_line' id='line_1_23' title="bbox 120 1609 1611 1668; baseline 0.001 -16"><span class='ocrx_word' id='word_1_177' title='bbox 120 1626 206 1667; x_wconf 87' lang='lat' dir='ltr'>que</span> <span class='ocrx_word' id='word_1_178' title='bbox 228 1611 284 1653; x_wconf 89' lang='lat' dir='ltr'>ab</span> <span class='ocrx_word' id='word_1_179' title='bbox 313 1609 376 1652; x_wconf 89' lang='lat' dir='ltr'>his</span> <span class='ocrx_word' id='word_1_180' title='bbox 398 1610 631 1654; x_wconf 84' lang='lat' dir='ltr'>insectatus</span> <span class='ocrx_word' id='word_1_181' title='bbox 651 1619 856 1653; x_wconf 84' lang='lat' dir='ltr'>const1te1</span> <span class='ocrx_word' id='word_1_182' title='bbox 859 1618 922 1659; x_wconf 87' lang='lat' dir='ltr'>at</span> <span class='ocrx_word' id='word_1_183' title='bbox 956 1609 998 1652; x_wconf 91' lang='lat' dir='ltr'>in</span> <span class='ocrx_word' id='word_1_184' title='bbox 1020 1625 1178 1666; x_wconf 81' lang='lat' dir='ltr'>eosque</span> <span class='ocrx_word' id='word_1_185' title='bbox 1209 1610 1409 1668; x_wconf 89' lang='lat' dir='ltr'>inpetum</span> <span class='ocrx_word' id='word_1_186' title='bbox 1431 1611 1546 1653; x_wconf 80' lang='lat' dir='ltr'>secel</span> <span class='ocrx_word' id='word_1_187' title='bbox 1548 1621 1611 1664; x_wconf 88' lang='lat' dir='ltr'>at,</span> 
     </span>
     <span class='ocr_line' id='line_1_24' title="bbox 120 1668 1138 1728; baseline -0.001 -17"><span class='ocrx_word' id='word_1_188' title='bbox 120 1668 183 1712; x_wconf 89' lang='lat' dir='ltr'>illi</span> <span class='ocrx_word' id='word_1_189' title='bbox 202 1669 336 1711; x_wconf 89' lang='lat' dir='ltr'>veloci</span> <span class='ocrx_word' id='word_1_190' title='bbox 361 1685 491 1712; x_wconf 88' lang='lat' dir='ltr'>cursu</span> <span class='ocrx_word' id='word_1_191' title='bbox 512 1669 638 1711; x_wconf 86' lang='lat' dir='ltr'>facile</span> <span class='ocrx_word' id='word_1_192' title='bbox 660 1668 901 1728; x_wconf 87' lang='lat' dir='ltr'>periculum</span> <span class='ocrx_word' id='word_1_193' title='bbox 923 1668 1138 1712; x_wconf 81' lang='lat' dir='ltr'>vitabant</span> 
     </span>
    </p>

    <p class='ocr_par' dir='ltr' id='par_1_4' title="bbox 115 1727 1612 2317">
     <span class='ocr_line' id='line_1_25' title="bbox 179 1727 1610 1781; baseline 0.003 -12"><span class='ocrx_word' id='word_1_194' title='bbox 179 1728 248 1770; x_wconf 69' lang='lat'>72.</span> <span class='ocrx_word' id='word_1_195' title='bbox 286 1727 456 1778; x_wconf 81' lang='lat' dir='ltr'>Quibus</span> <span class='ocrx_word' id='word_1_196' title='bbox 489 1744 542 1770; x_wconf 85' lang='lat' dir='ltr'>ex</span> <span class='ocrx_word' id='word_1_197' title='bbox 578 1729 706 1771; x_wconf 88' lang='lat' dir='ltr'>rebus</span> <span class='ocrx_word' id='word_1_198' title='bbox 741 1728 884 1771; x_wconf 77' lang='lat' dir='ltr'>Caesar</span> <span class='ocrx_word' id='word_1_199' title='bbox 914 1727 1193 1771; x_wconf 81' lang='lat' dir='ltr'>v·eliemente1</span> <span class='ocrx_word' id='word_1_200' title='bbox 1222 1744 1416 1771; x_wconf 83' lang='lat' dir='ltr'>commov</span> <span class='ocrx_word' id='word_1_201' title='bbox 1421 1729 1610 1781; x_wconf 79' lang='lat' dir='ltr'>ebatur3</span> 
     </span>
     <span class='ocr_line' id='line_1_26' title="bbox 118 1765 1612 1846; baseline 0.003 -17"><span class='ocrx_word' id='word_1_202' title='bbox 118 1787 240 1845; x_wconf 86' lang='lat' dir='ltr'>quia,</span> <span class='ocrx_word' id='word_1_203' title='bbox 259 1786 567 1844; x_wconf 90' lang='lat' dir='ltr'>quodcumque</span> <span class='ocrx_word' id='word_1_204' title='bbox 584 1787 782 1845; x_wconf 86' lang='lat' dir='ltr'>proelium</span> <span class='ocrx_word' id='word_1_205' title='bbox 801 1787 973 1846; x_wconf 88' lang='lat' dir='ltr'>quoties</span> <span class='ocrx_word' id='word_1_206' title='bbox 991 1796 1086 1830; x_wconf 89' lang='lat' dir='ltr'>erat</span> <span class='ocrx_word' id='word_1_207' title='bbox 1103 1787 1389 1838; x_wconf 89' lang='lat' dir='ltr'>commissum,</span> <span class='ocrx_word' id='word_1_208' title='bbox 1408 1765 1612 1845; x_wconf 79' lang='lat' dir='ltr'>equitatti</span> 
     </span>
     <span class='ocr_line' id='line_1_27' title="bbox 119 1845 1612 1905; baseline 0.003 -16"><span class='ocrx_word' id='word_1_209' title='bbox 119 1862 196 1889; x_wconf 89' lang='lat' dir='ltr'>suo</span> <span class='ocrx_word' id='word_1_210' title='bbox 215 1846 304 1889; x_wconf 89' lang='lat' dir='ltr'>sine</span> <span class='ocrx_word' id='word_1_211' title='bbox 325 1846 561 1905; x_wconf 83' lang='lat' dir='ltr'>legionario</span> <span class='ocrx_word' id='word_1_212' title='bbox 582 1845 719 1889; x_wconf 89' lang='lat' dir='ltr'>milite</span> <span class='ocrx_word' id='word_1_213' title='bbox 741 1845 932 1889; x_wconf 88' lang='lat' dir='ltr'>hostium</span> <span class='ocrx_word' id='word_1_214' title='bbox 953 1846 1166 1903; x_wconf 87' lang='lat' dir='ltr'>equitatui</span> <span class='ocrx_word' id='word_1_215' title='bbox 1189 1846 1360 1904; x_wconf 73' lang='lat' dir='ltr'>levique</span> <span class='ocrx_word' id='word_1_216' title='bbox 1381 1856 1612 1894; x_wconf 71' lang='lat' dir='ltr'>armaturae</span> 
     </span>
     <span class='ocr_line' id='line_1_28' title="bbox 118 1905 1608 1965; baseline 0.003 -17"><span class='ocrx_word' id='word_1_217' title='bbox 118 1921 268 1948; x_wconf 92' lang='lat' dir='ltr'>eorum</span> <span class='ocrx_word' id='word_1_218' title='bbox 300 1905 422 1948; x_wconf 89' lang='lat' dir='ltr'>nullo</span> <span class='ocrx_word' id='word_1_219' title='bbox 454 1905 581 1948; x_wconf 87' lang='lat' dir='ltr'>modo</span> <span class='ocrx_word' id='word_1_220' title='bbox 619 1921 699 1965; x_wconf 82' lang='lat' dir='ltr'>pai·</span> <span class='ocrx_word' id='word_1_221' title='bbox 729 1922 815 1947; x_wconf 86' lang='lat' dir='ltr'>esse</span> <span class='ocrx_word' id='word_1_222' title='bbox 838 1906 1035 1963; x_wconf 0' lang='lat' dir='ltr'>mpoterat</span> <span class='ocrx_word' id='word_1_223' title='bbox 1101 1905 1432 1949; x_wconf 84' lang='lat' dir='ltr'>Sollicitabatur</span> <span class='ocrx_word' id='word_1_224' title='bbox 1462 1915 1608 1952; x_wconf 80' lang='lat' dir='ltr'>autem</span> 
     </span>
     <span class='ocr_line' id='line_1_29' title="bbox 118 1962 1608 2021; baseline 0.001 -15"><span class='ocrx_word' id='word_1_225' title='bbox 118 1962 182 2006; x_wconf 85' lang='lat' dir='ltr'>his</span> <span class='ocrx_word' id='word_1_226' title='bbox 218 1964 364 2013; x_wconf 84' lang='lat' dir='ltr'>rebus,</span> <span class='ocrx_word' id='word_1_227' title='bbox 402 1963 523 2021; x_wconf 89' lang='lat' dir='ltr'>quod</span> <span class='ocrx_word' id='word_1_228' title='bbox 560 1964 749 2006; x_wconf 89' lang='lat' dir='ltr'>nondum</span> <span class='ocrx_word' id='word_1_229' title='bbox 784 1964 970 2006; x_wconf 90' lang='lat' dir='ltr'>hostium</span> <span class='ocrx_word' id='word_1_230' title='bbox 1008 1964 1196 2021; x_wconf 84' lang='lat' dir='ltr'>legiones</span> <span class='ocrx_word' id='word_1_231' title='bbox 1231 1973 1514 2021; x_wconf 87' lang='lat' dir='ltr'>cognoverat,</span> <span class='ocrx_word' id='word_1_232' title='bbox 1563 1973 1608 2009; x_wconf 87' lang='lat' dir='ltr'>et</span> 
     </span>
     <span class='ocr_line' id='line_1_30' title="bbox 119 2022 1608 2090; baseline 0.002 -26"><span class='ocrx_word' id='word_1_233' title='bbox 119 2038 309 2079; x_wconf 87' lang='lat' dir='ltr'>quonam</span> <span class='ocrx_word' id='word_1_234' title='bbox 330 2022 460 2065; x_wconf 89' lang='lat' dir='ltr'>modo</span> <span class='ocrx_word' id='word_1_235' title='bbox 480 2023 688 2064; x_wconf 87' lang='lat' dir='ltr'>sustinere</span> <span class='ocrx_word' id='word_1_236' title='bbox 710 2039 752 2064; x_wconf 90' lang='lat' dir='ltr'>se</span> <span class='ocrx_word' id='word_1_237' title='bbox 775 2030 919 2080; x_wconf 85' lang='lat' dir='ltr'>posset</span> <span class='ocrx_word' id='word_1_238' title='bbox 948 2023 1005 2066; x_wconf 85' lang='lat' dir='ltr'>ab</span> <span class='ocrx_word' id='word_1_239' title='bbox 1027 2038 1177 2064; x_wconf 87' lang='lat' dir='ltr'>eorum</span> <span class='ocrx_word' id='word_1_240' title='bbox 1201 2023 1402 2079; x_wconf 85' lang='lat' dir='ltr'>equitatu</span> <span class='ocrx_word' id='word_1_241' title='bbox 1432 2023 1608 2090; x_wconf 82' lang='lat' dir='ltr'>levique</span> 
     </span>
     <span class='ocr_line' id='line_1_31' title="bbox 117 2081 1604 2139; baseline 0.001 -15"><span class='ocrx_word' id='word_1_242' title='bbox 117 2091 354 2130; x_wconf 68' lang='lat' dir='ltr'>armatum,</span> <span class='ocrx_word' id='word_1_243' title='bbox 388 2097 485 2138; x_wconf 81' lang='lat' dir='ltr'>quae</span> <span class='ocrx_word' id='word_1_244' title='bbox 506 2089 600 2122; x_wconf 86' lang='lat' dir='ltr'>erat</span> <span class='ocrx_word' id='word_1_245' title='bbox 619 2081 812 2130; x_wconf 85' lang='lat' dir='ltr'>mirifica,</span> <span class='ocrx_word' id='word_1_246' title='bbox 846 2098 879 2123; x_wconf 87' lang='lat' dir='ltr'>s1</span> <span class='ocrx_word' id='word_1_247' title='bbox 902 2081 1089 2138; x_wconf 89' lang='lat' dir='ltr'>legiones</span> <span class='ocrx_word' id='word_1_248' title='bbox 1111 2096 1286 2139; x_wconf 90' lang='lat' dir='ltr'>quoque</span> <span class='ocrx_word' id='word_1_249' title='bbox 1317 2083 1604 2126; x_wconf 84' lang='lat' dir='ltr'>accessissent.</span> 
     </span>
     <span class='ocr_line' id='line_1_32' title="bbox 120 2138 1609 2208; baseline 0.002 -25"><span class='ocrx_word' id='word_1_250' title='bbox 120 2140 373 2183; x_wconf 89' lang='lat' dir='ltr'>Accedebat</span> <span class='ocrx_word' id='word_1_251' title='bbox 394 2140 525 2182; x_wconf 87' lang='lat' dir='ltr'>etiam</span> <span class='ocrx_word' id='word_1_252' title='bbox 554 2139 642 2182; x_wconf 83' lang='lat' dir='ltr'>haec</span> <span class='ocrx_word' id='word_1_253' title='bbox 664 2156 826 2189; x_wconf 84' lang='lat' dir='ltr'>caussa,</span> <span class='ocrx_word' id='word_1_254' title='bbox 849 2140 969 2198; x_wconf 90' lang='lat' dir='ltr'>quod</span> <span class='ocrx_word' id='word_1_255' title='bbox 1000 2138 1331 2206; x_wconf 78' lang='lat' dir='ltr'>elephantorum</span> <span class='ocrx_word' id='word_1_256' title='bbox 1351 2141 1609 2208; x_wconf 84' lang='lat' dir='ltr'>magnitudo</span> 
     </span>
     <span class='ocr_line' id='line_1_33' title="bbox 117 2198 1606 2266; baseline 0.003 -24"><span class='ocrx_word' id='word_1_257' title='bbox 117 2198 446 2266; x_wconf 87' lang='lat' dir='ltr'>multitudoque</span> <span class='ocrx_word' id='word_1_258' title='bbox 467 2198 655 2241; x_wconf 88' lang='lat' dir='ltr'>militum</span> <span class='ocrx_word' id='word_1_259' title='bbox 686 2198 848 2241; x_wconf 87' lang='lat' dir='ltr'>animos</span> <span class='ocrx_word' id='word_1_260' title='bbox 879 2198 1101 2241; x_wconf 84' lang='lat' dir='ltr'>detinebat</span> <span class='ocrx_word' id='word_1_261' title='bbox 1138 2214 1180 2241; x_wconf 90' lang='lat' dir='ltr'>1n</span> <span class='ocrx_word' id='word_1_262' title='bbox 1217 2207 1405 2243; x_wconf 79' lang='lat' dir='ltr'>ter-:rme</span> <span class='ocrx_word' id='word_1_263' title='bbox 1438 2216 1510 2243; x_wconf 80' lang='lat' dir='ltr'>cul</span> <span class='ocrx_word' id='word_1_264' title='bbox 1531 2202 1606 2246; x_wconf 90' lang='lat' dir='ltr'>uni</span> 
     </span>
     <span class='ocr_line' id='line_1_34' title="bbox 115 2256 1607 2317; baseline 0.001 -16"><span class='ocrx_word' id='word_1_265' title='bbox 115 2257 178 2301; x_wconf 87' lang='lat' dir='ltr'>rei</span> <span class='ocrx_word' id='word_1_266' title='bbox 196 2266 338 2301; x_wconf 88' lang='lat' dir='ltr'>tamen</span> <span class='ocrx_word' id='word_1_267' title='bbox 359 2258 584 2301; x_wconf 87' lang='lat' dir='ltr'>invenerat</span> <span class='ocrx_word' id='word_1_268' title='bbox 605 2257 855 2302; x_wconf 85' lang='lat' dir='ltr'>remedium.</span> <span class='ocrx_word' id='word_1_269' title='bbox 911 2257 1112 2315; x_wconf 87' lang='lat' dir='ltr'>Namque</span> <span class='ocrx_word' id='word_1_270' title='bbox 1133 2256 1388 2317; x_wconf 87' lang='lat' dir='ltr'>elephantos</span> <span class='ocrx_word' id='word_1_271' title='bbox 1405 2275 1460 2302; x_wconf 78' lang='lat' dir='ltr'>ex</span> <span class='ocrx_word' id='word_1_272' title='bbox 1475 2258 1607 2303; x_wconf 78' lang='lat' dir='ltr'>Italia</span> 
     </span>
    </p>
   </div>
   <div class='ocr_carea' id='block_1_3' title="bbox 7 2087 32 2956">
    <p class='ocr_par' dir='ltr' id='par_1_5' title="bbox 7 2087 32 2956">
     <span class='ocr_line' id='line_1_35' title="bbox 7 2087 32 2956; baseline 0 0"><span class='ocrx_word' id='word_1_273' title='bbox 7 2087 32 2956; x_wconf 95' lang='lat' dir='ltr'> </span> 
     </span>
    </p>
   </div>
   <div class='ocr_carea' id='block_1_4' title="bbox 0 1758 40 3128">
    <p class='ocr_par' dir='ltr' id='par_1_6' title="bbox 0 1758 40 3128">
     <span class='ocr_line' id='line_1_36' title="bbox 0 1758 40 3128; baseline 0 0"><span class='ocrx_word' id='word_1_274' title='bbox 0 1758 40 3128; x_wconf 95' lang='lat' dir='ltr'> </span> 
     </span>
    </p>
   </div>
   <div class='ocr_carea' id='block_1_5' title="bbox 117 2378 829 2995">
    <p class='ocr_par' dir='ltr' id='par_1_7' title="bbox 117 2378 826 2509">
     <span class='ocr_line' id='line_1_37' title="bbox 167 2378 826 2412; baseline -0.002 -1"><span class='ocrx_word' id='word_1_275' title='bbox 167 2379 211 2411; x_wconf 81' lang='lat' dir='ltr'>In</span> <span class='ocrx_word' id='word_1_276' title='bbox 224 2381 351 2412; x_wconf 66' lang='lat' dir='ltr'>castris.</span> <span class='ocrx_word' id='word_1_277' title='bbox 399 2379 454 2411; x_wconf 90' lang='lat' dir='ltr'>Sic</span> <span class='ocrx_word' id='word_1_278' title='bbox 479 2379 579 2411; x_wconf 89' lang='lat' dir='ltr'>codd.</span> <span class='ocrx_word' id='word_1_279' title='bbox 606 2378 750 2411; x_wconf 84' lang='lat' dir='ltr'>Rectius</span> <span class='ocrx_word' id='word_1_280' title='bbox 775 2379 826 2411; x_wconf 85' lang='lat' dir='ltr'>fo-</span> 
     </span>
     <span class='ocr_line' id='line_1_38' title="bbox 117 2423 825 2462; baseline -0.003 -6"><span class='ocrx_word' id='word_1_281' title='bbox 117 2429 171 2456; x_wconf 87' lang='lat' dir='ltr'>ret</span> <span class='ocrx_word' id='word_1_282' title='bbox 186 2426 223 2455; x_wconf 79' lang='lat' dir='ltr'>in</span> <span class='ocrx_word' id='word_1_283' title='bbox 251 2429 376 2462; x_wconf 79' lang='lat' dir='ltr'>castra,</span> <span class='ocrx_word' id='word_1_284' title='bbox 402 2430 440 2455; x_wconf 89' lang='lat' dir='ltr'>ut</span> <span class='ocrx_word' id='word_1_285' title='bbox 464 2423 600 2455; x_wconf 88' lang='lat' dir='ltr'>edidere</span> <span class='ocrx_word' id='word_1_286' title='bbox 626 2424 765 2455; x_wconf 83' lang='lat' dir='ltr'>Vascos.</span> <span class='ocrx_word' id='word_1_287' title='bbox 791 2429 825 2454; x_wconf 90' lang='lat' dir='ltr'>et</span> 
     </span>
     <span class='ocr_line' id='line_1_39' title="bbox 120 2468 239 2509; baseline -0.017 -9"><span class='ocrx_word' id='word_1_288' title='bbox 120 2468 239 2509; x_wconf 83' lang='lat' dir='ltr'>steph.</span> 
     </span>
    </p>

    <p class='ocr_par' dir='ltr' id='par_1_8' title="bbox 120 2511 828 2684">
     <span class='ocr_line' id='line_1_40' title="bbox 168 2511 828 2554; baseline -0.002 -10"><span class='ocrx_word' id='word_1_289' title='bbox 168 2514 335 2554; x_wconf 68' lang='lat' dir='ltr'>Praecv&#39;pz‘t.</span> <span class='ocrx_word' id='word_1_290' title='bbox 360 2511 429 2544; x_wconf 84' lang='lat' dir='ltr'>Alii</span> <span class='ocrx_word' id='word_1_291' title='bbox 442 2513 644 2554; x_wconf 64' lang='lat' dir='ltr'>praeciperet,</span> <span class='ocrx_word' id='word_1_292' title='bbox 662 2514 828 2554; x_wconf 62' lang='grc' dir='ltr'><strong>717·ωοίρο-</strong></span> 
     </span>
     <span class='ocr_line' id='line_1_41' title="bbox 120 2555 826 2597; baseline -0.003 -9"><span class='ocrx_word' id='word_1_293' title='bbox 120 2561 205 2594; x_wconf 80' lang='lat' dir='ltr'>rent,</span> <span class='ocrx_word' id='word_1_294' title='bbox 232 2556 321 2588; x_wconf 90' lang='lat' dir='ltr'>unde</span> <span class='ocrx_word' id='word_1_295' title='bbox 346 2555 466 2588; x_wconf 87' lang='lat' dir='ltr'>Davis.</span> <span class='ocrx_word' id='word_1_296' title='bbox 493 2556 564 2587; x_wconf 83' lang='lat' dir='ltr'>vult</span> <span class='ocrx_word' id='word_1_297' title='bbox 582 2558 775 2597; x_wconf 70' lang='lat' dir='ltr'>praecipere,</span> <span class='ocrx_word' id='word_1_298' title='bbox 790 2561 826 2586; x_wconf 89' lang='lat' dir='ltr'>ut</span> 
     </span>
     <span class='ocr_line' id='line_1_42' title="bbox 121 2600 825 2642; baseline -0.003 -10"><span class='ocrx_word' id='word_1_299' title='bbox 121 2601 322 2642; x_wconf 85' lang='lat' dir='ltr'>respondeat</span> <span class='ocrx_word' id='word_1_300' title='bbox 349 2600 392 2630; x_wconf 66' lang='grc' dir='ltr'>τῦ</span> <span class='ocrx_word' id='word_1_301' title='bbox 416 2600 677 2640; x_wconf 77' lang='lat' dir='ltr'>condocefacere,</span> <span class='ocrx_word' id='word_1_302' title='bbox 694 2600 753 2631; x_wconf 85' lang='lat' dir='ltr'>sed</span> <span class='ocrx_word' id='word_1_303' title='bbox 770 2609 825 2630; x_wconf 90' lang='lat' dir='ltr'>so·</span> 
     </span>
     <span class='ocr_line' id='line_1_43' title="bbox 121 2643 749 2684; baseline -0.005 -8"><span class='ocrx_word' id='word_1_304' title='bbox 121 2644 245 2676; x_wconf 83' lang='lat' dir='ltr'>lemnis</span> <span class='ocrx_word' id='word_1_305' title='bbox 260 2644 371 2676; x_wconf 87' lang='lat' dir='ltr'>Hirtio</span> <span class='ocrx_word' id='word_1_306' title='bbox 385 2649 580 2684; x_wconf 87' lang='lat' dir='ltr'>temporum</span> <span class='ocrx_word' id='word_1_307' title='bbox 594 2643 749 2674; x_wconf 85' lang='lat' dir='ltr'>variatio.</span> 
     </span>
    </p>

    <p class='ocr_par' dir='ltr' id='par_1_9' title="bbox 121 2687 829 2862">
     <span class='ocr_line' id='line_1_44' title="bbox 169 2687 829 2728; baseline -0.002 -9"><span class='ocrx_word' id='word_1_308' title='bbox 169 2689 420 2728; x_wconf 77' lang='lat' dir='ltr'>Interficiebam</span> <span class='ocrx_word' id='word_1_309' title='bbox 432 2704 477 2710; x_wconf 91' lang='lat'>—</span> <span class='ocrx_word' id='word_1_310' title='bbox 491 2687 730 2727; x_wconf 75' lang='lat' dir='ltr'>defatiqabant.</span> <span class='ocrx_word' id='word_1_311' title='bbox 749 2687 829 2718; x_wconf 86' lang='lat' dir='ltr'>Plu-</span> 
     </span>
     <span class='ocr_line' id='line_1_45' title="bbox 121 2730 826 2774; baseline -0.001 -11"><span class='ocrx_word' id='word_1_312' title='bbox 121 2731 200 2763; x_wconf 86' lang='lat' dir='ltr'>ralis</span> <span class='ocrx_word' id='word_1_313' title='bbox 229 2733 352 2774; x_wconf 83' lang='lat' dir='ltr'>pendet</span> <span class='ocrx_word' id='word_1_314' title='bbox 381 2742 401 2763; x_wconf 83' lang='lat' dir='ltr'>a</span> <span class='ocrx_word' id='word_1_315' title='bbox 433 2730 636 2762; x_wconf 80' lang='lat' dir='ltr'>conlectivo.</span> <span class='ocrx_word' id='word_1_316' title='bbox 691 2731 781 2762; x_wconf 80' lang='lat' dir='ltr'>Scal.</span> <span class='ocrx_word' id='word_1_317' title='bbox 807 2742 826 2762; x_wconf 84' lang='lat' dir='ltr'>e</span> 
     </span>
     <span class='ocr_line' id='line_1_46' title="bbox 122 2774 827 2815; baseline -0.001 -9"><span class='ocrx_word' id='word_1_318' title='bbox 122 2776 197 2807; x_wconf 88' lang='lat' dir='ltr'>cod.</span> <span class='ocrx_word' id='word_1_319' title='bbox 216 2788 277 2808; x_wconf 89' lang='lat' dir='ltr'>suo</span> <span class='ocrx_word' id='word_1_320' title='bbox 295 2782 328 2808; x_wconf 89' lang='lat' dir='ltr'>et</span> <span class='ocrx_word' id='word_1_321' title='bbox 354 2774 469 2808; x_wconf 86' lang='lat' dir='ltr'>Ursini</span> <span class='ocrx_word' id='word_1_322' title='bbox 482 2776 537 2806; x_wconf 86' lang='lat' dir='ltr'>dat</span> <span class='ocrx_word' id='word_1_323' title='bbox 553 2775 769 2815; x_wconf 72' lang='lat' dir='ltr'>interficiebat</span> <span class='ocrx_word' id='word_1_324' title='bbox 782 2791 827 2797; x_wconf 89' lang='lat'>-——</span> 
     </span>
     <span class='ocr_line' id='line_1_47' title="bbox 124 2819 340 2862; baseline 0.015 -12"><span class='ocrx_word' id='word_1_325' title='bbox 124 2819 340 2862; x_wconf 72' lang='lat' dir='ltr'>(lefatiyabat.</span> 
     </span>
    </p>

    <p class='ocr_par' dir='ltr' id='par_1_10' title="bbox 124 2861 828 2950">
     <span class='ocr_line' id='line_1_48' title="bbox 172 2861 828 2904; baseline -0.003 -9"><span class='ocrx_word' id='word_1_326' title='bbox 172 2864 369 2897; x_wconf 74' lang='lat' dir='ltr'>Insectams.</span> <span class='ocrx_word' id='word_1_327' title='bbox 395 2864 449 2895; x_wconf 88' lang='lat' dir='ltr'>Sic</span> <span class='ocrx_word' id='word_1_328' title='bbox 466 2868 570 2896; x_wconf 76' lang='lat' dir='ltr'>secto-r</span> <span class='ocrx_word' id='word_1_329' title='bbox 585 2862 718 2904; x_wconf 81' lang='lat' dir='ltr'>passive</span> <span class='ocrx_word' id='word_1_330' title='bbox 735 2861 828 2895; x_wconf 85' lang='lat' dir='ltr'>acci-</span> 
     </span>
     <span class='ocr_line' id='line_1_49' title="bbox 124 2907 709 2950; baseline -0.002 -11"><span class='ocrx_word' id='word_1_331' title='bbox 124 2907 225 2950; x_wconf 77' lang='lat' dir='ltr'>pitur.</span> <span class='ocrx_word' id='word_1_332' title='bbox 251 2908 293 2939; x_wconf 90' lang='lat' dir='ltr'>V.</span> <span class='ocrx_word' id='word_1_333' title='bbox 309 2908 451 2942; x_wconf 84' lang='lat' dir='ltr'>Vossius</span> <span class='ocrx_word' id='word_1_334' title='bbox 467 2909 508 2942; x_wconf 88' lang='lat' dir='ltr'>de</span> <span class='ocrx_word' id='word_1_335' title='bbox 523 2907 612 2939; x_wconf 83' lang='lat' dir='ltr'>anal.</span> <span class='ocrx_word' id='word_1_336' title='bbox 631 2910 662 2946; x_wconf 78' lang='lat'>3,</span> <span class='ocrx_word' id='word_1_337' title='bbox 679 2909 709 2938; x_wconf 88' lang='grc'>6.</span> 
     </span>
    </p>

    <p class='ocr_par' dir='ltr' id='par_1_11' title="bbox 199 2950 828 2995">
     <span class='ocr_line' id='line_1_50' title="bbox 199 2950 828 2995; baseline -0.002 -12"><span class='ocrx_word' id='word_1_338' title='bbox 199 2953 297 2985; x_wconf 74' lang='lat' dir='ltr'>uibus</span> <span class='ocrx_word' id='word_1_339' title='bbox 309 2963 351 2984; x_wconf 70' lang='lat' dir='ltr'>eat</span> <span class='ocrx_word' id='word_1_340' title='bbox 366 2955 462 2986; x_wconf 72' lang='lat' dir='ltr'>r-ebm</span> <span class='ocrx_word' id='word_1_341' title='bbox 477 2969 521 2975; x_wconf 92' lang='lat'><em>-</em></span> <span class='ocrx_word' id='word_1_342' title='bbox 534 2954 662 2995; x_wconf 72' lang='lat' dir='ltr'>quoties</span> <span class='ocrx_word' id='word_1_343' title='bbox 672 2969 716 2976; x_wconf 90' lang='lat'>-—</span> <span class='ocrx_word' id='word_1_344' title='bbox 725 2950 828 2990; x_wconf 73' lang='lat' dir='ltr'>Quae-</span> 
     </span>
    </p>
   </div>
   <div class='ocr_carea' id='block_1_6' title="bbox 891 2377 1607 2992">
    <p class='ocr_par' dir='ltr' id='par_1_12' title="bbox 891 2377 1607 2638">
     <span class='ocr_line' id='line_1_51' title="bbox 891 2377 1598 2420; baseline 0.001 -11"><span class='ocrx_word' id='word_1_345' title='bbox 891 2388 1036 2420; x_wconf 89' lang='lat' dir='ltr'>cumque</span> <span class='ocrx_word' id='word_1_346' title='bbox 1048 2377 1104 2410; x_wconf 86' lang='lat' dir='ltr'>hic</span> <span class='ocrx_word' id='word_1_347' title='bbox 1118 2384 1301 2410; x_wconf 85' lang='lat' dir='ltr'>occurrunt</span> <span class='ocrx_word' id='word_1_348' title='bbox 1312 2378 1414 2411; x_wconf 80' lang='lat' dir='ltr'>variae</span> <span class='ocrx_word' id='word_1_349' title='bbox 1430 2379 1598 2411; x_wconf 83' lang='lat' dir='ltr'>lectiones</span> 
     </span>
     <span class='ocr_line' id='line_1_52' title="bbox 892 2422 1605 2465; baseline 0.003 -12"><span class='ocrx_word' id='word_1_350' title='bbox 892 2423 966 2460; x_wconf 87' lang='lat' dir='ltr'>(vel</span> <span class='ocrx_word' id='word_1_351' title='bbox 993 2422 1089 2454; x_wconf 87' lang='lat' dir='ltr'>abest</span> <span class='ocrx_word' id='word_1_352' title='bbox 1111 2425 1208 2465; x_wconf 80' lang='lat' dir='ltr'>quia,</span> <span class='ocrx_word' id='word_1_353' title='bbox 1236 2424 1291 2454; x_wconf 89' lang='lat' dir='ltr'>vel</span> <span class='ocrx_word' id='word_1_354' title='bbox 1318 2428 1503 2455; x_wconf 75' lang='lat' dir='ltr'>commotus</span> <span class='ocrx_word' id='word_1_355' title='bbox 1518 2423 1605 2465; x_wconf 83' lang='lat' dir='ltr'>legi-</span> 
     </span>
     <span class='ocr_line' id='line_1_53' title="bbox 897 2467 1607 2510; baseline 0.003 -13"><span class='ocrx_word' id='word_1_356' title='bbox 897 2472 959 2504; x_wconf 85' lang='lat' dir='ltr'>tur,</span> <span class='ocrx_word' id='word_1_357' title='bbox 1000 2467 1053 2498; x_wconf 85' lang='lat' dir='ltr'>vel</span> <span class='ocrx_word' id='word_1_358' title='bbox 1089 2469 1165 2499; x_wconf 72' lang='lat' dir='ltr'>vele.</span> <span class='ocrx_word' id='word_1_359' title='bbox 1205 2477 1325 2499; x_wconf 84' lang='lat' dir='ltr'>comm.</span> <span class='ocrx_word' id='word_1_360' title='bbox 1365 2470 1449 2510; x_wconf 79' lang='lat' dir='ltr'>quia</span> <span class='ocrx_word' id='word_1_361' title='bbox 1487 2468 1607 2509; x_wconf 76' lang='lat' dir='ltr'>quode.</span> 
     </span>
     <span class='ocr_line' id='line_1_54' title="bbox 896 2510 1603 2551; baseline 0.001 -10"><span class='ocrx_word' id='word_1_362' title='bbox 896 2510 1080 2551; x_wconf 85' lang='lat' dir='ltr'>omittitur)</span> <span class='ocrx_word' id='word_1_363' title='bbox 1106 2521 1156 2543; x_wconf 84' lang='lat' dir='ltr'>eae</span> <span class='ocrx_word' id='word_1_364' title='bbox 1173 2517 1249 2543; x_wconf 87' lang='lat' dir='ltr'>sunt</span> <span class='ocrx_word' id='word_1_365' title='bbox 1263 2512 1319 2543; x_wconf 88' lang='lat' dir='ltr'>vel</span> <span class='ocrx_word' id='word_1_366' title='bbox 1336 2511 1381 2543; x_wconf 88' lang='lat' dir='ltr'>ab</span> <span class='ocrx_word' id='word_1_367' title='bbox 1400 2511 1603 2543; x_wconf 86' lang='lat' dir='ltr'>emendandi</span> 
     </span>
     <span class='ocr_line' id='line_1_55' title="bbox 895 2554 1604 2596; baseline 0.001 -10"><span class='ocrx_word' id='word_1_368' title='bbox 895 2554 1020 2594; x_wconf 85' lang='lat' dir='ltr'>studio,</span> <span class='ocrx_word' id='word_1_369' title='bbox 1038 2556 1107 2595; x_wconf 88' lang='lat' dir='ltr'>vel,</span> <span class='ocrx_word' id='word_1_370' title='bbox 1116 2560 1154 2586; x_wconf 84' lang='lat' dir='ltr'>ut</span> <span class='ocrx_word' id='word_1_371' title='bbox 1164 2555 1308 2587; x_wconf 88' lang='lat' dir='ltr'>omissio</span> <span class='ocrx_word' id='word_1_372' title='bbox 1320 2556 1467 2596; x_wconf 89' lang='lat' dir='ltr'>plurium</span> <span class='ocrx_word' id='word_1_373' title='bbox 1480 2555 1604 2587; x_wconf 80' lang='lat' dir='ltr'>verbo-</span> 
     </span>
     <span class='ocr_line' id='line_1_56' title="bbox 893 2598 1478 2638; baseline -0.003 -7"><span class='ocrx_word' id='word_1_374' title='bbox 893 2609 980 2638; x_wconf 84' lang='lat' dir='ltr'>rum,</span> <span class='ocrx_word' id='word_1_375' title='bbox 996 2610 1016 2630; x_wconf 88' lang='lat' dir='ltr'>a</span> <span class='ocrx_word' id='word_1_376' title='bbox 1030 2599 1245 2631; x_wconf 84' lang='lat' dir='ltr'>festinatione</span> <span class='ocrx_word' id='word_1_377' title='bbox 1259 2598 1404 2631; x_wconf 85' lang='lat' dir='ltr'>librarii.</span> <span class='ocrx_word' id='word_1_378' title='bbox 1425 2600 1478 2630; x_wconf 82' lang='lat' dir='ltr'>M.</span> 
     </span>
    </p>

    <p class='ocr_par' dir='ltr' id='par_1_13' title="bbox 940 2642 1433 2676">
     <span class='ocr_line' id='line_1_57' title="bbox 940 2642 1433 2676; baseline 0 -3"><span class='ocrx_word' id='word_1_379' title='bbox 940 2645 1072 2676; x_wconf 78' lang='lat' dir='ltr'>Autem.</span> <span class='ocrx_word' id='word_1_380' title='bbox 1097 2642 1218 2675; x_wconf 86' lang='lat' dir='ltr'>Davis.</span> <span class='ocrx_word' id='word_1_381' title='bbox 1235 2643 1330 2674; x_wconf 88' lang='lat' dir='ltr'>malit</span> <span class='ocrx_word' id='word_1_382' title='bbox 1344 2646 1433 2675; x_wconf 75' lang='lat' dir='ltr'>item.</span> 
     </span>
    </p>

    <p class='ocr_par' dir='ltr' id='par_1_14' title="bbox 892 2686 1602 2992">
     <span class='ocr_line' id='line_1_58' title="bbox 943 2686 1602 2719; baseline 0 -1"><span class='ocrx_word' id='word_1_383' title='bbox 943 2688 999 2718; x_wconf 73' lang='lat' dir='ltr'>Ea:</span> <span class='ocrx_word' id='word_1_384' title='bbox 1024 2689 1143 2719; x_wconf 78' lang='lat' dir='ltr'>Italia.</span> <span class='ocrx_word' id='word_1_385' title='bbox 1182 2687 1235 2718; x_wconf 88' lang='lat' dir='ltr'>Sic</span> <span class='ocrx_word' id='word_1_386' title='bbox 1267 2686 1482 2719; x_wconf 83' lang='lat' dir='ltr'>scribendum</span> <span class='ocrx_word' id='word_1_387' title='bbox 1516 2697 1602 2718; x_wconf 83' lang='lat' dir='ltr'>esse.</span> 
     </span>
     <span class='ocr_line' id='line_1_59' title="bbox 895 2729 1600 2772; baseline 0 -10"><span class='ocrx_word' id='word_1_388' title='bbox 895 2730 1100 2763; x_wconf 84' lang='lat' dir='ltr'>Ciacconius</span> <span class='ocrx_word' id='word_1_389' title='bbox 1119 2732 1162 2763; x_wconf 88' lang='lat' dir='ltr'>ad</span> <span class='ocrx_word' id='word_1_390' title='bbox 1180 2731 1215 2762; x_wconf 92' lang='lat' dir='ltr'>h.</span> <span class='ocrx_word' id='word_1_391' title='bbox 1233 2732 1253 2763; x_wconf 92' lang='lat' dir='ltr'>l.</span> <span class='ocrx_word' id='word_1_392' title='bbox 1271 2737 1306 2762; x_wconf 87' lang='lat' dir='ltr'>et</span> <span class='ocrx_word' id='word_1_393' title='bbox 1320 2729 1457 2772; x_wconf 82' lang='lat' dir='ltr'>Lipsius</span> <span class='ocrx_word' id='word_1_394' title='bbox 1471 2729 1600 2769; x_wconf 87' lang='lat' dir='ltr'>(Elect.</span> 
     </span>
     <span class='ocr_line' id='line_1_60' title="bbox 896 2777 1597 2815; baseline -0.001 -9"><span class='ocrx_word' id='word_1_395' title='bbox 896 2779 928 2813; x_wconf 77' lang='lat'>2,</span> <span class='ocrx_word' id='word_1_396' title='bbox 958 2777 1016 2815; x_wconf 74' lang='lat'>22)</span> <span class='ocrx_word' id='word_1_397' title='bbox 1041 2777 1227 2807; x_wconf 86' lang='lat' dir='ltr'>docuerunt</span> <span class='ocrx_word' id='word_1_398' title='bbox 1242 2787 1250 2806; x_wconf 78' lang='lat' dir='ltr'>t</span> <span class='ocrx_word' id='word_1_399' title='bbox 1284 2785 1361 2806; x_wconf 89' lang='lat' dir='ltr'>nam</span> <span class='ocrx_word' id='word_1_400' title='bbox 1388 2780 1597 2806; x_wconf 87' lang='lat' dir='ltr'>constantem</span> 
     </span>
     <span class='ocr_line' id='line_1_61' title="bbox 896 2818 1598 2857; baseline 0.001 -7"><span class='ocrx_word' id='word_1_401' title='bbox 896 2819 995 2851; x_wconf 87' lang='lat' dir='ltr'>codd.</span> <span class='ocrx_word' id='word_1_402' title='bbox 1012 2826 1046 2851; x_wconf 80' lang='lat' dir='ltr'>et</span> <span class='ocrx_word' id='word_1_403' title='bbox 1064 2825 1144 2851; x_wconf 82' lang='lat' dir='ltr'>vett.</span> <span class='ocrx_word' id='word_1_404' title='bbox 1159 2819 1237 2850; x_wconf 85' lang='lat' dir='ltr'>edd.</span> <span class='ocrx_word' id='word_1_405' title='bbox 1253 2818 1451 2857; x_wconf 85' lang='lat' dir='ltr'>lectionem,</span> <span class='ocrx_word' id='word_1_406' title='bbox 1469 2821 1505 2850; x_wconf 82' lang='lat' dir='ltr'>in</span> <span class='ocrx_word' id='word_1_407' title='bbox 1525 2820 1598 2851; x_wconf 82' lang='lat' dir='ltr'>Ita-</span> 
     </span>
     <span class='ocr_line' id='line_1_62' title="bbox 894 2861 1599 2906; baseline 0 -12"><span class='ocrx_word' id='word_1_408' title='bbox 894 2865 992 2901; x_wconf 72' lang='lat' dir='ltr'>liam,</span> <span class='ocrx_word' id='word_1_409' title='bbox 1016 2863 1186 2906; x_wconf 82' lang='lat' dir='ltr'>redarguit</span> <span class='ocrx_word' id='word_1_410' title='bbox 1205 2874 1272 2894; x_wconf 92' lang='lat' dir='ltr'>non</span> <span class='ocrx_word' id='word_1_411' title='bbox 1302 2863 1405 2894; x_wconf 85' lang='lat' dir='ltr'>modo</span> <span class='ocrx_word' id='word_1_412' title='bbox 1429 2873 1481 2894; x_wconf 86' lang='lat' dir='ltr'>res</span> <span class='ocrx_word' id='word_1_413' title='bbox 1512 2861 1599 2906; x_wconf 81' lang='lat' dir='ltr'>ipsa,</span> 
     </span>
     <span class='ocr_line' id='line_1_63' title="bbox 894 2906 1595 2947; baseline 0 -9"><span class='ocrx_word' id='word_1_414' title='bbox 894 2908 953 2939; x_wconf 84' lang='lat' dir='ltr'>sed</span> <span class='ocrx_word' id='word_1_415' title='bbox 969 2914 1004 2939; x_wconf 86' lang='lat' dir='ltr'>et</span> <span class='ocrx_word' id='word_1_416' title='bbox 1018 2908 1111 2939; x_wconf 87' lang='lat' dir='ltr'>locus</span> <span class='ocrx_word' id='word_1_417' title='bbox 1126 2906 1249 2940; x_wconf 86' lang='lat' dir='ltr'>Dionis</span> <span class='ocrx_word' id='word_1_418' title='bbox 1260 2906 1370 2940; x_wconf 81' lang='lat' dir='ltr'>Cassii</span> <span class='ocrx_word' id='word_1_419' title='bbox 1385 2906 1456 2946; x_wconf 76' lang='lat'>(43,</span> <span class='ocrx_word' id='word_1_420' title='bbox 1472 2907 1521 2947; x_wconf 80' lang='lat'>4),</span> <span class='ocrx_word' id='word_1_421' title='bbox 1537 2907 1595 2939; x_wconf 84' lang='lat' dir='ltr'>ubi</span> 
     </span>
     <span class='ocr_line' id='line_1_64' title="bbox 892 2951 1595 2992; baseline 0 -8"><span class='ocrx_word' id='word_1_422' title='bbox 892 2951 1026 2992; x_wconf 74' lang='lat' dir='ltr'>disertis</span> <span class='ocrx_word' id='word_1_423' title='bbox 1043 2951 1157 2985; x_wconf 80' lang='lat' dir='ltr'>verbis</span> <span class='ocrx_word' id='word_1_424' title='bbox 1171 2957 1234 2991; x_wconf 78' lang='lat' dir='ltr'>est,</span> <span class='ocrx_word' id='word_1_425' title='bbox 1260 2952 1429 2985; x_wconf 72' lang='lat' dir='ltr'>Caesarem</span> <span class='ocrx_word' id='word_1_426' title='bbox 1453 2957 1488 2984; x_wconf 79' lang='lat' dir='ltr'>et</span> <span class='ocrx_word' id='word_1_427' title='bbox 1502 2951 1595 2990; x_wconf 67' lang='lat' dir='ltr'>mili÷</span> 
     </span>
    </p>
   </div>
  </div>
 </body>
</html>
