1946 3261
633 242 749 285 LIB.
784 242 921 284 CAP.
955 242 1141 285 26-29.
1170 262 1173 264 >
1527 241 1607 285 559

136 366 288 421 quenti
335 374 532 425 tempore
581 366 866 425 Ventisponte
912 368 1120 425 oppidum
1171 383 1307 426 quum
1352 366 1609 427 obpugnare

138 424 351 481 coepisset,
383 425 600 469 deditione
638 425 768 475 facta,
802 427 884 468 iter
905 426 1005 468 fecit
1038 426 1080 468 in
1101 427 1337 470 Carrucam
1371 434 1609 485 contraque

140 480 394 541 Pompeium
423 494 560 527 castra
590 485 749 542 posuit.
813 484 1042 541 Pompeius
1063 485 1285 541 oppidum,
1323 483 1440 543 quod
1457 494 1610 528 eontra

136 554 210 582 sua
240 543 435 599 praesidia
466 551 611 600 portas
639 543 871 591 clausisset,
910 542 1124 589 incendit;
1159 542 1377 600 milesque,
1415 544 1491 600 qui
1523 544 1609 587 fra-

134 605 249 642 trem
270 617 395 650 suum
431 601 474 643 in
511 601 658 644 castris
677 601 929 658 jugulasset,
963 601 1231 657 interceptus
1258 610 1321 643 est
1348 618 1372 643 a
1393 602 1546 644 nostris
1565 610 1610 646 et

137 655 240 700 fusti
264 674 499 716 percussus.
565 658 679 701 Hinc
703 660 853 702 itinere
874 659 1005 708 facto,
1033 659 1076 701 in
1102 673 1301 715 campum
1324 659 1611 703 Mundensem

135 729 272 772 quum
294 725 402 759 esset
419 725 614 767 ventum,
635 726 771 759 castra
794 726 943 760 contra
968 716 1224 775 Pompeium
1243 717 1476 759 constituit.
1540 758 1542 760 ,

197 775 267 816 28.
287 775 513 833 ‘Sequenti
531 776 600 818 die
622 791 758 833 quum
774 776 857 818 iter
880 777 1019 818 facere
1039 776 1181 819 Caesar
1197 790 1295 817 cum
1316 775 1447 832 copiis
1464 776 1610 826 vellet,

139 833 436 876 renunciatum
474 842 536 876 est
581 835 636 877 ab
686 834 1047 892 speculatoribus,
1094 833 1349 892 Pompeium
1390 832 1444 874 de
1481 836 1612 877 tertia

138 890 286 948 vigilia
306 892 345 934 in
371 892 460 935 acie
480 893 659 936 stetisse.
726 892 821 936 Hoc
856 893 1010 935 nuncio
1037 892 1199 941 adlato,
1221 891 1429 934 vexillum
1454 908 1611 951 propo-

137 950 238 992 suit.
299 949 467 993 Idcirco
511 952 622 994 enim
661 952 804 1009 copias
841 951 1066 1001 eduxerat,
1098 951 1217 1009 quod
1255 950 1612 994 Versaonensium

138 1007 302 1051 civitati
327 1010 504 1052 fuissent
537 1010 747 1053 fautores:
782 1019 908 1053 antea
927 1009 1095 1052 litteras
1117 1010 1308 1058 miserat,
1349 1016 1378 1034 “
1403 1007 1613 1052 Caesarem

138 1071 168 1091 “
193 1067 306 1109 nolle
327 1067 369 1110 in
390 1068 627 1111 convallem
650 1069 921 1119 descendere,
942 1069 1059 1125 quod
1079 1069 1283 1126 majorem
1306 1076 1475 1126 partem
1496 1084 1613 1111 exer-

138 1128 169 1151 “
192 1126 303 1168 citus
324 1126 508 1169 tironem
530 1126 755 1170 haberet.''
819 1127 900 1170 Hae
923 1126 1082 1169 litterae
1098 1127 1372 1170 vehementer
1394 1126 1614 1169 confirma-

137 1183 244 1227 bant
277 1193 439 1228 mentes
460 1186 788 1244 oppidanorum.
853 1186 937 1235 Ita,
968 1185 1046 1228 hac
1075 1186 1274 1244 opinione
1301 1185 1455 1234 fretus,
1472 1194 1616 1229 totum

137 1257 180 1284 se
201 1244 338 1287 facere
362 1260 483 1302 posse
507 1244 778 1287 existimabat
797 1261 805 1285 :
840 1244 997 1287 etenim
1022 1252 1065 1286 et
1088 1254 1241 1287 natura
1263 1243 1346 1287 loci
1362 1243 1616 1288 defendeba-

138 1311 213 1346 tur
234 1312 278 1345 et
311 1303 442 1360 ipsius
464 1301 616 1360 oppidi
637 1303 888 1352 munitione,
918 1303 992 1345 ubi
1022 1312 1162 1346 castra
1189 1303 1341 1346 habuit
1368 1303 1614 1346 constituta.

143 1362 358 1420 Namque,
386 1370 436 1403 ut
469 1362 667 1419 superius
705 1361 1104 1412 demonstravimus,
1141 1362 1234 1404 loca
1271 1360 1521 1404 excellentia
1548 1370 1616 1404 tu-

140 1421 267 1463 mulis
287 1419 524 1465 contineri:
556 1420 728 1462 interim
751 1421 870 1463 nulla
892 1421 1070 1479 planitia
1085 1420 1252 1463 dividit.

199 1479 268 1522 29.
306 1478 394 1521 Sed
426 1479 589 1521 ratione
624 1478 742 1521 nulla
782 1479 946 1537 placuit
977 1479 1111 1521 taceri
1143 1478 1204 1528 id,
1233 1479 1352 1536 quod
1385 1494 1434 1521 eo
1468 1478 1617 1522 incidit

140 1546 350 1595 tempore.
399 1537 603 1580 Planities
623 1537 735 1580 inter
756 1547 939 1596 utraque
963 1546 1100 1580 castra
1122 1537 1428 1587 intercedebat,
1448 1537 1618 1580 circiter

140 1597 259 1639 milia
282 1612 480 1654 passuum
508 1596 714 1653 quinque,
738 1605 787 1638 ut
814 1597 975 1640 auxilia
1000 1596 1194 1654 Pompeii
1220 1596 1387 1643 duabus
1417 1596 1618 1639 defende-

141 1664 294 1698 rentur
320 1655 464 1704 rebus,
503 1654 652 1712 oppidi
687 1655 841 1698 excelsi
869 1664 912 1699 et
940 1654 1022 1698 loci
1053 1664 1222 1697 natura.
1287 1654 1402 1696 Hinc
1431 1654 1620 1711 dirigens

142 1714 339 1772 proxima
372 1713 568 1772 planities
603 1714 874 1770 aequabatur,
910 1715 1031 1772 cujus
1071 1712 1297 1756 decursum
1337 1712 1621 1757 antecedebat

142 1773 276 1822 rivus,
298 1773 375 1830 qui
395 1772 450 1814 ad
478 1788 627 1816 eorum
646 1788 857 1815 accessum
884 1788 1089 1815 summam
1111 1772 1324 1814 efficiebat
1356 1771 1438 1814 loci
1462 1771 1620 1829 iniqui-

141 1839 298 1875 tatem:
333 1847 429 1873 nam
461 1830 646 1889 palustri
675 1841 717 1874 et
737 1833 992 1889 voraginoso
1013 1831 1102 1874 solo
1129 1847 1307 1874 currens
1330 1839 1423 1873 erat
1443 1831 1495 1873 ad
1516 1831 1617 1873 dex-

141 1898 274 1933 trum.
336 1889 396 1932 Et
420 1890 577 1940 Caesar,
603 1906 740 1948 quum
763 1891 896 1935 aciem
912 1891 1121 1935 directam
1146 1890 1335 1940 vidisset,
1362 1905 1446 1933 non
1465 1889 1619 1933 habuit

191 2045 394 2085 Contraque.
434 2043 488 2075 Sic
517 2044 676 2076 Clarkius
701 2054 720 2074 e
747 2044 844 2076 codd.

147 2085 260 2128 Vulgo
275 2088 396 2129 copula
412 2088 516 2120 deest.

194 2133 291 2163 Fusti
314 2141 497 2172 percussus.

147 2175 269 2216 Polyb.
286 2177 316 2214 6,
334 2178 388 2206 35.

197 2220 374 2251 Vexillum.
387 2218 457 2250 vid.
481 2219 550 2249 Ind.
581 2220 630 2249 M.

195 2263 287 2297 Quod
322 2264 577 2294 Ursaonensium
617 2265 754 2294 civitatis
791 2265 850 2304 qui

138 2306 445 2348 ficissentfautores.
492 2305 544 2337 Sic
564 2306 737 2346 legendum
754 2312 848 2347 puto.

148 2349 270 2381 Sensus
285 2357 346 2388 est,
373 2350 510 2381 miserat
536 2349 663 2381 litteras
687 2350 739 2381 his
763 2349 850 2381 civi-

966 2045 1085 2076 Totum
1101 2043 1226 2084 facere,
1253 2043 1374 2081 facere,
1399 2053 1475 2084 quae
1501 2043 1616 2075 vellet.

917 2088 1042 2118 Duker.
1066 2088 1106 2117 de
1130 2087 1241 2118 Latin.
1281 2086 1464 2119 Juriscons.
1491 2097 1524 2128 p.
1540 2090 1616 2119 353.

916 2131 1064 2163 Ouzleml.
1111 2130 1242 2163 Scil.ea
1259 2130 1385 2162 locutio
1410 2131 1501 2172 apud
1516 2130 1616 2172 Ulpi·

912 2185 1013 2206 anum
1043 2175 1198 2206 occurrit.
1245 2175 1344 2216 Apud
1367 2174 1562 2206 Petronium
1585 2186 1615 2206 c.

915 2221 967 2250 37.
998 2220 1253 2250 Trimalchionis
1267 2224 1406 2259 tapama
1422 2224 1478 2251 est.

962 2263 1114 2304 Namque
1137 2263 1266 2294 dividit.
1301 2263 1344 2293 Et
1360 2263 1431 2294 haec
1447 2269 1612 2305 conrupta

914 2310 1000 2337 sunt.
1033 2307 1081 2337 M.
1128 2306 1277 2347 Respice
1302 2307 1344 2337 ad
1371 2306 1408 2338 C.
1439 2309 1467 2345 l,
1497 2310 1549 2338 43.
1577 2314 1611 2338 et

914 2350 1033 2381 Af.51.
1079 2350 1170 2382 Mira
1195 2351 1229 2381 h.
1247 2351 1269 2381 1.
1295 2355 1345 2381 est
1373 2350 1530 2382 lectionis
1554 2361 1610 2382 va-

546 2131 595 2162 De
626 2130 788 2163 fustuario
816 2143 846 2162 v.

146 2393 227 2424 tatis
241 2394 316 2425 Urs.
331 2394 381 2433 (in
396 2394 533 2425 civitate
550 2393 653 2433 Urs),
674 2394 731 2435 qui
748 2394 848 2435 hujus

147 2437 295 2468 civitatis
311 2437 456 2470 fautores
470 2437 628 2478 Pompeii
646 2438 798 2475 fuissent,
815 2437 848 2467 h.

149 2490 179 2511 e.
191 2486 283 2512 erant
298 2482 427 2512 utsolet.
439 2481 494 2512 hic
511 2481 772 2523 scriptorloqui.
797 2481 848 2512 De

149 2524 269 2556 litteris
283 2531 332 2556 est
348 2535 377 2555 c.
392 2527 446 2555 26.
490 2524 580 2567 Ergo
606 2532 746 2567 utroque
771 2526 848 2556 loco

150 2567 205 2599 vel
227 2570 365 2600 Urmon.
381 2568 437 2599 vel
461 2569 617 2600 Ver-saon·
634 2570 775 2610 legitur3
791 2569 847 2599 sed

151 2612 245 2654 prius
261 2618 310 2643 est
324 2611 459 2643 rectius.
495 2611 584 2649 Quia
600 2624 679 2644 vero
692 2614 768 2644 edd.
785 2617 848 2643 vet.

153 2657 276 2687 Fausto
302 2662 378 2686 ante
404 2655 545 2687 verbum
571 2662 670 2688 antea
691 2656 850 2694 inserunt,

150 2699 270 2730 maluit
299 2699 389 2730 Oud.
426 2699 525 2741 quod,
563 2702 622 2741 qui
660 2702 756 2732 Ursa.
786 2702 849 2731 cir.

146 2743 344 2784 praefuisset,
363 2744 499 2780 Fausto,
516 2749 618 2774 mma
633 2746 656 2775 l.
673 2756 719 2775 m.
755 2742 851 2774 Nihil

151 2793 276 2818 certum
300 2786 400 2818 estin
426 2786 491 2817 hoc
508 2786 608 2818 libro.
634 2789 684 2819 M.
723 2786 765 2817 V.
780 2792 848 2818 not.

147 2831 190 2862 ai
203 2841 234 2862 c.
250 2833 304 2863 26.

200 2874 374 2906 Exercitus
400 2875 549 2905 tironem.
590 2872 701 2914 Vulgo
728 2878 851 2908 θωπεί-

152 2923 235 2957 tum,
248 2923 285 2951 ut
297 2927 377 2961 cap.
391 2919 445 2950 26.
468 2916 537 2950 Alii
549 2919 704 2951 tironum.

910 2400 1022 2425 netas.

959 2439 1120 2470 Planities
1143 2439 1353 2479 aequabatur,
1367 2449 1462 2479 aequa
1488 2444 1558 2470 erat
1583 2450 1609 2470 s.

913 2492 1009 2522 aequa
1023 2481 1253 2523 procuri-ebat.
1286 2481 1376 2519 Quid
1395 2482 1436 2513 sit
1451 2482 1610 2524 dirigens,

912 2525 1038 2556 nescio.
1067 2526 1116 2557 M.
1163 2526 1262 2563 Puto,
1276 2531 1378 2564 recta,
1395 2525 1532 2558 directa.

959 2571 1104 2601 Currens
1132 2573 1206 2600 erat
1231 2570 1338 2611 (vulg.
1366 2570 1537 2609 currebat)
1564 2571 1611 2602 ad

914 2614 1068 2645 cle-rtrum
1080 2614 1196 2653 (vulgo
1213 2614 1366 2645 dextram
1376 2615 1538 2654 partem).
1554 2615 1610 2646 Et.

913 2658 977 2688 Pro
992 2662 1122 2698 partem
1140 2658 1183 2688 Ec
1208 2657 1240 2687 in
1256 2657 1354 2688 cedd.
1382 2662 1431 2687 est
1454 2657 1489 2688 id
1507 2658 1609 2698 quod.

913 2700 1003 2742 Ergo
1031 2700 1171 2742 legitur:
1200 2710 1339 2731 curren-s-
1363 2705 1436 2731 erat
1461 2700 1507 2732 ad
1531 2701 1612 2732 dez·-

914 2750 1015 2776 trum.
1063 2743 1156 2778 Quod
1173 2745 1257 2774 Caes.
1274 2754 1378 2784 quum
1395 2754 1435 2774 ac
1450 2744 1515 2774 dir.
1555 2744 1610 2776 Sic

915 2789 1002 2829 quod
1031 2798 1135 2829 quum
1165 2786 1387 2828 conjungitur.
1417 2797 1449 2818 v.
1478 2787 1549 2820 Ind.
1577 2788 1611 2820 in

914 2832 1014 2873 quod.
1043 2831 1091 2861 M.
1128 2830 1215 2861 Usus
1231 2830 1402 2871 participii
1416 2840 1493 2862 cum
1508 2832 1612 2864 verbo

914 2873 1123 2906 substantivo
1147 2873 1250 2905 etiam
1274 2873 1415 2916 optimis
1439 2874 1616 2917 scriptori.

916 2918 980 2950 bus
994 2923 1106 2951 notus.
1120 2917 1188 2950 vid.
1213 2917 1287 2952 Cic.
1303 2917 1398 2951 Orat.
1413 2928 1443 2951 c.
1461 2920 1510 2952 13.
