1946 3261
685 243 800 297 ΠΒ.
863 249 1001 297 oAP.
1035 251 1192 297 9-12,
1278 234 1283 237 ’
1577 257 1661 301 547

174 376 266 419 tino
305 377 582 439 telorumque
622 377 904 424 multitudine
941 381 1082 439 jactus
1126 379 1267 423 facere
1305 388 1547 440 coeperunt,
1589 384 1656 427 uti

171 449 370 495 magnam
406 448 578 498 partem
608 439 829 483 hominum
850 439 1103 482 vulneribus
1127 439 1372 482 adficerent.
1438 441 1536 491 Quo
1556 457 1652 500 per·

170 502 284 545 acto,
314 512 449 554 quum
482 510 536 541 ex
570 499 746 542 castello
783 513 1026 557 repugnare
1069 497 1310 555 coepissent,
1344 504 1387 541 et
1417 500 1650 556 majoribus

170 555 319 597 castris
332 556 511 599 Caesaris
527 557 709 600 nuncius
729 567 838 601 esset
852 556 1038 606 adlatus,
1055 571 1153 598 cum
1173 557 1313 599 tribus
1329 557 1569 615 legionibus
1585 568 1650 603 est

169 612 392 669 profectus
419 623 487 665 et,
515 631 650 672 quum
681 616 736 659 ad
763 632 833 660 eos
862 615 1267 674 adpropinquasset,
1298 615 1401 672 fuga
1425 618 1649 674 perterriti

166 670 296 713 multi
317 681 417 715 sunt
435 674 670 723 interfecti,
689 675 931 733 complures
950 674 1092 734 capti;
1126 674 1168 716 in
1185 674 1344 731 quibus
1363 673 1451 716 duo
1474 678 1499 703 *
1520 677 1649 719 multi

166 734 379 786 praeterea
415 733 543 776 armis
575 733 694 776 exuti
730 734 963 792 fugerunt;
1006 748 1193 791 quorum
1222 740 1344 776 scuta
1379 741 1479 776 sunt
1509 734 1646 778 relata

163 788 402 847 octOginta.

228 847 295 890 10.
345 848 596 908 Insequenti
637 850 734 894 luce
777 851 1017 911 Arguetius
1053 867 1106 893 ex
1144 848 1270 892 Italia
1308 865 1407 892 cum
1442 852 1643 909 equitatu

164 906 300 949 venit.
379 908 419 951 Is
455 909 576 967 signa
619 910 963 967 Saguntinorum
1003 909 1158 952 retulit
1198 909 1406 967 quinque,
1450 926 1547 967 quae
1585 911 1642 954 ab

162 965 390 1022 oppidanis
410 968 544 1026 cepit.
608 969 698 1010 Suo
720 968 814 1011 loco
837 969 1083 1026 praeteritus
1120 977 1199 1016 est,
1239 967 1356 1026 quod
1391 968 1558 1025 equites
1588 984 1643 1012 ex

163 1019 293 1066 Italia
309 1040 406 1068 cum
428 1027 671 1084 Asprenate
688 1027 742 1069 ad
764 1028 975 1070 Caesarem
996 1027 1220 1070 venissent.
1283 1026 1347 1069 Ea
1364 1035 1491 1069 nocte
1517 1027 1642 1071 Pom-

161 1080 285 1139 peius
304 1093 444 1128 castra
464 1101 539 1128 sua
554 1085 745 1128 incendit
767 1095 810 1128 et
834 1087 890 1129 ad
917 1086 1164 1129 Cordubam
1199 1101 1347 1128 versus
1383 1085 1467 1127 iter
1499 1085 1642 1130 facere

160 1140 310 1200 coepit.
374 1142 486 1194 Rex,
506 1147 674 1187 nomine
698 1144 822 1193 Indo,
846 1145 921 1203 qui
949 1161 1046 1187 cum
1068 1145 1267 1203 equitatu
1284 1160 1379 1186 suas
1401 1144 1546 1202 copias
1566 1144 1640 1188 ad-

160 1197 363 1250 duxerat,
396 1202 500 1245 dum
532 1203 727 1261 cupidius
764 1219 918 1261 agmen
950 1203 1293 1246 adversariorum
1328 1202 1584 1260 insequitur,
1614 1220 1641 1248 a

87 1275 95 1286 ·
159 1259 401 1303 vernaculis
423 1260 668 1319 legionariis
691 1271 898 1320 exceptus
920 1270 984 1305 est
1006 1271 1049 1304 et
1071 1263 1339 1305 interfectus.

223 1317 288 1361 ll.
326 1306 505 1363 Postero
535 1320 604 1363 die
627 1321 794 1378 equites
826 1322 960 1363 nostri
996 1321 1165 1379 longius
1187 1320 1241 1362 ad
1267 1319 1517 1364 Cordubam
1542 1337 1638 1366 ver-

159 1391 228 1419 sus
268 1379 487 1435 prosecuti
527 1389 625 1422 sunt
668 1395 754 1426 eos.
786 1380 861 1437 qui
893 1388 1156 1422 commeatus
1185 1379 1239 1421 ad
1271 1389 1410 1422 castra
1443 1380 1639 1440 Pompeii

158 1450 212 1478 ex
233 1435 398 1495 oppido
418 1439 678 1496 portabant;
711 1454 763 1480 ex
784 1438 831 1480 iis
861 1438 977 1496 capti
1002 1437 1038 1479 L
1059 1454 1154 1480 cum
1181 1438 1386 1495 jumentis
1413 1439 1467 1481 ad
1489 1449 1636 1483 nostra

158 1493 338 1538 adducti
376 1505 477 1539 sunt
517 1505 672 1539 castra.
743 1496 906 1539 Eodem
947 1496 1015 1538 die
1054 1497 1106 1546 Q.
1149 1496 1360 1546 Marcius,
1413 1497 1636 1541 Tribunus

157 1553 342 1597 rnilitum
375 1556 451 1612 qui
487 1556 635 1599 fuisset
679 1555 889 1614 Pompeii,
930 1555 985 1597 ad
1029 1571 1102 1597 nos
1140 1555 1391 1613 transfugit,
1422 1564 1466 1598 et
1500 1557 1638 1601 noctis

156 1613 288 1656 tertia
315 1613 464 1672 vigilia
496 1615 538 1657 in
575 1614 738 1682 oppido
771 1614 977 1656 acerrime
1015 1622 1260 1673 pugnatum
1295 1623 1373 1666 est,
1404 1613 1635 1673 ignemque

154 1671 342 1714 multum
363 1673 586 1722 miserunt,
610 1690 668 1716 s1c
690 1682 738 1715 ut
761 1688 885 1715 omne
908 1688 1059 1731 genus,
1083 1672 1243 1730 quibus
1264 1673 1373 1730 ignis
1400 1689 1478 1730 per
1496 1673 1636 1731 jactus

154 1729 305 1773 solitus
334 1740 397 1774 est
424 1732 557 1781 mitti,
590 1740 877 1775 exerceretur.
944 1731 1042 1775 Hoc
1077 1731 1299 1789 praeterito
1333 1740 1544 1790 tempore,
1578 1733 1615 1776 C

157 1786 422 1840 Fundanius,
445 1791 590 1850 Eques
613 1791 849 1842 Romanus,
873 1807 925 1834 ex
947 1790 1095 1834 castris
1116 1791 1462 1834 adversariorum
1483 1791 1538 1834 ad
1559 1807 1634 1836 nos

153 1847 405 1907 transfugit.

218 1907 283 1950 12.
320 1907 500 1952 Postero
521 1908 592 1952 die
613 1926 664 1952 ex
684 1909 853 1968 legione
886 1908 1117 1952 vernacula
1138 1907 1293 1950 milites
1318 1917 1418 1951 sunt
1438 1925 1485 1951 ca
1523 1911 1555 1952 ti
1576 1911 1632 1953 ab

153 1966 373 2024 equitibus
405 1968 560 2011 nostris
590 1968 694 2018 duo,
727 1969 803 2025 qui
823 1969 1041 2017 dixerunt,
1076 1983 1119 2009 se
1142 1983 1287 2009 servos
1319 1983 1418 2009 esse.
1485 1926 1631 2017 guum

153 2026 365 2076 venirent,
399 2027 559 2085 cogniti
582 2036 680 2070 sunt
703 2043 729 2069 a
749 2027 972 2076 militibus,
1010 2026 1085 2083 qui
1123 2034 1248 2067 antea
1286 2041 1382 2067 cum
1415 2025 1554 2069 Fabio
1586 2036 1631 2070 et

156 2082 291 2127 Pedio
328 2084 503 2128 fuerant
535 2094 579 2128 et
614 2102 639 2127 a
669 2085 889 2129 Trebonio
922 2085 1256 2141 transfugerant.
1320 2084 1394 2126 Eis
1413 2083 1468 2126 ad
1489 2085 1630 2143 ignos-

153 2143 337 2186 cendum
357 2144 477 2186 nulla
499 2152 563 2186 est
584 2143 687 2187 data
707 2145 890 2187 facultas
922 2152 963 2186 et
1001 2160 1026 2186 a
1062 2142 1271 2185 militibus
1305 2143 1460 2185 nostris
1498 2144 1627 2188 inter-

151 2192 275 2258 fect&
309 2211 424 2246 sunt.
489 2202 609 2246 Idem
639 2195 848 2262 temporis
877 2203 992 2260 capti
1015 2201 1247 2250 tabellarii,
1270 2200 1346 2258 qui
1367 2217 1392 2243 a
1415 2201 1627 2247 Corduba

149 2259 204 2303 ad
226 2260 485 2320 Pompeium
505 2262 618 2305 missi
637 2271 760 2305 erant
781 2277 1098 2321 perperamque
1119 2259 1174 2303 ad
1204 2268 1342 2303 castra
1362 2270 1509 2304 nostra
1530 2279 1625 2321 per-

198 2390 277 2421 Duo
303 2388 323 2409 ¹*
346 2391 456 2422 multi.
510 2390 654 2421 Videtur
689 2389 855 2421 excidisse
971 2391 1152 2422 Prosecuti.
1198 2389 1252 2421 Sic
1279 2389 1377 2420 codd.
1402 2395 1437 2421 et
1459 2390 1535 2422 edd.
1559 2397 1624 2423 vet.

158 2432 300 2468 Tribuni
322 2433 377 2464 vel
406 2435 620 2467 Centuriones
637 2433 692 2466 vel
714 2433 793 2475 quid
811 2433 857 2465 si·
925 2433 993 2464 Alii
1006 2435 1176 2474 persecuti.

152 2475 244 2509 mile.
971 2478 1014 2509 In
1029 2478 1157 2519 oppido.
1195 2478 1340 2519 Ategua.
1361 2478 1484 2510 Forsan
1501 2478 1564 2520 leg.
1580 2489 1623 2510 ex

163 2556 166 2559 Δ
199 2522 478 2562 Saguntinorum.
519 2522 654 2564 Ergone
669 2521 732 2554 hos
749 2521 782 2552 in
800 2521 857 2553 iti·
921 2522 1049 2564 oppielo.

151 2574 230 2596 nere
246 2564 438 2605 obpressit?
465 2566 517 2596 M.
969 2566 1073 2597 Omne
1098 2575 1203 2607 genus
1224 2565 1413 2604 (telorum),
1433 2567 1554 2607 quibus
1563 2583 1620 2599 —.

199 2611 266 2640 Suo
281 2610 349 2641 loco
365 2626 409 2631 —
424 2611 597 2642 venissent.
627 2608 855 2651 Inexplicabi·
922 2608 973 2640 Cf.
989 2609 1027 2640 B.
1045 2609 1098 2640 Al.
1119 2610 1168 2640 14.
1183 2609 1223 2639 de
1237 2610 1409 2641 malleolo.
1441 2611 1492 2641 M.
1537 2609 1622 2642 Ver·

150 2652 193 2684 lis
209 2653 318 2684 locus.
344 2652 412 2684 Alii
430 2652 557 2684 habent
576 2656 782 2695 praecerrims
797 2658 855 2684 aut
920 2653 1001 2684 bum
1021 2658 1228 2684 ewen-eretur
1252 2653 1345 2684 dedit
1361 2653 1478 2684 Davis.
1494 2664 1526 2684 e.
1542 2655 1620 2686 cod.

147 2699 353 2738 perterritus.
389 2697 556 2738 Asprenas
571 2698 709 2738 quidam
725 2697 765 2727 B.
782 2697 853 2728 Ast.
921 2697 1061 2729 Norvic.
1078 2702 1112 2727 et
1126 2706 1145 2726 e
1161 2696 1277 2727 Petav.
1289 2697 1376 2727 Oud.
1396 2696 1620 2735 Alii,omisso

151 2750 182 2772 c.
200 2743 232 2772 8.
251 2746 532 2772 commemoratus
545 2747 608 2772 est.
642 2742 693 2772 M.
726 2740 853 2781 Scalig.
919 2741 1037 2779 verbo,
1065 2740 1178 2780 legunt
1203 2742 1285 2772 sicut
1315 2745 1346 2772 et
1376 2751 1473 2772 omne
1501 2751 1619 2783 yenus.

151 2784 243 2817 dedit
262 2786 448 2826 praeteritus
465 2795 484 2816 e
499 2785 576 2816 cod.
613 2783 737 2816 Ursini.
766 2784 852 2815 Mox
917 2783 953 2815 In
971 2795 1055 2816 voce
1072 2784 1192 2825 quibus
1207 2789 1259 2814 est
1273 2783 1451 2825 synthesis.

150 2838 213 2860 sua
229 2829 351 2870 adjecit
367 2828 455 2859 Oud.
467 2839 486 2859 e
500 2829 600 2860 codd.
614 2833 648 2859 et
664 2828 741 2859 edd.
756 2833 819 2860 vet.
965 2830 1051 2860 Cum
1065 2828 1181 2858 Fabio.
1199 2826 1270 2858 Alii
1285 2828 1406 2866 Badio,
1426 2828 1534 2861 Babio
1550 2835 1617 2861 etc.

202 2873 378 2905 Vernae-uli
406 2878 482 2904 sunt
511 2872 710 2913 Pompeiani
723 2884 730 2901 ε
764 2882 793 2903 c.
821 2874 851 2902 7.
919 2872 1006 2903 Dein
1022 2873 1087 2912 leg.
1102 2871 1211 2903 forsan
1226 2881 1302 2903 cum
1324 2872 1494 2904 Trebonio.

150 2915 241 2958 Ergo
258 2916 315 2949 ille
337 2917 409 2949 Rex
433 2917 514 2949 Indo
530 2916 695 2949 Caesarem
712 2915 851 2958 adjuvit.
965 2916 1058 2947 Idem
1068 2917 1232 2957 tempori&
1263 2915 1318 2946 Sic
1335 2915 1434 2946 codd.
1448 2922 1483 2947 et
1497 2927 1529 2948 c.
1547 2921 1567 2950 3
1580 2923 1617 2950 et

148 2960 199 2991 M.
917 2961 972 2990 20.
1005 2959 1118 3001 Vulgo
1136 2959 1262 2992 Eodem
1272 2965 1431 3000 tempore.

1344 3002 1441 3036 2N2
