1946 3261
170 376 278 412 eam,
300 360 356 403 ad
377 360 495 405 milia
518 360 600 411 IV,
631 361 800 418 equites
824 360 924 410 CD,
948 359 1193 403 funditores
1222 357 1524 418 sagittariique
1545 358 1664 408 mile,

172 435 258 464 uno
279 430 522 466 commeatu
546 421 703 464 Caesari
724 427 1022 462 occurrerunt.
1085 418 1105 460 Ι
1111 428 1242 476 taque
1263 435 1362 461 cum
1381 418 1446 461 his
1466 417 1600 476 copiis
1619 425 1664 461 et

173 479 372 523 omnibus
390 480 631 538 legionibus
649 479 832 528 eductis,
855 478 967 520 sicut
988 485 1084 519 erat
1103 478 1352 527 instructus,
1372 485 1473 521 octo
1489 477 1663 520 milibus

172 555 375 597 passuum
395 539 453 581 ab
483 539 568 581 suis
600 539 764 588 castris,
799 538 856 580 ab
889 535 1104 594 Scipionis
1136 552 1240 580 vero
1269 545 1461 594 quatuor
1489 535 1664 586 milibus

173 613 380 656 passuum
404 598 531 655 longe
553 597 748 639 constitit
770 597 813 639 in
833 612 998 654 campo.

233 657 304 698 78.
337 655 447 698 Erat
484 655 698 714 oppidum
730 656 842 697 infra
871 663 1011 698 castra
1034 653 1263 712 ScipioniS‚
1299 654 1467 698 nomine
1497 655 1662 712 Tegea,

174 715 250 759 ubi
272 713 522 772 praesidium
540 722 739 771 equestre
758 714 930 756 circiter
948 713 1030 756 CD
1046 728 1224 756 numero
1242 712 1402 756 habere
1419 720 1664 757 consuerat.

176 775 243 817 Eo
264 772 464 830 equitatu
498 772 655 815 dextra
686 772 941 831 sinistraque
978 772 1147 815 directo
1180 772 1236 814 ab
1266 771 1417 831 oppidi
1438 771 1666 821 lateribus,

163 832 286 892 ipse,
318 831 563 891 legionibus
590 849 642 874 ex
664 833 814 874 castris
835 832 1004 875 eductis
1032 840 1165 889 atque
1188 831 1232 873 in
1250 832 1358 890 jugo
1380 830 1584 874 inferiore
1607 830 1670 872 in-

175 890 369 941 structis,
404 907 490 934 non
523 891 693 949 longius
722 892 811 934 fere
847 892 949 934 mile
979 907 1125 948 passus
1157 891 1214 934 ab
1242 892 1329 934 suis
1358 889 1670 933 munitionibus

174 966 446 1010 progressus,
485 951 529 994 in
551 951 640 993 acie
662 951 870 993 constitit.
937 950 1177 1007 Postquam
1205 949 1371 993 diutius
1399 949 1443 992 in
1466 966 1553 992 uno
1574 948 1669 991 loco

178 1009 329 1068 Scipio
365 1010 718 1053 commorabatur
740 1018 785 1052 et
814 1019 984 1068 tempus
1004 1009 1089 1052 diei
1122 1010 1165 1052 in
1187 1009 1278 1052 otio
1302 1009 1638 1052 consumebatur
1658 1022 1670 1058 ;

179 1069 325 1112 Caesar
345 1068 543 1126 equitum
561 1077 726 1111 turmas
748 1085 925 1111 suorum
955 1069 1082 1126 jubet
1116 1068 1159 1110 in
1192 1068 1379 1111 hostium
1406 1068 1671 1127 equitatum,

177 1127 254 1186 qui
276 1126 333 1170 ad
355 1127 570 1187 oppidum
592 1128 634 1170 in
656 1128 843 1170 statione
864 1137 977 1176 erat,
999 1128 1138 1170 facere
1154 1127 1484 1186 inpressionem;
1516 1127 1672 1170 levem÷

177 1203 264 1245 que
294 1195 576 1236 armaturam,
611 1186 861 1244 sagittarios
893 1187 1222 1243 funditoresque
1250 1187 1402 1230 eodem
1434 1186 1671 1230 submittit.

182 1245 313 1296 Quod
334 1246 408 1288 ubi
431 1255 623 1304 coeptum
645 1255 708 1288 est
730 1245 821 1288 fieri
841 1253 886 1288 et
907 1246 1028 1303 equis
1046 1247 1270 1289 concitatis
1288 1246 1315 1289 J
1322 1246 1454 1289 uliani
1476 1246 1673 1304 inpetum

180 1304 402 1354 fecissent3
441 1304 638 1348 Pacidius
656 1321 753 1348 suos
775 1305 943 1362 equites
963 1306 1245 1364 exporrigere
1266 1305 1400 1364 coepit
1422 1305 1465 1347 in
1482 1305 1674 1364 longitu-

180 1364 341 1413 dinem,
376 1371 426 1406 ut
462 1363 670 1407 haberent
700 1364 952 1406 facultatem
975 1373 1142 1407 turmas
1163 1365 1192 1408 J
1198 1365 1361 1407 ulianas
1383 1363 1675 1407 circumfundi

181 1432 227 1466 et
258 1422 393 1466 nihilo
421 1423 561 1465 minus
589 1423 820 1466 fortissime
848 1424 1143 1483 acerrimeque
1165 1439 1379 1482 pugnare.
1445 1423 1576 1473 Quod
1601 1422 1676 1466 ubi

184 1482 329 1525 Cfflar
366 1481 687 1532 animadvertit,
723 1490 955 1532 trecentos,
994 1499 1102 1539 quos
1144 1499 1197 1525 ex
1232 1483 1478 1540 legionibus
1511 1482 1674 1525 habere

181 1540 408 1600 expeditos
430 1550 726 1591 consueverat,
755 1558 808 1584 ex
831 1542 1027 1600 proxima
1055 1542 1238 1600 legione,
1272 1559 1369 1600 quae
1392 1543 1429 1585 ei
1452 1541 1610 1600 proelio
1632 1541 1677 1584 in

181 1601 270 1643 acie
293 1600 562 1650 constiterat,
581 1601 708 1658 jubet
729 1600 943 1658 equitatui
963 1617 1234 1644 succurrere.
1270 1602 1484 1644 Labienus
1501 1600 1677 1644 interim

182 1660 269 1702 suis
288 1660 509 1717 equitibus
525 1660 683 1702 auxilia
705 1660 923 1716 equestria
945 1660 1202 1702 submittere
1223 1661 1461 1717 sauciisque
1490 1677 1537 1702 ac
1557 1659 1677 1702 defa-

183 1718 334 1777 tigatis
370 1719 563 1777 integros
604 1719 1007 1775 recentioribusque
1047 1719 1214 1762 viribus
1251 1720 1419 1777 equites
1456 1719 1678 1762 subminis-

185 1786 316 1822 trare.
381 1777 618 1835 Postquam
651 1779 817 1836 equites
851 1778 878 1820 J
887 1778 1016 1820 uliani
1046 1779 1129 1821 CD
1156 1778 1243 1820 vim
1262 1778 1466 1828 hostium,
1498 1779 1552 1821 ad
1574 1794 1679 1835 qua-

185 1846 288 1880 tuor
309 1836 426 1879 milia
449 1852 647 1884 numero,
669 1837 879 1880 sustinere
902 1852 988 1880 non
1010 1846 1215 1896 poterant
1241 1847 1284 1880 et
1304 1854 1329 1880 a
1351 1837 1437 1880 levi
1459 1846 1682 1881 armatura

187 1895 479 1940 Numidarum
507 1895 851 1939 vulnerabantur
887 1896 1223 1955 minutatimque
1260 1896 1501 1940 cedebant:
1539 1898 1682 1940 Caesar

183 1955 367 1999 alteram
400 1955 512 1998 alam
548 1956 699 2007 mittit,
723 1956 800 2014 qui
822 1957 1119 2014 satagentibus
1147 1957 1349 1999 celeriter
1384 1963 1676 1999 occurrerent.

189 2014 289 2064 Quo
309 2014 426 2057 facto
448 2014 512 2056 sui
533 2014 693 2057 sublati
723 2016 927 2064 universi,
960 2016 1002 2058 in
1027 2015 1169 2058 hostes
1188 2015 1448 2073 inpressione
1471 2015 1602 2064 facta,
1635 2014 1678 2058 in

186 2072 338 2131 fugam
358 2073 624 2116 adversarios
645 2072 878 2124 dederunt,
908 2074 1058 2117 multis
1081 2074 1242 2123 occisis,
1263 2074 1563 2133 compluribus
1584 2073 1680 2116 vul-

187 2131 371 2175 neratis:
406 2131 588 2174 insecuti
609 2148 686 2190 per
704 2133 787 2175 tria
805 2134 924 2176 milia
936 2149 1156 2191 passuum,
1177 2150 1313 2191 usque
1336 2133 1378 2175 in
1401 2133 1530 2175 colles
1551 2132 1681 2175 hosti-

190 2245 275 2277 Mox
297 2256 386 2278 unu-e
407 2251 612 2278 commeatus
635 2253 697 2284 est,
716 2246 895 2277 multitudo

190 2301 256 2322 una
270 2290 492 2328 venientium,
506 2294 557 2322 ein
582 2291 777 2331 Transpore.
802 2291 851 2322 M.

239 2335 315 2366 Octo
342 2337 415 2366 mil.
438 2346 474 2375 p.
504 2351 549 2356 —-
578 2340 727 2375 quatuor
763 2335 837 2365 mil.
860 2346 898 2376 p.

193 2378 305 2410 Jurin.
321 2379 391 2420 legi
402 2379 504 2420 jubet
515 2389 572 2409 seat
585 2395 630 2401 —-
643 2379 770 2410 duobus
785 2384 817 2410 et
833 2378 898 2409 hoc

193 2429 398 2464 praeceperat
424 2434 454 2454 c.
471 2425 525 2455 75.
572 2422 636 2453 Sed
654 2429 745 2454 certe
761 2433 828 2453 non
848 2428 899 2454 est

193 2477 306 2508 operae
335 2467 484 2509 pretium
511 2467 553 2498 ad
584 2467 656 2498 haec
686 2466 814 2498 minuta
840 2468 900 2498 de-

966 2249 1044 2277 dere
1061 2258 1095 2277 se
1112 2247 1202 2278 circa
1216 2254 1355 2279 turmas.
1390 2247 1514 2290 Vulgo,
1531 2252 1676 2281 circum-

957 2291 1117 2332 fumlere.
1136 2293 1186 2323 M.
1226 2291 1419 2323 Infinitivus
1436 2293 1512 2324 loco
1522 2294 1677 2334 gerundii

967 2345 1034 2366 non
1058 2346 1146 2367 raro.
1172 2336 1215 2367 V.
1240 2337 1281 2368 G.
1309 2338 1340 2375 7,
1370 2339 1413 2368 26
1436 2343 1469 2368 et
1490 2339 1541 2368 71.
1591 2338 1677 2370 Dein

968 2380 1182 2411 accusativus
1206 2391 1264 2422 pro
1287 2380 1414 2418 dativo,
1443 2387 1478 2412 ut
1503 2381 1543 2412 C.
1573 2385 1604 2420 3,
1622 2384 1676 2413 61.

966 2425 1127 2465 praes-idm
1143 2426 1377 2457 circmmluoeit.
1415 2425 1517 2456 Ovid.
1536 2425 1678 2459 Metam.

971 2471 1003 2507 4,
1021 2471 1263 2509 360.juvenem
1281 2470 1575 2511 clrcumfzcmlt'cur.

193 2511 366 2543 scendere.
391 2512 424 2543 In
438 2522 576 2542 numero
592 2511 788 2543 IVvariant
800 2512 900 2543 codd.

192 2555 416 2597 Typographi
430 2555 516 2587 vitio
534 2556 624 2586 Oud.
653 2555 761 2586 editio
788 2566 902 2587 recen-

195 2599 264 2631 tior
280 2599 385 2631 habet
402 2601 469 2631 IX.

245 2644 369 2683 Teqoa.
406 2644 482 2674 Non
498 2649 549 2675 est
561 2644 680 2675 eadem
703 2654 781 2674 cum
815 2643 902 2685 Teqe

197 2688 346 2719 Ptolem.
362 2698 394 2719 v.
409 2687 576 2719 Cellarius
593 2688 614 2718 l.
630 2698 661 2718 c.

242 2734 270 2764 C
276 2734 309 2763 D
326 2742 479 2764 numero.
514 2731 660 2773 Egregie
674 2731 740 2762 hoc
757 2730 804 2762 sic
821 2742 904 2763 con-

196 2776 305 2808 stituit
339 2776 456 2807 Davis.
518 2777 554 2807 In
586 2775 795 2816 quibusdam
827 2777 902 2808 cod.

197 2821 321 2863 legitur
338 2821 428 2852 MM.
452 2819 523 2851 sive
547 2820 614 2852 duo
638 2820 744 2858 milia,
772 2820 805 2851 in
829 2821 906 2852 aliis

196 2866 291 2897 deest
303 2875 455 2897 numer-o.

245 2908 493 2950 circumfundi.
548 2908 602 2941 Sic
629 2919 649 2939 e
678 2909 779 2940 codd.
815 2908 908 2940 Oud.

199 2953 317 2986 edidit.
363 2954 424 2985 Est
456 2953 557 2993 idem,
585 2954 679 2995 quod
701 2952 907 2986 circumfun-

1018 2514 1108 2547 Quos
1128 2524 1168 2544 ea:
1193 2514 1379 2554 leqionibus
1392 2532 1437 2537 --
1452 2521 1679 2549 consueverat.

971 2556 1042 2587 vid.
1059 2568 1089 2588 c.
1109 2559 1161 2589 75.
1186 2558 1237 2588 M.

1018 2602 1073 2632 Εαῑ
1101 2604 1259 2642 γονοαήηια
1299 2603 1364 2641 leq.
1401 2619 1446 2624 -—-
1481 2605 1682 2637 constiterat.

970 2645 1053 2685 Leg.
1069 2656 1110 2676 ea*
1126 2647 1264 2686 leqione,
1279 2656 1354 2686 1711.ae
1370 2649 1529 2685 praa-ima
1545 2651 1576 2678 ei
1589 2659 1678 2689 μνω-

969 2691 1013 2721 Ιίο
1028 2692 1064 2720 in
1078 2701 1125 2721 ac.
1143 2696 1244 2721 conse.
1272 2690 1437 2721 Proelium
1451 2695 1501 2720 est
1517 2690 1577 2722 illa
1594 2694 1681 2725 veli-

969 2733 1056 2764 tatio
1084 2733 1261 2774 equestris,
1288 2744 1366 2774 quae
1396 2743 1484 2765 nunc
1517 2735 1571 2769 sit.
1589 2738 1678 2779 Ergo

974 2778 1158 2818 legionem.
1173 2788 1250 2817 quae
1269 2778 1299 2808 in
1315 2777 1392 2809 acie
1409 2778 1600 2818 (instructa)
1616 2789 1682 2816 stat

975 2821 1128 2864 proxima
1149 2821 1200 2852 illi
1216 2821 1422 2861 velitationi,
1447 2823 1545 2864 jubet
1571 2826 1683 2860 Caesar

975 2877 1168 2898 succurrere
1183 2866 1364 2907 equitatui.
1388 2868 1439 2898 M.
1481 2869 1546 2902 Pro
1563 2874 1681 2913 proelio

975 2910 1039 2943 alii
1053 2911 1220 2952 praesizlio.

1024 2955 1166 2991 Sublati,
1181 2954 1298 2986 animo
1313 2955 1405 2989 elati.
1433 2957 1482 2990 J!-
