1946 3261
546 200 662 244 LIB.
699 199 803 246 VII.
869 198 1006 244 CAP.
1047 202 1230 245 16—20.
1543 201 1622 245 177

138 333 283 360 caussa
303 334 354 361 eo
372 318 635 376 profectum,
656 337 745 379 quo
767 329 933 362 nostros
954 327 1128 376 postero
1149 317 1219 360 die
1241 317 1501 376 pabulatum
1522 335 1623 361 ven-

137 384 258 418 turos
295 379 600 421 arbitraretur.
684 379 855 428 Quibus
896 377 1025 420 rebus
1064 377 1263 433 cognitis,
1311 376 1452 418 inedia
1493 387 1622 420 nocte

134 434 306 478 silentio
338 438 576 494 profectus,
615 437 671 479 ad
702 437 887 480 hostium
926 444 1065 477 castra
1096 451 1218 476 mane
1256 436 1466 493 pervenit.
1531 436 1620 486 Illi,

136 493 338 536 celeriter
360 511 438 552 per
460 497 757 554 exploratores
776 496 968 538 adventu
987 494 1166 536 Caesaris
1185 494 1376 550 cognito,
1395 510 1540 537 carros
1558 496 1621 538 in-

137 553 469 611 pedimentaque
490 570 565 596 sua
586 554 629 595 in
650 555 833 597 artiores
853 553 979 596 silvas
1000 551 1278 601 abdiderunt,
1310 553 1452 609 copias
1486 555 1622 596 omnis

134 611 179 653 in
200 610 295 653 loco
323 609 477 668 aperto
498 622 631 670 atque
659 613 779 654 edito
813 613 1127 655 instruxerunt.
1194 611 1291 658 Qua
1326 626 1372 651 re
1403 612 1621 663 nunciata,

139 670 282 711 Caesar
303 670 502 712 celeriter
525 671 710 713 sarcinas
731 672 934 719 conferri,
957 686 1075 712 arma
1097 667 1294 725 expediri
1312 668 1453 726 jussit.

201 727 266 770 19.
303 728 438 770 Collis
469 738 578 777 erat,
612 729 767 772 leniter
798 731 853 772 ab
882 728 1026 771 infimo
1047 727 1249 769 adclivis:
1284 726 1396 768 hunc
1414 743 1466 768 ex
1488 730 1621 770 omni-

131 787 213 828 bus
233 786 322 828 fere
345 787 544 843 partibus
567 788 693 845 palus
713 788 901 830 difficilis
920 796 1053 844 atque
1076 785 1271 843 inpedita
1293 785 1515 842 cingebat,
1537 801 1622 829 non

133 844 264 887 latior
284 845 467 903 pedibus
499 845 548 887 L.
584 846 682 888 Hoc
713 863 755 888 se
789 847 930 895 colles
951 845 1208 901 interruptis
1238 843 1461 902 pontibus,
1503 845 1624 886 Galli

131 902 292 946 fiducia
314 904 397 946 loci
418 904 716 954 continebant,
739 904 1066 964 generatimque
1085 902 1309 945 distributi
1334 903 1377 944 in
1403 902 1620 953 civitates,

131 962 275 1004 omnia
295 963 407 1005 vada
429 979 477 1005 ac
499 963 633 1006 saltus
664 964 753 1021 ejus
774 963 944 1021 paludis
966 963 1094 1004 certis
1115 961 1322 1003 custodiis
1343 962 1621 1012 obtinebant,

131 1021 190 1063 sic
221 1022 363 1064 animo
399 1022 560 1080 parati,
591 1031 657 1072 ut,
692 1023 725 1064 si
755 1039 849 1064 eam
878 1021 1083 1080 paludem
1117 1020 1301 1062 Romani
1332 1036 1622 1079 perrumpere

130 1090 408 1130 conarentur,
431 1080 674 1124 haesitantes
697 1090 944 1139 premerent
966 1097 1018 1122 ex
1039 1080 1134 1122 loco
1155 1079 1405 1137 superiore:
1445 1087 1512 1129 ut,
1542 1081 1619 1138 qui

127 1140 502 1197 propinquitatem
535 1140 617 1182 loci
650 1140 835 1188 videret,
870 1148 1044 1197 paratos
1078 1154 1215 1196 prope
1243 1155 1369 1196 aequo
1392 1138 1542 1180 Marte
1562 1138 1619 1181 ad

129 1196 416 1240 dimicandum
439 1199 731 1247 existimaret;
764 1199 840 1256 qui
869 1198 1145 1255 iniquitatem
1177 1197 1434 1240 conditionis
1455 1198 1622 1256 perspi-

127 1265 262 1306 ceret,
294 1257 408 1299 inani
439 1257 711 1301 simulatione
740 1274 829 1300 sese
861 1266 1077 1300 ostentare
1111 1264 1402 1314 cognosceret.
1471 1256 1619 1314 Indig-

129 1323 277 1357 nantes
314 1315 472 1359 milites
512 1316 672 1365 Caesar,
709 1317 829 1375 quod
865 1325 1143 1374 conspectum
1175 1331 1299 1357 suum
1329 1314 1472 1358 hostes
1503 1316 1618 1358 ferre

130 1382 318 1431 possent,
353 1374 523 1416 tantulo
551 1375 693 1433 spatio
729 1374 971 1430 interjecto,
1002 1383 1046 1416 et
1078 1374 1247 1431 signum
1285 1374 1432 1431 proelii
1466 1390 1619 1432 expos-

126 1441 285 1483 centes,
307 1432 476 1483 edocet,
500 1441 528 1459 “
551 1443 716 1490 quanto
737 1434 1002 1476 detrimento
1024 1441 1068 1474 et
1085 1440 1194 1490 quot
1215 1432 1412 1473 virorum
1432 1431 1617 1475 fortium

128 1498 156 1516 ‘⁵
181 1500 321 1534 morte
344 1508 509 1534 necesse
527 1493 582 1534 sit
602 1502 798 1535 constare
821 1491 1069 1533 victoriam:
1110 1507 1219 1548 quos
1241 1506 1376 1546 quum
1395 1490 1454 1532 sic
1475 1491 1618 1533 animo

127 1557 156 1575 “
182 1559 354 1608 paratos
371 1550 533 1600 videat,
552 1559 602 1591 ut
619 1551 789 1592 nullum
807 1565 888 1607 pro
906 1566 981 1590 sua
1000 1548 1128 1590 laude
1146 1549 1387 1605 periculum
1403 1559 1616 1600 recusent,

127 1617 156 1635 ‘⁶
180 1624 351 1651 summae
371 1625 413 1650 se
434 1608 674 1666 iniquitatis
706 1607 980 1649 condemnari
1001 1607 1180 1653 debere,
1212 1607 1290 1647 nisi
1311 1621 1461 1648 eorum
1485 1608 1617 1649 vitam

128 1676 156 1694 ·‘
179 1684 256 1710 sua
277 1668 414 1709 salute
436 1667 593 1710 habeat
615 1666 869 1709 cariorem.'’
913 1665 985 1707 Sic
1005 1664 1163 1706 milites
1185 1664 1443 1713 consolatus,
1465 1665 1614 1708 eodem

125 1727 194 1770 die
233 1725 404 1768 reducit
437 1727 480 1768 in
509 1735 674 1773 castra;
718 1724 992 1782 reliquaque,
1026 1740 1123 1780 quae
1155 1722 1211 1764 ad
1245 1723 1614 1780 obpugnationem

125 1785 274 1844 oppidi
293 1785 587 1842 pertinebant,
606 1784 907 1826 administrare
930 1782 1131 1825 instituit.

183 1844 254 1886 20.
290 1844 641 1901 Vercingetorix,
666 1859 800 1901 quum
819 1842 872 1884 ad
893 1858 990 1883 suos
1011 1841 1206 1889 redisset,
1238 1839 1498 1897 proditionis
1520 1842 1618 1885 insi-

124 1903 330 1952 mulatus,
354 1900 473 1960 quod
496 1912 636 1944 castra
659 1901 838 1960 propius
873 1900 1090 1943 Romanos
1116 1899 1336 1948 movisset,
1365 1900 1483 1956 quod
1517 1918 1616 1944 cum

125 1963 239 2004 omni
263 1962 464 2020 equitatu
481 1962 752 2008 discessisset,
777 1960 894 2017 quod
915 1960 1002 2002 sine
1023 1959 1205 2017 imperio
1229 1967 1370 2000 tantas
1388 1959 1534 2016 copias
1551 1977 1614 2002 re·-

125 2020 338 2078 liquisset,
371 2020 489 2077 quod
523 2021 614 2078 ejus
637 2021 820 2063 discessu
851 2018 1035 2060 Romani
1065 2026 1186 2059 tanta
1206 2017 1536 2073 obportunitate
1569 2030 1604 2061 e‘·

125 2080 350 2127 celeritate
374 2079 585 2121 venissent
603 2095 612 2125 ;
646 2095 731 2121 non
754 2078 843 2120 haec
865 2078 1006 2119 omnia
1023 2076 1207 2118 fortuito
1229 2084 1307 2116 aut
1329 2075 1417 2117 sine
1438 2077 1597 2120 consili(

125 2138 324 2180 accidere
348 2138 565 2195 potuisse;
609 2138 811 2195 Regnum
839 2137 960 2178 illum
986 2135 1140 2177 Galliae
1160 2133 1289 2175 malle
1314 2134 1493 2178 Caesaris
1515 2152 1603 2178 con-

126 2214 259 2247 cessu,
284 2213 413 2255 quam
435 2197 628 2254 ipsorum
648 2196 808 2239 habere
829 2193 1037 2238 beneficio
1058 2209 1066 2234 :
1113 2193 1190 2235 tali
1223 2192 1351 2235 modo
1383 2193 1607 2237 adcusatus

124 2255 181 2297 ad
216 2256 304 2299 haec
334 2256 583 2313 respondit:
627 2264 656 2281 ‘⁶
683 2254 811 2304 Quod
841 2262 981 2296 castra
1015 2252 1228 2300 movisset,
1269 2251 1433 2295 factum
1467 2253 1608 2312 inopia

72 2348 75 2349 γ
126 2322 154 2340 “
178 2315 343 2373 pabuli,
363 2315 491 2357 etiam
511 2315 610 2373 ipsis
632 2314 930 2356 hortantibus:
966 2311 1083 2369 quod
1107 2311 1286 2368 propius
1310 2310 1527 2355 Romanos
1544 2329 1607 2355 ac—

127 2381 155 2399 “
179 2373 383 2422 cessisset,
407 2390 658 2431 persuasum
679 2373 760 2414 loci
783 2371 1127 2429 obportunitate,
1151 2370 1225 2426 qui
1247 2386 1289 2411 se
1312 2369 1453 2426 ipsum
1473 2372 1590 2413 muni

127 2440 155 2458 “
180 2433 296 2475 tione
332 2432 609 2474 defenderet:
664 2431 861 2488 equitum
905 2445 1009 2471 vero
1040 2445 1216 2487 operam
1259 2444 1398 2485 neque
1431 2429 1474 2470 in
1516 2430 1593 2472 loc(

127 2500 157 2517 “
184 2491 368 2550 palustri
399 2491 632 2533 desiderari
654 2491 866 2538 debuisse,
893 2498 936 2530 et
959 2488 1048 2530 illic
1071 2488 1198 2529 fuisse
1219 2486 1387 2536 utilem,
1419 2503 1506 2544 quo
1527 2489 1598 2530 sin·

124 2558 153 2576 ‘⁴
176 2549 390 2609 profecti:
432 2566 640 2592 summam
678 2549 846 2606 imperii
877 2565 919 2590 se
947 2547 1144 2589 consulto
1173 2545 1282 2587 nulli
1318 2545 1604 2588 discedentem

171 2671 411 2703 Arbicrctrelur.
469 2669 523 2701 Sic
557 2669 644 2700 Oud.
676 2680 695 2699 e
728 2669 827 2699 codd.
946 2669 1009 2705 Sese,
1030 2668 1151 2703 rideat,
1174 2670 1338 2697 recusent.
1384 2656 1438 2695 Sic
1463 2675 1482 2695 e
1505 2665 1605 2696 codd.

129 2715 242 2757 Vulgo
260 2715 507 2747 arbitrabatur.

175 2761 377 2792 Generatim.
401 2769 435 2789 v.
453 2758 523 2788 Ind.
568 2758 611 2788 Et
627 2759 663 2788 ἰἠ
679 2759 828 2788 civitates

125 2803 258 2835 videtur
268 2803 472 2834 delendum:
491 2811 568 2832 nam
583 2803 768 2841 ῃρφιριάῑὶῃῑ
779 2805 828 2831 est

128 2847 163 2878 h.
183 2848 206 2879 l.
219 2859 282 2889 per
296 2857 422 2888 [seuera
441 2858 467 2877 s.
483 2848 642 2877 civitates.
667 2846 717 2876 M.

175 2893 560 2931 Videret—-cofflwsce7·et.
604 2889 658 2920 Sic
682 2899 701 2919 e
724 2888 827 2919 codd.

125 2934 280 2967 Clarkius
312 2941 344 2966 et
381 2932 643 2974 Oudendorpius
658 2945 666 2963 ε
714 2933 828 2974 vulgo,

123 2979 285 3020 viderent,
298 2981 538 3017 ewistimarent,
554 2983 621 3009 etc.
645 2978 695 3010 M.

897 2710 1185 2752 Oudendorpius:
1213 2710 1326 2749 vulgo,
1351 2713 1447 2747 esset,
1468 2709 1604 2748 vaderet,

893 2761 1096 2787 recusarent.
1121 2755 1171 2785 M.
1205 2764 1207 2766 ·

941 2801 1012 2831 Sua
1027 2801 1146 2835 salute,
1163 2807 1224 2828 sua
1240 2795 1322 2827 vita.
1346 2796 1399 2827 M.

940 2844 1177 2874 Insimazanas.
1194 2839 1255 2872 alii
1272 2849 1338 2871 non
1355 2840 1446 2871 male
1459 2843 1603 2874 insimu-

895 2889 1001 2920 latur.

942 2932 1103 2963 Fortuita.
1119 2928 1180 2960 alii
1187 2927 1345 2969 fomcitu.
1390 2928 1492 2962 Conf.
1509 2929 1587 2962 Oud

896 2976 937 3008 ad
955 2976 1046 3007 Suet.
1068 2972 1150 3005 Tib.
1166 2974 1220 3005 39.
