1946 3261
263 248 351 294 246
680 242 765 290 DE
798 239 1003 287 BELLO
1035 239 1334 287 GALLICO.

265 376 467 420 universa
489 371 652 423 Gallia,
675 386 762 416 non
781 371 969 416 defuisse
996 369 1110 414 vires
1137 369 1218 414 sibi
1250 369 1307 414 ad
1339 368 1624 415 resistendum
1660 368 1750 414 Ro-

267 434 417 483 manis,
450 431 526 475 sed
557 433 859 483 constantiam,
898 438 1109 491 putaret;
1141 445 1250 473 neve
1275 430 1354 474 hoc
1375 430 1575 489 exemplo
1595 435 1752 472 ceterae

265 494 476 542 civitates,
497 490 691 535 locorum
707 492 1042 550 obportunitate
1063 489 1205 540 fretae,
1222 505 1267 532 se
1279 490 1545 534 vindicarent
1560 490 1604 532 in
1620 488 1750 532 liber-

265 559 430 595 tatem:
465 566 601 608 quum
623 551 822 594 omnibus
853 549 993 593 Gallis
1029 557 1183 592 notum
1222 549 1367 599 sciret,
1410 549 1625 607 reliquam
1660 562 1751 590 esse

264 626 396 654 unam
416 617 611 654 aestatem
638 627 723 654 suae
739 608 997 670 p1·0vinciae;
1030 624 1162 666 quam
1193 608 1225 652 si
1258 610 1467 652 sustinere
1489 607 1751 667 potuissent,

266 669 438 714 nullum
477 669 598 712 ultra
636 670 882 730 periculum
921 675 1191 711 vererentur.
1254 667 1411 726 Itaque
1444 668 1499 718 Q.
1539 666 1750 710 Calenum

266 729 484 788 Legatum
505 744 604 772 cum
620 728 861 789 legionibus
873 727 1042 771 duabus
1059 726 1284 786 relinquit,
1298 728 1375 786 qui
1387 727 1513 786 justis
1526 725 1752 769 itineribus

263 804 308 832 se
329 788 693 846 subsequeretur;
716 788 808 848 ipse
829 803 927 831 cum
948 786 1062 830 omni
1077 787 1293 845 equitatu,
1306 803 1437 845 quam
1458 794 1604 845 potest
1620 784 1754 828 celer-

264 848 388 899 rime,
409 848 465 891 ad
489 848 721 891 Caninium
741 846 979 890 contendit.

325 907 398 951 40.
433 907 580 957 Quum
594 916 746 951 contra
766 905 1132 965 exspectationem
1149 906 1339 950 omnium
1352 905 1499 948 Caesar
1511 899 1758 947 Uxellodu-

265 981 370 1011 num
401 966 585 1010 venisset
621 965 920 1026 oppidumque
946 965 1151 1025 operibus
1172 965 1368 1008 clausum
1389 964 1579 1007 animum
1599 960 1754 1004 adver-

263 1033 405 1076 te1·et;
437 1041 577 1084 neque
609 1026 666 1069 ab
689 1025 1015 1084 obpugnatione
1043 1024 1185 1067 recedi
1207 1025 1375 1068 videret
1397 1023 1488 1066 ulla
1509 1018 1755 1065 conditione

265 1101 387 1145 posse
407 1101 416 1135 ;
448 1100 606 1143 magna
628 1092 775 1127 autem
798 1085 925 1143 copia
946 1084 1154 1127 frumenti
1176 1083 1403 1127 abundare
1422 1080 1679 1141 oppidanos,
1700 1093 1754 1121 ex

297 1143 461 1203 erfugis
494 1152 746 1203 cognosset;
779 1159 891 1201 aqua
928 1143 1161 1202 prohibere
1195 1143 1360 1186 hostem
1394 1150 1566 1185 tentare
1602 1137 1751 1196 coepit.

306 1204 448 1246 lumen
470 1202 655 1245 infimam
678 1202 836 1245 vallem
857 1202 1102 1252 dividebat,
1132 1218 1230 1260 quae
1253 1211 1397 1245 totum
1422 1214 1542 1257 paene
1562 1205 1754 1239 montem

263 1262 482 1321 cingebat,
504 1262 548 1304 in
569 1278 656 1319 quo
711 1262 868 1304 ositum
891 1270 986 1305 erat
1007 1271 1279 1320 praeruptum
1314 1258 1505 1314 undique
1540 1254 1755 1314 oppidum

266 1320 611 1364 Uxellodunum.
678 1278 778 1361 isloe
809 1321 967 1362 flumen
998 1321 1137 1362 averti
1172 1320 1254 1361 loci
1283 1326 1440 1359 natura
1461 1313 1752 1374 prohibebat;

259 1380 319 1423 sic
337 1379 450 1422 enim
485 1378 527 1420 in
560 1376 654 1420 imis
693 1375 912 1419 radicibus
950 1376 1107 1418 montis
1148 1376 1389 1425 ferebatur,
1426 1383 1476 1417 ut
1512 1372 1679 1417 nullam
1710 1371 1753 1415 in

262 1445 436 1497 partem
451 1435 664 1495 depressis
687 1433 808 1477 fossis
827 1433 1017 1476 derivari
1043 1442 1197 1493 posset.
1231 1434 1340 1477 Erat
1357 1442 1503 1477 autem
1526 1431 1756 1492 oppidanis

262 1495 451 1540 difficilis
471 1504 515 1538 et
538 1502 787 1553 praeruptus
803 1509 853 1535 eo
874 1493 1116 1546 descensus,
1139 1502 1204 1543 ut,
1227 1493 1563 1552 prohibentibus
1582 1491 1755 1541 nostris,

259 1556 349 1599 sine
382 1553 635 1598 vulneribus
668 1569 717 1595 ac
750 1552 942 1610 periculo
971 1553 1071 1595 vitae
1104 1568 1245 1610 neque
1274 1552 1394 1595 adire
1413 1551 1588 1600 flumen,
1610 1565 1753 1608 neque

260 1615 399 1659 arduo
419 1630 462 1656 se
491 1613 685 1671 recipere
716 1620 887 1670 possent
907 1611 1127 1654 adscensu.
1192 1612 1291 1661 Qua
1322 1610 1582 1653 difficultate
1602 1624 1753 1653 eorum

262 1673 455 1732 cognita,
486 1672 648 1720 Caesar,
691 1670 926 1728 sagittariis
964 1670 1348 1727 funditoribusque
1386 1669 1620 1728 dispositis,
1662 1677 1754 1712 tor-

262 1731 417 1776 mentis
436 1731 566 1774 etiam
588 1728 847 1787 quibusdam
871 1729 973 1772 locis
991 1738 1145 1773 contra
1168 1729 1392 1772 facillimos
1412 1729 1633 1772 descensus
1654 1742 1753 1770 con-

263 1790 431 1841 locatis,
468 1805 581 1848 aqua
621 1788 806 1831 fluminis
829 1787 1091 1846 prohibebat
1113 1787 1373 1847 oppidanos,
1408 1803 1596 1845 quorum
1617 1786 1754 1830 omnis

262 1857 419 1910 postea
439 1846 681 1892 multitudo
702 1856 909 1905 aquatum
931 1863 1062 1890 unum
1088 1847 1130 1890 in
1149 1849 1292 1890 locum
1312 1846 1613 1890 conveniebat.

323 1909 395 1952 41.
460 1908 557 1951 Sub
590 1907 730 1966 ipsum
769 1906 881 1949 enim
915 1906 1067 1966 oppidi
1104 1923 1278 1949 murum
1312 1921 1491 1962 magnus
1513 1905 1607 1948 fons
1629 1920 1753 1963 aquae.

297 1967 599 2027 rorumpebat,
638 1965 695 2008 ab
716 1981 767 2008 ea
789 1975 929 2023 parte,
953 1976 1050 2024 quae
1073 1966 1163 2008 fere
1186 1965 1345 2024 pedum
1371 1962 1492 2007 CCC
1518 1963 1752 2008 intervallo

264 1985 450 2071 huminis
469 2024 653 2069 circuitu
676 2026 875 2067 vacabat.
943 2025 1039 2067 Hoc
1071 2025 1189 2068 fonte
1212 2024 1432 2082 prohiberi
1470 2039 1593 2081 posse
1629 2023 1753 2081 oppi-

260 2087 396 2130 danos
417 2101 552 2143 quum
574 2092 779 2144 optarent
802 2083 977 2141 reliqui,
1002 2084 1146 2128 Caesar
1168 2100 1278 2126 unus
1299 2083 1469 2126 videret
1487 2098 1496 2131 ;
1529 2099 1552 2125 e
1576 2083 1754 2141 regione

264 2146 356 2203 ejus
389 2145 536 2187 vineas
577 2159 708 2201 agere
745 2142 950 2186 adversus
990 2152 1196 2192 montem,
1235 2151 1279 2185 et
1323 2158 1503 2201 aggeres
1541 2141 1753 2184 instruere

264 2203 414 2263 coepit,
436 2218 593 2262 magno
615 2218 713 2244 cum
730 2201 878 2245 labore
899 2212 941 2245 et
962 2202 1165 2246 continua
1183 2201 1474 2245 dimicatione.
1526 2200 1752 2259 Oppidani

314 2301 429 2343 Neque
454 2298 498 2331 ab
519 2298 597 2340 obp.
612 2314 655 2320 -
668 2307 772 2339 posse,
804 2297 973 2339 intellige-

266 2345 336 2383 bat,
360 2343 478 2385 utique
496 2342 760 2383 obpugnandum
779 2351 851 2373 esse
869 2342 972 2384 oppi-

265 2391 361 2427 dum,
390 2388 441 2420 uti
471 2385 637 2418 Caninius
669 2392 819 2426 coeperat
840 2398 848 2416 2
895 2397 971 2418 nam

265 2432 406 2466 volebat
429 2431 554 2469 Caesar,
583 2435 620 2461 ut
642 2434 693 2460 est
714 2439 790 2471 cap.
814 2432 867 2467 39,
885 2432 971 2462 fran-

265 2489 343 2521 gere
361 2473 587 2520 pertinaciam
604 2472 794 2505 hominum.
821 2475 869 2505 Μ.

314 2523 396 2558 Quoe
408 2521 491 2563 (leg.
504 2529 584 2551 cum
599 2517 735 2556 Vossio,
750 2518 855 2559 quod)
868 2523 971 2550 totum.

260 2578 298 2610 p.
315 2578 360 2598 m.
377 2567 465 2607 cinq.
484 2564 534 2595 M.
559 2562 623 2594 Sed
639 2561 739 2593 vanis
753 2561 857 2593 etiam
877 2573 971 2603 paene

267 2616 417 2642 montem
448 2613 558 2640 totum
587 2605 701 2649 potuit
736 2605 885 2647 cingere,
915 2607 972 2638 de-

268 2654 426 2697 pressior,
441 2663 499 2695 per
511 2660 614 2693 quam
631 2649 756 2682 flumen
774 2649 912 2681 labitur.

316 2700 392 2731 Hoc
419 2713 465 2721 ——
492 2698 610 2728 averli.
670 2694 725 2726 Sic
761 2693 842 2726 boni
870 2694 972 2725 codd.

268 2742 383 2784 Vulgo
401 2741 490 2773 male
507 2745 668 2772 avertere.

312 2788 495 2828 Aquatum.
508 2783 570 2816 alii
588 2789 808 2826 aquatorum.

315 2831 383 2862 Sub
397 2834 509 2871 ipsum
524 2834 592 2860 ete.
625 2828 702 2860 Hoc
718 2828 760 2859 ad
780 2826 972 2868 praeceden-

270 2872 318 2906 tia
333 2874 434 2906 refert
451 2872 566 2905 Davis.
583 2878 618 2905 et
633 2879 711 2914 post
723 2881 861 2904 murum
875 2869 974 2913 pouit

268 2917 354 2959 abt]

314 2963 395 2998 Quoe
419 2961 581 3005 fluminis
625 2962 771 2994 circuitu
813 2958 970 2997 vacabat,

1042 2309 1118 2340 pars
1135 2297 1235 2330 vallis
1251 2308 1370 2335 vacua,
1400 2308 1428 2327 s.
1457 2306 1524 2329 non
1553 2300 1653 2335 tecta,
1681 2305 1749 2327 non

1040 2343 1190 2374 obducta
1235 2348 1306 2374 erat
1356 2341 1510 2379 flumine,
1555 2340 1749 2372 circuennte

1041 2393 1148 2418 totum
1163 2388 1232 2419 sere
1248 2385 1429 2429 oppidum.
1452 2387 1503 2418 M.
1525 2385 1625 2418 aliia
1639 2385 1750 2427 flam.

1040 2442 1120 2463 circ.

1089 2476 1165 2507 Non
1182 2476 1254 2506 sine
1264 2485 1390 2514 maqno
1407 2474 1553 2516 periculo
1568 2478 1645 2515 post
1662 2482 1750 2504 rmus

1041 2520 1179 2553 smeret.
1226 2517 1395 2550 omittunt
1430 2518 1501 2549 haec
1537 2517 1642 2548 verba
1671 2515 1749 2548 libri

1042 2562 1160 2605 scripti
1191 2561 1422 2605 antiquissimi
1453 2568 1486 2594 et
1515 2560 1651 2603 optimi,
1678 2566 1748 2592 tum

1041 2607 1143 2640 ceteri
1173 2607 1275 2638 etiam
1306 2606 1515 2648 complures.
1561 2606 1682 2644 Recte,
1713 2610 1750 2635 ut

1042 2651 1187 2683 Vossius
1204 2651 1309 2683 vidit:
1347 2661 1428 2682 nam
1455 2651 1540 2682 foret
1568 2658 1749 2692 propertio,-

1041 2697 1123 2728 dum
1140 2693 1341 2736 tautologia,
1367 2695 1395 2727 si
1413 2694 1468 2726 hic
1487 2705 1554 2726 non
1569 2698 1639 2725 nine
1652 2703 1747 2735 may·

1041 2751 1083 2772 no
1096 2741 1258 2783 periculo.
1273 2750 1352 2771 mox
1369 2749 1495 2779 mamm
1521 2749 1599 2770 cum
1623 2737 1692 2768 lab.
1717 2741 1749 2768 et

1040 2791 1126 2817 rom.
1145 2785 1257 2816 dn'mic.
1274 2784 1456 2815 diceretur.
1473 2783 1524 2814 M.
1543 2782 1594 2813 Ea
1610 2780 1715 2812 verba
1729 2791 1748 2811 e

1039 2840 1109 2871 seq.
1128 2829 1193 2859 huc.
1215 2828 1398 2870 inrepsere.
1415 2826 1540 2859 delevi.

1088 2873 1256 2905 Adversus
1268 2878 1426 2904 montem.
1449 2870 1510 2903 alii
1524 2874 1642 2902 contra
1653 2879 1749 2901 mon-

1039 2922 1116 2949 tem.
1136 2916 1221 2948 Vide
1239 2923 1310 2948 not.
1328 2916 1370 2948 ad
1388 2918 1420 2954 7,
1436 2918 1489 2947 69.

1086 2962 1233 3004 queres
1247 2963 1422 2994 inseruere.
1435 2958 1499 2993 alii
1513 2962 1654 2992 struere.
