1946 3261
644 181 761 228 LIB.
796 179 905 226 VII.
967 178 1108 224 CAP.
1140 176 1333 224 78-80.
1651 173 1738 217 213

246 320 277 341 “
305 311 469 364 Gallia,
493 311 680 363 Cimbri,
703 326 950 369 magnaque
980 308 1115 351 inlata
1148 305 1411 356 calamitate,
1450 301 1610 347 finibus
1644 300 1742 359 qui-

246 381 277 400 “
300 373 401 417 dem
442 373 598 417 nostris
651 369 886 429 aliquando
927 374 1204 410 excesserunt
1255 374 1390 423 atque
1447 363 1553 407 alias
1603 370 1745 406 terras

247 441 278 460 “
302 432 558 492 petie1·unt;
586 432 703 491 jura,
741 430 873 488 leges,
911 442 1054 486 agros,
1095 425 1350 468 libertatem
1377 422 1502 467 nobis
1522 421 1743 479 relinque-

248 501 278 520 “
299 500 432 535 runt:
468 491 654 535 Romani
692 505 797 533 vero
834 486 944 546 quid
981 493 1142 544 petunt
1171 483 1307 533 aliud,
1341 492 1420 526 aut
1439 481 1548 541 quid
1568 480 1744 530 volunt,

247 561 278 580 0‘
301 551 381 595 nisi
402 551 563 594 invidia
583 548 781 598 adducti,
815 562 925 605 quos
957 545 1071 588 fama
1107 541 1284 586 nobiles>
1304 549 1593 599 potentesque
1623 538 1745 584 bello

248 619 278 639 “
301 617 623 669 cognoverunt,
663 608 821 651 horum
871 607 916 649 in
964 603 1081 663 agris
1124 599 1467 657 civitatibusque
1508 599 1746 648 considere,

245 675 278 699 ‘⁶
299 678 434 728 atque
472 668 537 712 his
573 678 781 711 aeternam
820 665 1048 723 injungere
1081 660 1375 705 servitutem?
1440 658 1601 714 Neque
1630 657 1745 701 enim

246 738 277 758 “
302 744 512 787 umquam
533 727 618 771 alia
640 725 889 771 conditione
912 723 1031 767 bella
1053 727 1294 781 gesserunt.
1345 717 1478 767 Quod
1500 717 1534 760 si
1556 732 1623 766 ea,
1647 732 1746 773 quae

249 789 348 832 “in
385 787 638 847 longinquis
683 783 933 829 nationibus
980 788 1214 841 geruntur,
1258 777 1497 836 ignoratis:
1544 775 1747 834 respicite

249 858 279 877 ‘⁴
304 848 546 892 finitumam
578 846 785 895 Galliam,
819 860 917 902 quae
951 843 994 885 in
1031 838 1301 901 provinciam
1339 836 1533 884 redacta,
1567 835 1667 894 jure
1702 842 1749 876 et

251 915 282 937 “
304 908 475 967 legibus
495 905 788 955 commutatis,
812 902 1038 947 securibus
1058 899 1271 958 subjecta,
1295 904 1515 956 perpetua
1531 893 1750 954 premitur

252 976 281 996 ‘⁶
305 966 564 1011 servitute.”

310 1028 382 1070 78.
419 1025 656 1070 Sententiis
673 1023 816 1073 dictis,
854 1020 1148 1067 constituunt,
1183 1025 1249 1066 ut,
1283 1014 1359 1074 qui
1394 1012 1638 1057 valitudine
1671 1018 1753 1054 aut

250 1095 380 1134 aetate
405 1086 580 1130 inutiles
601 1085 686 1128 sint
709 1082 845 1132 bello,
868 1079 1033 1140 oppido
1052 1077 1263 1120 excedant
1291 1083 1426 1132 atque
1456 1073 1599 1116 omnia
1610 1070 1756 1173 dprius

251 1147 553 1207 experiantur,
595 1160 729 1203 quam
770 1141 826 1185 ad
863 1137 1118 1198 Critognati
1157 1135 1416 1179 sententiam
1452 1133 1608 1176 descen
1642 1138 1751 1173 ant:

252 1209 330 1251 illo
353 1216 499 1249 tamen
528 1205 675 1264 potius
699 1201 909 1245 utendum
929 1198 1123 1247 consilio,
1146 1197 1180 1239 si
1200 1212 1266 1239 res
1284 1201 1418 1254 cogat
1439 1202 1573 1251 atque
1593 1190 1757 1234 auxilia.

253 1274 497 1315 morentur,
532 1280 663 1323 quam
695 1271 772 1305 aut
804 1258 1040 1303 deditionis
1074 1265 1153 1299 aut
1191 1255 1308 1315 pacis
1344 1251 1616 1297 subeundam
1654 1265 1756 1294 con-

253 1327 478 1370 ditionem.
565 1320 818 1370 Mandubii,
870 1319 947 1377 qui
997 1333 1070 1359 eos
1111 1315 1278 1374 oppido
1299 1319 1598 1372 -reccperant,
1653 1326 1754 1353 cum

253 1385 405 1430 liberis
425 1393 560 1443 atque
583 1381 795 1425 uxoribus
821 1379 939 1421 exire
976 1384 1214 1433 coguntur.
1281 1373 1360 1422 Hi,
1382 1387 1520 1430 quum
1539 1370 1595 1413 ad
1615 1369 1758 1413 muni-

255 1446 393 1490 tiones
437 1444 734 1487 Romanorum
775 1437 1063 1485 accessissent,
1119 1435 1270 1478 flentes
1308 1431 1509 1475 omnibus
1549 1429 1759 1489 precibus

258 1505 533 1553 orabant,ut
555 1520 614 1552 se,
646 1502 689 1543 in
726 1499 981 1542 servitutem
1019 1503 1237 1553 receptos,
1278 1492 1377 1535 cibo
1408 1490 1630 1548 juvarent.
1694 1487 1761 1530 At

257 1566 422 1614 Caesar,
445 1561 665 1621 dispositis
687 1559 729 1602 in
751 1557 871 1601 vallo
891 1555 1115 1603 custodiis,
1138 1553 1225 1595 reci
1264 1552 1275 1593 i
1297 1549 1577 1610 prohibebat.

319 1622 390 1666 79.
456 1621 629 1664 Interea
663 1618 887 1662 Commius
924 1623 969 1657 et
1007 1612 1167 1671 reliqui
1208 1568 1354 1659 diiiceS,
1392 1608 1556 1666 quibus
1594 1623 1765 1650 summa

260 1682 432 1742 imperii
485 1681 693 1740 permissa
739 1685 851 1726 erat,
905 1689 1004 1716 cum
1056 1671 1258 1715 omnibus
1299 1685 1349 1712 co
1387 1668 1435 1710 iis
1473 1665 1530 1710 ad
1568 1666 1762 1709 Alesiam

292 1740 523 1786 erveniunt
546 1749 607 1789 et,
630 1737 742 1782 colle
763 1734 982 1779 exteriore
1003 1740 1235 1791 occupato,
1252 1745 1337 1772 non
1354 1685 1533 1786 longius
1558 1726 1607 1769 M
1633 1725 1764 1784 passi-

260 1759 342 1846 iius
363 1801 420 1844 ab
442 1799 600 1843 nostris
621 1794 939 1840 munitionibus
955 1792 1199 1834 considunt.
1267 1789 1448 1831 Postero
1466 1786 1537 1829 die
1558 1784 1763 1843 equitatu

259 1879 312 1905 ex
336 1860 486 1905 castris
507 1858 685 1906 educto,
708 1869 879 1897 omnem
903 1868 996 1894 eam
1030 1851 1272 1909 planitiem,
1312 1862 1445 1905 quam
1485 1845 1527 1888 in
1566 1843 1761 1902 longitu-

261 1921 408 1964 dinem
429 1918 498 1961 ΙΙΙ
519 1917 637 1961 milia
668 1929 871 1974 passuum
905 1920 1056 1970 patere
1092 1906 1501 1953 demonstravimus,
1539 1903 1766 1962 complent.

262 1980 575 2040 pedestresque
607 1976 753 2034 copias
792 1971 992 2032 paullum
1037 1969 1096 2012 ab
1141 1983 1192 2011 eo
1229 1966 1325 2009 loco
1366 1963 1538 2007 abditas
1579 1962 1624 2005 in
1659 1962 1765 2005 locis

261 2038 565 2099 superioribus
586 2034 875 2079 constituunt.
939 2029 1051 2073 Erat
1083 2045 1136 2071 ex
1170 2025 1336 2084 oppido
1359 2023 1507 2066 Alesia
1531 2021 1764 2080 despectus

261 2100 306 2143 in
327 2114 549 2157 campum.
615 2092 926 2140 concurritur,
966 2088 1030 2131 his
1067 2086 1239 2130 auxiliis
1272 2083 1405 2131 visis;
1442 2081 1494 2124 fit
1519 2080 1763 2140 gratulatio

260 2159 375 2202 inter
397 2175 469 2201 eos
488 2165 623 2214 atque
642 2153 833 2197 omnium
851 2149 981 2194 animi
1001 2147 1056 2191 ad
1074 2146 1271 2191 laetitiam
1289 2142 1552 2187 excitantur.
1602 2139 1763 2199 Itaque

263 2217 490 2278 productis
510 2215 644 2274 copiis
662 2222 763 2256 ante
785 2210 999 2270 oppidum
1022 2205 1258 2250 considunt
1279 2212 1324 2246 et
1346 2201 1590 2262 proximam
1609 2199 1763 2243 fossam

263 2278 460 2322 cratibus
489 2277 694 2334 integunt
715 2281 851 2330 atque
871 2283 1032 2327 aggere
1052 2265 1231 2325 explent
1252 2278 1385 2322 seque
1406 2261 1462 2305 ad
1481 2259 1763 2320 eruptionem

265 2346 399 2396 atque
417 2352 564 2380 omnes
580 2350 703 2377 casus
720 2335 991 2388 comparant.

324 2396 398 2441 80.
434 2397 596 2445 Caesar,
619 2392 734 2436 omni
748 2391 945 2434 exercitu
962 2385 1018 2430 ad
1037 2392 1270 2444 utramque
1287 2390 1460 2444 partem
1471 2377 1765 2425 munitionum

314 2517 455 2550 Finibus
495 2514 646 2557 quidem.
703 2510 808 2543 Notat
843 2507 982 2551 quidem
1051 2511 1125 2538 tur:
1160 2504 1300 2537 namin
1326 2501 1446 2535 multis
1471 2500 1570 2534 codd.
1595 2502 1669 2530 est:
1705 2497 1764 2529 illo

270 2562 438 2605 profecto.
466 2557 635 2591 Restituit
651 2555 859 2598 particulam
875 2551 982 2584 omis·
1049 2556 1168 2584 tamen
1180 2556 1323 2592 tempore
1335 2553 1372 2581 ut
1386 2563 1443 2577 -.
1475 2546 1526 2578 M.

269 2618 341 2640 sam
357 2606 459 2647 vulgo
476 2604 567 2635 Oud.
1097 2595 1291 2627 Mandubii.
1347 2591 1462 2624 Alesia
1493 2585 1764 2621 Mandubiorum

316 2651 564 2693 Experiamur.
601 2646 753 2685 Quidam
768 2643 869 2677 codd.
885 2652 982 2685 θηκ-
1051 2639 1218 2682 oppidum
1234 2644 1297 2670 est.
1319 2636 1420 2668 Cous.
1435 2645 1511 2676 cap.
1529 2635 1582 2665 68.
1607 2632 1658 2664 Μ.

268 2697 422 2730 diamur.
1097 2686 1273 2726 Dispositis
1282 2681 1450 2714 custodiis,
1466 2678 1684 2710 Abstractum
1697 2686 1762 2718 pro

318 2741 370 2773 Ad
385 2742 471 2773 Crit.
486 2742 572 2770 sent.
587 2736 676 2769 desc.
707 2733 783 2768 Etsi
798 2732 897 2765 codd.
910 2741 985 2763 om·
1051 2735 1226 2761 concreto.
1261 2726 1317 2758 Sic
1335 2731 1369 2757 et
1384 2728 1415 2764 2,
1432 2725 1485 2755 29.

271 2796 345 2824 nes,
363 2790 485 2827 praeter
507 2781 620 2813 Oxon.
644 2786 680 2812 et
703 2778 876 2819 metaphr.
892 2776 986 2808 Grae—
1100 2775 1178 2806 Non
1190 2774 1324 2815 lonqius
1342 2770 1383 2801 M
1401 2767 1566 2812 passibus.
1615 2764 1672 2797 Sic
1689 2764 1768 2807 plu-

270 2841 360 2869 cam,
384 2830 514 2871 legunt,
540 2837 564 2858 a
594 2827 677 2858 Crit.
700 2824 863 2856 sententia
882 2821 985 2853 disce-
1054 2818 1133 2851 rimi
1158 2817 1257 2849 codd.
1276 2821 1309 2846 et
1326 2814 1404 2846 edd·
1430 2817 1499 2844 vet.
1521 2810 1614 2852 quod
1640 2809 1766 2852 probat

271 2877 381 2908 dant:
418 2879 530 2905 tamen
558 2870 646 2902 falsa
676 2875 727 2901 est
759 2868 832 2899 haec
870 2865 984 2897 lectio.
1055 2861 1258 2896 Guischard.
1284 2858 1396 2899 Vulgo
1414 2854 1765 2898 legituerassc'lms.

271 2919 472 2952 perturbata
503 2915 608 2948 semel
639 2912 819 2950 sententia,
851 2916 986 2953 pertur-
1102 2907 1298 2940 Planitiem.
1322 2903 1376 2934 Cf.
1392 2913 1425 2934 c.
1443 2903 1496 2933 69.
1521 2901 1573 2932 Μ.

272 2964 355 2997 bata
371 2968 449 2997 sunt
465 2971 569 3005 porro
597 2959 714 2999 verba,
739 2968 814 3001 quae
839 2964 988 2998 sequun-
1106 2951 1257 2988 Abditas,
1282 2948 1307 2980 i.
1321 2959 1354 2979 e.
1371 2947 1552 2989 sejunctas,
1566 2945 1767 2979 abstractas.

467 3027 473 3033 ·
1057 2996 1107 3031 nil
1123 3006 1204 3038 ergo
1222 2992 1412 3027 mutatione
1428 3001 1526 3033 opus.

338 3187 425 3261 ’r
