1946 3261
244 219 300 263 96
651 215 735 259 DE
767 212 971 258 BELLO
1004 214 1300 259 GALLICO.

239 353 409 394 nerant,
428 343 539 386 inter
554 357 596 384 se
613 341 845 392 conlocuti,
859 357 994 400 quum
1011 341 1177 399 equites
1194 350 1238 385 et
1255 357 1383 386 naves
1399 347 1443 385 et
1460 342 1726 386 frumentum

242 403 443 448 Romanis
464 400 608 443 deesse
635 400 942 460 intellegerent
976 409 1020 442 et
1048 401 1312 458 paucitatem
1345 401 1530 444 militum
1565 417 1618 444 ex
1640 416 1730 443 cas-

238 471 406 506 trorum
444 459 681 518 exiguitate
717 467 1041 518 cognoscerent,
1083 476 1180 517 quae
1217 459 1296 502 hoc
1335 469 1460 502 erant
1497 462 1626 503 etiam
1652 475 1725 502 an-

239 520 449 579 gustiora,
481 519 599 577 quod
628 518 717 561 sine
747 517 1047 577 inpedimentis
1070 518 1213 561 Caesar
1244 518 1432 577 legiones
1460 527 1727 577 transporta-

241 585 382 627 verat,
415 578 628 636 optimum
657 577 778 619 factu
821 593 910 619 esse
940 575 1176 627 duxerunt,
1208 578 1445 621 rebellione
1475 578 1606 628 facta,
1638 576 1730 620 fru-

240 646 388 679 mento
409 645 733 694 commeatuque
755 644 922 678 nostros
944 634 1177 693 prohibere
1199 644 1243 678 et
1265 652 1353 679 rem
1376 637 1418 679 in
1435 636 1615 680 hiemem
1631 650 1729 695 pro-

241 694 417 745 ducere,
451 695 586 754 quod,
618 694 666 737 iis
695 694 926 753 superatis,
958 702 1036 736 aut
1060 695 1202 737 reditu
1227 695 1484 745 interclusis,
1519 695 1730 738 nerninem

239 763 390 813 postea
410 753 513 798 belli
533 753 746 797 inferendi
778 769 925 796 caussa
955 752 997 795 in
1022 753 1293 796 Britanniam
1322 755 1610 798 transiturum
1631 768 1730 797 con-

241 812 450 856 fidebant.

299 872 369 915 31.
405 872 578 931 Itaque,
610 886 758 914 rursus
779 869 1074 929 conjuratione
1097 869 1227 918 facta,
1251 866 1481 927 paullatim
1502 885 1558 913 ex
1583 870 1731 912 castris

239 929 460 974 discedere
503 946 552 972 ac
593 946 689 972 suos
725 931 834 973 clam
873 946 924 972 ex
962 929 1077 987 agris
1109 928 1324 971 deducere
1361 937 1603 986 coeperunt.
1666 929 1730 971 At

241 990 403 1039 Caesar,
439 989 516 1032 etsi
550 989 739 1031 nondum
771 1004 917 1031 eorum
938 987 1110 1030 consilia
1133 997 1414 1044 cognoverat,
1447 997 1589 1030 tamen
1611 996 1656 1030 et
1677 1003 1731 1030 ex

238 1058 399 1092 eventu
420 1048 594 1091 navium
614 1064 788 1090 suarum
811 1056 854 1090 et
877 1063 929 1089 ex
947 1062 1012 1095 eo,
1035 1045 1155 1104 quod
1178 1046 1346 1088 obsides
1367 1047 1471 1088 dare
1493 1046 1729 1089 intermise-

239 1117 354 1158 rant,
388 1107 480 1150 fore
511 1106 571 1155 id,
604 1107 721 1164 quod
743 1106 915 1155 accidit,
947 1106 1264 1163 suspicabatur.
1329 1104 1484 1162 Itaque
1507 1105 1563 1147 ad
1585 1120 1730 1148 omnes

238 1182 359 1209 casus
380 1165 568 1209 subsidia
589 1166 892 1223 comparabat;
925 1179 1022 1206 nain
1045 1174 1088 1206 et
1111 1164 1379 1206 frumentum
1411 1179 1462 1206 ex
1484 1164 1600 1222 agris
1622 1179 1729 1221 quo-

236 1225 344 1268 tidie
375 1226 417 1267 in
449 1233 592 1267 castra
623 1224 875 1266 conferebat
897 1232 958 1272 et,
991 1239 1088 1280 quae
1120 1222 1367 1280 gravissime
1398 1222 1583 1265 adflictae
1604 1230 1730 1264 erant

237 1300 386 1334 naveS,
417 1299 566 1327 earum
597 1283 778 1324 materia
799 1291 932 1339 atque
962 1297 1046 1324 aere
1077 1279 1132 1322 ad
1157 1281 1345 1337 reliquas
1369 1280 1618 1323 reficiendas
1638 1289 1731 1323 ute-

237 1343 372 1386 batur
395 1351 455 1392 et,
477 1358 574 1400 quae
595 1341 649 1383 ad
672 1357 740 1383 eas
763 1356 828 1382 res
851 1349 975 1382 erant
998 1339 1108 1387 usui,
1133 1355 1184 1381 ex
1207 1338 1444 1380 continenti
1467 1355 1559 1381 com
1624 1339 1730 1382 rtari

232 1402 434 1460 jubebat.
499 1400 671 1457 Itaque,
691 1414 826 1457 quum
850 1397 893 1440 id
911 1414 1076 1440 summo
1099 1396 1242 1439 studio
1260 1413 1283 1438 a
1303 1397 1511 1440 militibus
1532 1414 1558 1440 a
1591 1398 1731 1441 minis-

238 1469 448 1508 traretur,
492 1458 721 1500 duodecim
766 1457 946 1501 navibus
989 1456 1160 1505 amissis,
1217 1455 1393 1514 reliquis
1445 1466 1495 1499 ut
1536 1457 1731 1516 navigari

239 1518 460 1562 commode
485 1526 643 1576 posset,
667 1516 823 1558 effecit.

298 1578 370 1620 32.
407 1578 526 1620 Dum
559 1592 609 1618 ea
642 1584 873 1633 geruntur,
912 1573 1080 1631 legione
1118 1590 1170 1616 ex
1192 1574 1502 1617 consuetudine
1534 1589 1620 1616 una
1642 1573 1732 1616 fru—

241 1643 479 1679 mentatum
500 1634 639 1681 missa,
663 1650 760 1690 quae
782 1632 1089 1691 adpellabatur
1110 1633 1310 1690 septima,
1334 1648 1475 1690 neque
1498 1632 1585 1674 ulla
1609 1631 1664 1675 ad
1685 1630 1730 1674 id

240 1704 413 1753 tempus
442 1693 548 1736 belli
568 1691 807 1750 suspicione
832 1691 1101 1748 interposita,
1139 1707 1275 1749 quum
1309 1707 1407 1749 pars
1439 1690 1657 1733 hominum
1689 1691 1731 1734 in

241 1754 357 1812 agris
380 1760 636 1799 remaneret,
671 1766 771 1816 pars
798 1750 926 1792 etiam
961 1749 1002 1792 in
1026 1759 1167 1792 castra
1192 1750 1442 1797 ventitaret,
1477 1749 1521 1799 ii,
1551 1749 1626 1807 qui
1649 1765 1730 1808 pro

241 1813 379 1871 portis
402 1820 642 1854 castrorum
671 1824 713 1851 111
734 1809 917 1851 statione
939 1818 1079 1857 erant,
1105 1808 1263 1850 Caesari
1284 1808 1610 1857 renunc-iarum,
1667 1809 1730 1851 ul-

241 1887 386 1914 verem
409 1870 631 1928 majorem,
661 1884 788 1926 quam
819 1867 1084 1909 consuetudo
1107 1867 1258 1915 ferret,
1292 1867 1331 1909 in
1356 1884 1403 1909 ea
1428 1877 1552 1925 parte
1576 1824 1730 1916 videri,

239 1946 371 1989 quam
409 1929 450 1970 in
483 1935 653 1986 partem
686 1927 796 1983 legio
831 1927 914 1968 iter
947 1925 1127 1967 fecisset.
1194 1926 1337 1968 Caesar
1374 1926 1434 1973 id,
1467 1925 1584 1983 quod
1616 1935 1728 1975 erat,

238 1988 493 2046 suspicatUS,
526 1985 690 2044 aliquid
724 1985 821 2027 novi
850 2001 874 2026 a
907 1984 1104 2027 barbaris
1130 1984 1283 2026 initum
1305 1985 1482 2032 consilii,
1516 1984 1729 2035 cohortes,

239 2064 336 2106 quae
359 2047 400 2089 in
417 2045 672 2088 stationibus
689 2053 830 2093 erant,
852 2059 993 2085 secum
1017 2043 1057 2085 in
1078 2059 1169 2085 eain
1220 2053 1357 2085 artem
1380 2043 1605 2100 proficisci,
1623 2042 1731 2086 duas

239 2122 294 2148 ex
315 2105 493 2163 reliquis
530 2104 571 2146 iu
601 2105 830 2146 stationem
856 2101 1103 2150 succedere,
1140 2060 1326 2158 reliquas
1363 2102 1521 2144 armari
1553 2111 1597 2144 et
1630 2117 1727 2144 con·

241 2164 384 2207 festim
413 2180 500 2205 sese
529 2163 732 2221 subsequi
759 2161 898 2219 jussit.
965 2161 1110 2210 Quum
1143 2161 1292 2218 paullo
1324 2161 1491 2218 longius
1522 2177 1547 2202 a
1577 2162 1728 2203 castris

242 2222 527 2282 processisset,
558 2237 654 2263 suos
685 2222 740 2263 ab
763 2220 955 2263 hostibus
986 2219 1121 2277 premi
1153 2228 1286 2276 atque
1317 2235 1431 2277 aegre
1451 2219 1662 2261 sustinere
1683 2229 1727 2262 et

243 2281 440 2324 conferta
476 2279 644 2337 legione
677 2296 728 2321 ex
759 2279 953 2321 omnibus
993 2278 1191 2336 partibus
1223 2278 1309 2319 tela
1341 2277 1508 2335 conjici,
1539 2277 1728 2320 animum

242 2339 449 2383 advertit.
535 2338 651 2380 Nam
711 2337 845 2396 quod,
903 2338 1014 2379 ouini
1066 2351 1121 2379 ex
1181 2335 1357 2394 reliquis
1412 2335 1610 2402 partibus
1656 2336 1728 2379 de-

242 2414 377 2442 messo
406 2399 641 2445 frumento,
677 2412 775 2454 pars
796 2412 881 2438 una
904 2405 998 2438 erat
1022 2396 1204 2453 reliqua,
1229 2394 1431 2452 suspicati
1453 2393 1610 2444 hostes,
1644 2393 1730 2438 huc

241 2467 409 2501 nostros
430 2472 518 2500 esse
542 2465 763 2503 venturos,
782 2464 911 2497 noctu
935 2455 975 2497 in
997 2455 1114 2497 silvis
1133 2453 1415 2496 delituerant:
1451 2462 1544 2495 tum
1565 2452 1729 2512 disper-

241 2533 323 2567 SOS,
366 2514 572 2575 depositis
605 2514 749 2563 armis,
786 2513 828 2555 in
866 2513 1068 2556 metendo
1109 2521 1357 2570 occupatos,
1393 2511 1540 2555 subito
1568 2512 1728 2562 adorti,

295 2644 584 2687 Optimum-factu.
600 2643 798 2684 ahfaclum.
1016 2641 1181 2682 jusserant
1205 2651 1282 2671 suos
1307 2640 1339 2672 in
1361 2651 1460 2677 aeros
1484 2640 1674 2682 remigrare,
1698 2653 1728 2673 c.

295 2692 359 2722 Aul
376 2690 501 2721 reditu.
546 2689 686 2720 Hotom.
706 2687 815 2719 (ulitu-
832 2685 930 2717 malo.
1022 2687 1075 2723 2⁷,
1101 2691 1135 2716 et
1157 2685 1244 2715 clam
1268 2696 1308 2716 ex
1324 2684 1410 2719 amis
1432 2686 1598 2717 deducere
1611 2695 1727 2727 coepe·

295 2734 350 2765 Ex
365 2739 482 2765 erema
497 2744 534 2764 n.
550 2744 577 2764 s.
624 2731 676 2763 Sic
693 2732 733 2763 C.
750 2734 781 2769 2,
799 2734 829 2762 5.
845 2729 955 2771 fortu—
1020 2737 1104 2763 rant.
1130 2740 1161 2760 c.
1186 2731 1239 2759 30.
1288 2729 1375 2760 Hinc
1404 2728 1620 2769 intellig-etur,
1643 2730 1726 2770 quid

246 2787 372 2808 narum
397 2783 560 2808 eremum.
1022 2773 1086 2804 hoc
1104 2773 1160 2806 sit.
1183 2772 1418 2804 Britannorum
1443 2779 1569 2814 partem
1588 2772 1619 2804 in
1636 2775 1727 2815 agris

298 2821 390 2852 AErP.
409 2832 440 2852 v.
457 2821 527 2851 lnd.
542 2821 574 2852 in
589 2830 646 2858 aes,
660 2818 720 2850 ubi
736 2828 836 2850 naves
844 2822 952 2849 εει-δυο
1023 2816 1234 2849 remansisse.
1259 2817 1309 2848 M.

247 2863 492 2896 describuntur.
519 2865 566 2896 M.
1069 2863 1168 2893 Duas
1185 2871 1226 2892 ex
1242 2862 1392 2902 reliquis.
1430 2859 1580 2902 Scaliger
1593 2860 1728 2892 sustulit

294 2908 382 2939 Pars
399 2909 582 2940 hom-mum.
628 2907 862 2941 Britannorum
879 2903 951 2936 scil.
1022 2916 1062 2936 ex
1080 2906 1228 2945 reliquie,
1247 2904 1362 2936 invitis
1374 2905 1472 2936 codd.

247 2955 286 2983 ut
301 2950 439 2983 Graeeus
453 2951 584 2983 diserte.
1067 2950 1111 2981 E!
1127 2947 1270 2988 conserta
1286 2949 1427 2988 leqione.
1464 2947 1489 2980 1.
1502 2947 1542 2980 C.
1554 2948 1599 2979 H.
1612 2958 1726 2982 emen·

296 2995 339 3028 In
363 2998 468 3038 (tyri-5.
515 2995 691 3039 Principes
717 2995 951 3030 Britannorum
1019 2991 1457 3035 dateeillosinconfertam
1470 2992 1650 3036 leysos-em.
