1992 3271
619 221 832 268 LIB.11.
893 221 1031 266 ΟΑΡ.
1063 221 1195 270 5-8.
1245 285 1249 287 μ
1573 224 1632 268 45

164 358 314 394 ruunt.
348 350 477 401 Quod
497 359 592 394 tum
612 351 734 394 facile
757 351 903 394 fiebat.
937 350 1068 400 Nam,
1091 367 1227 408 quum
1248 358 1367 394 tanta
1394 351 1631 395 multitudo

163 410 324 468 lapides
351 426 400 452 ac
427 410 514 453 tela
541 411 815 468 conjicerent,
838 411 880 452 in
901 425 1025 451 muro
1044 410 1297 452 consistendi
1330 419 1517 467 potestas
1537 420 1632 454 erat

162 469 286 511 nulli.
349 469 496 518 Quum
515 468 641 511 finem
669 468 947 526 oppugnandi
972 482 1057 509 nox
1081 467 1261 516 fecisset,
1293 467 1430 511 Iccius
1453 469 1630 519 Remus,

163 543 326 569 summa
347 527 572 570 nobilitate
593 535 638 568 et
671 527 811 584 gratia
839 526 950 568 inter
970 542 1084 574 suos,
1118 525 1194 581 qui
1226 533 1320 567 tum
1340 528 1499 584 oppido
1524 544 1632 586 prae-

162 594 271 633 erat,
293 601 404 627 unus
423 600 476 625 ex
495 583 573 633 his,
604 585 678 640 qui
701 585 833 641 legati
860 585 912 626 de
942 599 1044 640 pace
1076 583 1130 625 ad
1164 583 1381 624 Caesarem
1409 595 1631 637 venerant,

160 643 339 685 nuncios
359 643 413 684 ad
432 658 530 684 eum
552 643 702 691 mittit,
735 644 813 685 nisi
843 642 1080 685 subsidium
1112 641 1192 684 sibi
1213 641 1512 694 submittatur,
1544 662 1632 688 sese

159 700 322 743 diutius
338 700 545 743 sustinere
567 716 651 743 non
674 716 808 757 posse.

220 759 260 801 7.
294 758 361 801 Eo
392 758 444 801 de
476 758 613 801 media
645 767 770 801 nocte
805 760 964 808 Caesar,
1008 758 1154 801 iisdem
1186 758 1371 803 ducibus
1400 775 1515 808 usus,
1555 761 1631 818 qui

159 817 305 860 nuncii
337 817 394 860 ab
427 816 541 860 Iccio
574 827 793 867 venerant,
829 817 1037 860 Numidas
1066 826 1110 859 et
1141 818 1294 860 Cretas
1323 817 1566 875 sagittarios
1587 829 1633 861 et

158 876 397 919 funditores
432 876 630 918 Baleares
663 876 851 919 subsidio
884 876 1106 933 oppidanis
1138 877 1301 918 mittit:
1337 892 1524 933 quorum
1561 878 1632 919 ad-

159 943 293 977 ventu
318 943 362 978 et
385 934 544 983 Remis,
579 950 677 976 cum
711 951 783 992 spe
810 935 1077 984 defensionis,
1107 935 1298 977 studium
1327 936 1633 992 propugnandi

156 993 333 1036 accessit
351 1001 396 1035 et
416 992 609 1035 hostibus
628 992 773 1034 eadem
801 994 853 1035 de
875 1009 1019 1035 caussa
1039 1009 1132 1050 spes
1153 993 1351 1051 potiundi
1383 993 1532 1050 oppidi
1549 994 1631 1036 dis-

159 1052 296 1094 cessit.
370 1051 539 1109 Itaque,
572 1051 808 1108 paullisper
840 1052 958 1109 apud
993 1051 1201 1109 oppidum
1234 1052 1390 1093 morati
1419 1067 1634 1109 agrosque

104 1142 106 1144 ψ
159 1109 397 1153 Remorum
423 1110 694 1168 depopulati,
726 1110 923 1152 omnibus
944 1110 1047 1152 vicis
1068 1109 1355 1167 aedificiisque,
1387 1126 1496 1166 quos
1514 1111 1632 1153 adire

160 1177 380 1226 poterant,
413 1168 604 1216 incensis,
639 1168 692 1210 ad
721 1176 860 1211 castra
890 1168 1068 1211 Caesaris
1090 1169 1288 1211 omnibus
1308 1169 1441 1226 copiis
1463 1178 1636 1212 conten-

158 1227 318 1270 derunt
348 1236 393 1269 et
424 1227 481 1269 ab
512 1227 685 1269 milibus
717 1243 921 1285 passuum
953 1227 1091 1269 minus
1121 1226 1163 1268 ΙΙ
1199 1236 1338 1270 castra
1377 1240 1633 1284 posuerunt,

163 1301 260 1342 quae
292 1295 445 1335 castra,
480 1294 530 1328 ut
561 1286 680 1327 fumo
713 1295 845 1342 atque
878 1285 1049 1342 ignibus
1081 1285 1422 1343 significabatur,
1451 1287 1634 1344 amplius

162 1344 335 1385 milibus
355 1360 556 1402 passuum
579 1343 691 1385 VIII
712 1344 754 1386 in
773 1344 1043 1386 latitudinem
1064 1344 1286 1400 patebant.

222 1403 263 1444 8.
298 1402 442 1444 Caesar
483 1402 639 1459 primo,
672 1410 716 1443 et
759 1411 941 1459 propter
988 1402 1309 1448 multitudinem
1350 1401 1551 1451 hostium,
1591 1413 1635 1446 et

162 1469 346 1518 propter
364 1461 558 1502 eximiam
577 1461 819 1517 opinionem
837 1460 1027 1509 virtutis,
1058 1460 1212 1517 proelio
1245 1461 1520 1518 supersedere
1551 1470 1634 1503 sta-

163 1519 276 1567 tuit;
307 1519 500 1576 quotidie
533 1527 674 1560 tamen
694 1518 966 1574 equestribus
995 1518 1172 1574 proeliis,
1196 1518 1300 1574 quid
1320 1518 1450 1560 hostis
1472 1519 1636 1562 virtute

162 1586 305 1633 posset
325 1585 369 1619 et
390 1577 495 1634 quid
507 1577 642 1618 nostri
653 1577 876 1625 auderent,
891 1576 1267 1618 sollicitationibus
1287 1577 1632 1633 periclitabatur.

166 1635 257 1677 Ubi
277 1644 445 1677 nostros
466 1650 550 1677 non
571 1651 657 1676 esse
678 1634 897 1677 inferiores
916 1631 1144 1683 intellexit,
1175 1635 1270 1677 loco
1293 1650 1373 1691 pro
1395 1637 1559 1684 castris,
1581 1638 1637 1680 ad

161 1693 296 1736 aciem
317 1693 606 1737 instruendam
636 1702 792 1736 natura
812 1692 1063 1751 obportuno
1090 1702 1223 1750 atque
1244 1693 1410 1743 idoneo,
1445 1694 1582 1751 (quod
1604 1695 1637 1738 is

164 1837 224 1870 ubi
247 1838 325 1871 vide
350 1845 463 1871 notata
492 1845 617 1871 nostra.
663 1838 756 1870 Male
785 1838 869 1870 olim

165 1883 337 1924 legebatur
352 1884 563 1915 succendunt.

212 1929 314 1966 Nam,
339 1939 443 1969 quum
473 1929 673 1969 conjicerent.
715 1926 868 1957 Veterem

165 1969 250 2002 hane
277 1972 458 2003 lectionem
480 1970 628 2002 restituit
643 1970 798 2001 Oudend.
823 1971 870 2001 le-

164 2015 303 2055 gebatur
350 2015 700 2057 Nam-conjiciebant.
740 2014 869 2045 omisso

163 2069 279 2100 quum.

213 2103 328 2134 Iccius.
372 2102 426 2133 Cf.
443 2113 474 2133 c.
493 2104 523 2132 3.
556 2103 605 2133 M.

213 2147 368 2178 Nnncios.
384 2147 429 2177 al.
441 2148 614 2177 nunciam.
645 2145 707 2176 Sed
722 2150 813 2187 patet
828 2155 868 2176 ex
901 2154 905 2158 ·

165 2199 236 2230 seq.
254 2190 368 2230 plures
383 2189 498 2221 fuisse.

213 2235 444 2266 Submittacm·.
490 2234 537 2265 Ita
553 2234 651 2265 codd.
669 2239 700 2264 et
712 2233 788 2263 edd.
802 2238 869 2264 vet.

166 2277 269 2318 vulgo
282 2280 442 2310 mittatur.

216 2322 388 2353 Numidas.
451 2321 532 2352 Sunt
570 2320 656 2352 levis
693 2325 869 2352 armaturae

167 2363 308 2395 milites.
352 2365 446 2396 Cl'.c.
468 2368 517 2397 10.
542 2366 593 2396 M.

214 2409 335 2440 Cretas·-
365 2409 400 2438 Οἱ
415 2411 522 2452 Κξῆτες
547 2409 598 2439 εἶσὶ
614 2407 723 2447 τοξείειν
743 2406 871 2448 ἀγαθοί.

169 2451 296 2483 AElian.
322 2452 365 2483 V.
383 2453 426 2483 11.
449 2455 544 2489 1,]0.
576 2454 694 2484 Cellar.

215 2496 380 2527 Baleares.
437 2497 485 2527 De
525 2495 649 2527 incolis
685 2495 868 2526 insularum

167 2538 381 2570 Balearidum
403 2538 436 2571 in
456 2539 646 2581 Hispanico
665 2539 747 2570 mari
765 2539 870 2569 notis-

168 2581 252 2613 sima
277 2589 364 2620 sunt,
386 2594 462 2623 quae
488 2583 605 2614 Strabo
629 2583 758 2623 (geogr.
783 2584 814 2612 3.
833 2593 868 2623 p.

175 2627 264 2665 168.)
281 2626 433 2667 scripsit:
459 2625 637 2666 σφενδονῆται
649 2627 756 2669 ἄριστοι
769 2625 870 2665 λέγον-

170 2683 220 2700 ται
232 2671 283 2700 καὶ
294 2671 373 2700 τοῦτ’
386 2670 523 2706 ἤσκησαν,
535 2671 570 2704 ὥς
585 2671 664 2710 φάσι,
679 2669 869 2713 ἒιαφεςᾶντως,

168 2714 196 2752 ἒξ
211 2713 276 2744 ilc-ou
293 2714 410 2748 Φοίνικες
428 2713 577 2754 κατέσχον
594 2715 647 2747 τὰς
662 2713 765 2746 νῆιτσυς.
817 2713 869 2744 (Ὺ.

167 2757 243 2788 Liv.
261 2760 315 2796 2³8,
334 2760 386 2789 37.
421 2759 530 2798 Atque
544 2759 609 2788 hoc
625 2757 710 2788 scire
723 2757 844 2788 suflicit
862 2769 869 2787 ε

167 2811 244 2832 nam
275 2801 340 2833 hoc
368 2813 472 2833 unum
495 2807 545 2832 est
573 2806 722 2831 certum:
761 2806 869 2832 cetera

168 2845 296 2884 omnia,
315 2856 392 2887 quae
414 2847 454 2876 de
477 2856 577 2876 causa
605 2844 753 2875 nominis
783 2845 867 2876 tradi

168 2890 289 2927 solent,
311 2890 416 2921 veluti
433 2900 453 2920 a
474 2890 598 2925 βάλλειν
612 2888 731 2927 (Diod.
747 2887 815 2919 Sic.
839 2892 870 2926 5,

170 2932 237 2972 Π),
257 2938 314 2965 aut
328 2943 348 2964 e
363 2944 517 2964 sermone
540 2931 716 2974 phoenicio
737 2932 872 2972 (Strabo

170 2977 222 3009 14.
251 2988 287 3020 p.
319 2978 413 3018 654),
451 2982 508 3011 aut
534 2988 554 3009 a
587 2977 734 3020 quodam
765 2977 869 3009 Baleo

935 1838 1086 1877 (Livian.
1114 1838 1199 1879 epit.
1229 1838 1291 1870 lib.
1326 1839 1395 1878 60).
1433 1838 1505 1870 haec
1536 1838 1640 1881 igitur

935 1882 1050 1913 onmia
1063 1882 1187 1914 incerta
1203 1889 1289 1920 sunt,
1311 1883 1419 1914 efficta
1438 1882 1545 1914 nimio
1572 1890 1639 1914 stu-

935 1926 993 1956 dio
1016 1926 1246 1967 etymologiam
1264 1928 1356 1967 quod
1379 1933 1412 1957 et
1434 1933 1584 1958 veterum
1607 1934 1640 1958 et

934 1970 1159 2001 recentiorum
1172 1971 1296 2002 multos
1309 1970 1492 2011 scriptores
1505 1971 1546 2001 de
1559 1981 1640 2012 gen-

934 2015 1018 2045 tium
1036 2013 1228 2055 originibus
1244 2014 1364 2045 tenuit.
1389 2016 1440 2045 ill.

982 2059 1144 2089 Discessit.
1173 2058 1226 2088 Sic
1240 2059 1338 2089 codd.
1379 2057 1432 2089 Sic
1445 2063 1476 2088 et
1491 2057 1638 2096 Quintil.

939 2103 988 2139 11,
1010 2104 1037 2135 1,
1057 2104 1106 2131 16.
1120 2103 1285 2133 (emulatio
1306 2103 1454 2133 discessit.
1473 2104 1522 2140 11,
1540 2106 1571 2140 2,
1584 2104 1640 2133 44.

934 2147 1092 2176 memoria
1113 2146 1254 2177 discedit.
1294 2144 1411 2176 Davis.
1437 2156 1479 2176 ex
1504 2147 1638 2188 conjec-

933 2194 1004 2220 tura
1019 2188 1185 2220 Gronovii
1200 2190 1327 2220 mavult
1339 2190 1477 2222 decessit.

982 2236 1067 2267 Quos
1091 2233 1195 2264 adire.
1245 2234 1307 2264 Vel
1329 2233 1520 2274 legendum,
1553 2244 1638 2275 quce,

934 2277 986 2306 vel
1001 2282 1088 2317 quot,
1110 2277 1164 2308 vel
1180 2288 1255 2318 quo.
1287 2278 1336 2308 M.
1385 2279 1472 2311 Quos
1493 2289 1552 2319 per
1573 2279 1641 2319 syl-

935 2320 1044 2361 lepsin
1060 2321 1335 2352 adcommodatur
1350 2320 1497 2362 digniori
1510 2322 1639 2363 generi.

981 2365 1137 2394 Omnibus
1150 2366 1256 2405 copiis.
1303 2364 1356 2395 Sic
1369 2370 1401 2395 et
1416 2365 1502 2395 alibi
1517 2371 1641 2403 noster,

935 2413 970 2438 ut
991 2418 1021 2438 c.
1050 2409 1099 2437 19.
1116 2414 1148 2438 ct
1173 2410 1225 2439 33.
1251 2408 1330 2439 item
1348 2410 1379 2446 4,
1396 2411 1449 2439 2⁴.
1474 2413 1505 2447 5,
1523 2412 1574 2441 49.
1599 2409 1639 2439 C.

937 2454 965 2488 1,
990 2453 1042 2482 63.
1090 2452 1339 2493 Nonnunquam
1366 2458 1475 2483 tamen
1495 2458 1526 2483 et
1554 2463 1640 2492 pra*-

934 2494 1063 2536 positio
1086 2497 1176 2536 apud
1193 2502 1343 2527 nostrum
1359 2496 1504 2527 additur.
1552 2495 1638 2526 Vide

938 2542 965 2572 l,
996 2542 1049 2569 ³26.
1088 2543 1140 2571 38.
1176 2540 1215 2570 (J.
1251 2541 1279 2578 l,
1313 2542 1362 2571 19.
1410 2541 1532 2571 Parum
1555 2550 1634 2581 ergo

931 2583 1043 2614 refert.

978 2627 1240 2659 Per-iclimbamr.
1294 2626 1360 2657 Vid
1397 2623 1467 2657 ind.
1507 2627 1639 2659 Eodem

933 2681 1029 2701 sensu
1054 2671 1192 2701 Plautus
1219 2671 1343 2712 Amph.
1379 2672 1411 2707 2,
1429 2674 1460 2707 2,
1477 2673 1530 2701 56.
1558 2675 1588 2709 3,
1606 2675 1638 2709 2,

934 2716 987 2744 35³.
1012 2714 1117 2744 Codd.
1140 2713 1279 2754 quidam
1302 2714 1424 2744 habent
1444 2715 1638 2746 sollicitatio-

931 2759 1027 2788 nibus
1060 2759 1258 2798 arquirelmt.
1294 2757 1356 2788 alii
1397 2759 1636 2799 emoriebatur.

931 2807 1108 2841 utrumque
1124 2811 1164 2831 ex
1180 2801 1305 2841 glossa.

981 2846 1085 2885 Atque
1096 2844 1220 2875 idoneo.
1243 2844 1298 2875 hic
1320 2849 1396 2875 ante
1419 2845 1636 2886 parenthesin

935 2887 1052 2918 inserit
1070 2888 1095 2918 I.
1121 2886 1160 2917 C.
1182 2889 1227 2918 ΙΙ.
1249 2889 1574 2930 consiiqereclecrevit
1594 2897 1624 2921 et

937 2932 1062 2962 Verum
1072 2931 1200 2972 absque
1209 2931 1275 2962 hoc
1288 2931 1525 2975 subplemento
1539 2934 1637 2967 locus

935 2975 1043 3019 probe
1059 2980 1109 3008 est
1123 2975 1329 3010 intellectus.
