1946 3261
544 158 546 161 ’
592 166 711 212 LIB.
746 167 877 212 VIII.
939 167 1080 212 CAP.
1120 166 1306 211 14-16.
1639 161 1726 211 235

235 308 334 351 quae
381 295 634 340 transeundi
677 297 911 340 difficultas
951 295 1220 339 celeritatem
1262 296 1514 356 insequendi
1551 296 1726 340 tardare

236 362 402 411 posset;
425 364 559 413 atque
572 355 617 398 id
635 357 807 415 jugum,
825 355 945 414 quod
965 364 1084 398 trans
1101 355 1306 413 paludem
1323 372 1446 415 paene
1463 357 1518 400 ad
1537 356 1730 401 hostium

235 422 376 456 castra
398 416 657 473 pertineret,
691 416 899 459 mediocri
920 414 1034 457 valle
1069 430 1094 456 a
1116 415 1267 456 castris
1297 431 1450 458 eorum
1477 415 1730 459 intercisum

234 473 428 516 animum
480 474 758 518 adverteret:
809 475 1016 534 pontibus
1057 471 1222 532 palude
1266 484 1500 528 constrata,
1539 476 1731 535 legiones

235 532 480 575 transducit
512 534 804 592 celeriterque
824 536 867 577 in
887 548 1098 576 summam
1128 532 1356 590 planitiem
1387 534 1482 592 jugi
1512 534 1731 593 pervenit,

236 606 334 647 quae
354 592 513 635 declivi
545 592 722 651 fastigio
755 594 927 637 duobus
959 593 1016 635 ab
1049 591 1264 636 lateribus
1299 593 1595 637 muniebatur.
1661 593 1732 637 Ibi

235 649 481 708 legionibus
516 651 755 702 instructis,
787 653 842 695 ad
867 654 1070 696 ultimum
1086 652 1242 710 jugum
1266 651 1485 709 pervenit,
1504 654 1730 712 aciemque

194 762 204 765 x
234 724 286 751 eo
308 709 406 776 loco
428 711 674 762 constituit,
694 712 805 755 unde
821 722 1040 756 tormento
1054 712 1181 754 missa
1199 710 1286 753 tela
1303 711 1347 754 in
1365 709 1554 754 hostium
1571 728 1731 757 cuneos

235 784 392 826 con-pel
418 780 608 827 possent.

301 828 367 870 15.
402 829 605 881 Barbari,
628 830 774 875 confisi
798 831 882 874 loc-i
911 840 1085 879 natura,
1115 845 1254 888 quum
1275 830 1480 873 dimicare
1503 845 1589 874 non
1611 846 1733 873 recu-

235 897 396 939 sarent,
420 889 452 931 si
477 890 590 932 forte
612 890 797 934 Romani
825 891 972 933 subire
991 890 1147 933 collem
1174 899 1454 940 conarentur,
1483 890 1734 950 paullatim-

237 963 324 1005 que
361 950 508 1007 copias
543 950 801 993 distributas
834 950 1055 993 dimittere
1088 965 1175 992 non
1207 950 1434 999 auderent,
1465 965 1518 992 ne
1551 950 1736 1009 dispersi

238 1009 626 1065 perturbarentur,
654 1011 696 1053 in
716 1012 805 1053 acic
829 1018 1177 1068 permanserunt.
1243 1010 1446 1059 Quorum
1476 1009 1734 1069 pertinacia,

239 1068 401 1119 Caesar,
437 1070 629 1125 cognita,
663 1070 819 1127 viginti
851 1069 1107 1112 cohortibus
1138 1069 1379 1118 instructis,
1413 1069 1653 1127 castrisque
1683 1085 1736 1112 eo

237 1127 334 1171 loco
355 1130 544 1178 metatis,
566 1130 727 1172 muniri
745 1130 873 1187 jubet
895 1138 1052 1172 castra.
1118 1128 1349 1172 Absolutis
1371 1129 1596 1188 operibus,
1630 1128 1737 1187 legi-

237 1203 338 1230 ones
360 1205 441 1246 pro
464 1189 581 1231 vallo
615 1191 850 1232 instructas
883 1188 1109 1232 conlocat:
1156 1189 1326 1245 equites
1352 1189 1511 1231 renatis
1540 1188 1664 1247 equis
1694 1189 1737 1233 in

236 1249 498 1291 stationibus
518 1249 724 1308 disponit.
781 1248 1022 1298 Bellovaci,
1041 1264 1181 1307 quum
1196 1249 1415 1291 Romanos
1435 1249 1489 1292 ad
1511 1249 1738 1306 insequen-

237 1307 342 1350 dum
376 1316 552 1367 paratos
589 1308 803 1358 viderent,
832 1324 973 1365 neque
1008 1316 1269 1367 pernoctare
1289 1308 1378 1350 sine
1409 1307 1624 1366 periculo,
1659 1315 1739 1351 aut

237 1367 404 1410 diutius
424 1383 676 1426 permanere
697 1368 786 1410 sine
808 1367 982 1410 cibariis
1008 1367 1159 1411 eodem
1182 1367 1279 1410 loco
1302 1376 1494 1425 possent,
1528 1367 1616 1410 tale
1638 1383 1738 1411 con-

236 1427 383 1470 silium
418 1427 484 1470 sui
526 1427 762 1486 recipiendi
800 1427 1008 1476 inierunt,
1072 1434 1101 1452 ‘⁶
1125 1426 1291 1477 Fasces,
1331 1427 1398 1469 uti
1438 1426 1738 1477 consederant,

240 1494 270 1512 ‘⁶
292 1495 633 1530 stramentorum
676 1503 725 1530 ac
767 1487 1083 1545 virgultorum,
1121 1502 1312 1544 quorum
1352 1502 1519 1530 summa
1559 1495 1655 1529 erat
1696 1487 1740 1530 in

240 1554 269 1572 ⁶⁶
294 1546 444 1589 castris
477 1547 619 1605 copia,
650 1563 730 1605 per
763 1562 914 1588 manus
948 1546 1061 1588 inter
1095 1561 1138 1587 se
1176 1546 1427 1595 transditos,
1466 1554 1566 1588 ante
1603 1546 1740 1589 aciem

240 1613 270 1632 ⁶⁶
292 1605 649 1655 conlocaverunt,
685 1614 973 1664 extremoque
1011 1614 1209 1662 ternpore
1239 1605 1341 1654 diei,
1381 1606 1506 1662 signo
1546 1620 1741 1663 pronun-

237 1673 267 1692 ⁶⁴
291 1666 422 1716 ciato,
460 1681 548 1708 uno
586 1674 786 1725 tempore
825 1664 1157 1708 incenderunt.’‘
1219 1663 1287 1707 Ita
1318 1665 1542 1708 continens
1572 1664 1745 1708 flamma

237 1726 382 1784 copias
402 1741 549 1768 omnes
572 1734 751 1784 repente
773 1742 798 1767 a
825 1732 1063 1784 conspectu
1096 1724 1207 1767 texit
1233 1724 1548 1767 Romanorum.
1614 1724 1745 1775 Quod

238 1785 314 1828 ubi
336 1785 511 1836 accidit,
534 1785 714 1828 barbari
738 1784 1111 1828 vehementissimo
1133 1800 1263 1827 cursu
1287 1784 1561 1841 refugerunt.

302 1846 369 1888 lo.
404 1845 566 1894 Caesar,
589 1845 669 1888 etsi
689 1845 922 1888 discessum
949 1843 1140 1887 hostium
1173 1844 1366 1887 animum
1394 1844 1623 1887 advertere
1657 1859 1742 1887 non

239 1914 433 1965 poterat,
464 1904 670 1948 incendiis
700 1905 940 1964 obpositis;
986 1913 1131 1948 tamen
1155 1903 1197 1947 id
1218 1903 1444 1947 consilium
1466 1903 1742 1963 quum.fugae

289 2019 518 2057 Mam'ebatur,
542 2017 617 2059 ipso
642 2018 708 2050 situ
727 2018 772 2050 ab
789 2017 884 2050 aditu
902 2028 954 2050 re-

241 2062 381 2105 pentino
400 2069 473 2095 tuto
489 2070 571 2095 crat.
596 2064 646 2094 M.

288 2110 394 2143 Quor.
423 2114 507 2150 pere.
543 2108 659 2139 c'aesar
691 2110 838 2147 coquita.
893 2106 955 2138 alii

240 2155 376 2194 coym'm
403 2155 524 2185 Coesar.
556 2152 649 2193 quod
671 2152 786 2183 minus
806 2153 956 2194 elegans.

286 2197 329 2229 M
329 2199 420 2229 uniri
425 2198 537 2239 jubet.
560 2196 622 2228 alii
637 2197 812 2238 Menapios
822 2199 957 2228 munire

230 2241 339 2283 jubet.

287 2287 456 2318 Absolutis
475 2286 641 2328 operibus.
679 2285 740 2317 alii
764 2286 810 2318 Ac
831 2286 961 2317 solutis.

242 2329 324 2363 item
343 2332 388 2362 Αι-
401 2332 515 2363 solitis.
540 2341 661 2373 parurn
679 2329 801 2372 probe.

289 2377 368 2407 Sine
385 2377 530 2407 cibariis.
575 2375 632 2407 Sic
660 2375 739 2407 libri
767 2374 850 2406 boni
869 2375 958 2414 duo;

242 2419 359 2458 ceteri,
382 2422 453 2452 sine
475 2421 637 2461 periculo.
672 2421 722 2451 M.
767 2419 959 2461 Utrumque

243 2463 494 2496 admittendum
509 2464 597 2496 vidit
613 2464 834 2506 Oudendorp.

290 2510 459 2541 Jm'erunt.
482 2509 543 2541 alii
560 2515 742 2551 carpe-runt.

292 2554 530 2591 comederant,
550 2553 664 2586 locum
680 2557 903 2595 occuparant,
927 2551 961 2584 in

242 2608 311 2641 quo
341 2598 652 2630 commorabantur.
713 2598 782 2630 Alii
812 2599 869 2629 ubi
899 2608 960 2638 pro

243 2646 314 2676 uti.-
345 2653 412 2674 non
431 2642 542 2674 bene:
574 2653 652 2674 nam
673 2646 724 2675 uti
745 2642 962 2675 comederant

243 2694 306 2727 est,
333 2688 426 2730 quod
456 2686 543 2718 alibi
572 2687 701 2719 dieitur
729 2693 768 2720 ut
792 2691 901 2726 erant,
925 2686 961 2721 ὡς

244 2731 336 2774 εἶχον.
367 2734 418 2764 M.

293 2779 452 2819 Namque
474 2779 512 2808 in
533 2779 606 2809 acie
621 2776 732 2809 sedere
753 2777 872 2808 Gallos
887 2786 962 2808 con-

242 2833 367 2862 suesse,
393 2823 619 2865 superioribus
636 2822 886 2854 commentariis
902 2821 960 2852 de-

241 2869 410 2900 claratum
437 2872 495 2900 est.
548 2867 637 2905 Hoc,
675 2865 842 2898 intrusum
880 2870 958 2907 post

243 2913 473 2951 consederant,
498 2911 661 2955 nuspiam
689 2911 820 2945 dictum
844 2915 896 2944 est
920 2910 955 2943 in

1025 2017 1282 2049 commentariis
1299 2016 1445 2050 Caesaris
1461 2030 1468 2048 ι
1493 2027 1585 2055 nam,
1599 2017 1660 2059 qui
1674 2017 1742 2050 loci

1028 2062 1060 2094 in
1079 2062 1164 2094 hanc
1182 2073 1253 2094 rem
1270 2063 1449 2094 laudantur
1471 2063 1529 2101 (de
1549 2062 1587 2093 B.
1605 2062 1694 2094 Gall.
1713 2065 1745 2102 3,

1030 2107 1323 2148 18.-4·1e1n10cun1
1343 2108 1579 2139 llotoniannus
1588 2107 1746 2149 protulit,

1026 2156 1084 2182 aut
1098 2151 1185 2182 ibid.
1199 2155 1230 2190 3,
1245 2154 1295 2183 Π.
1309 2162 1377 2193 quo
1395 2151 1571 2185 Fabricius
1582 2152 1624 2183 ad
1637 2150 1743 2183 Dion.

1028 2197 1126 2228 Cass.
1150 2198 1204 2235 39,
1232 2200 1272 2228 45
1298 2208 1380 2228 usus
1403 2197 1484 2236 est),
1507 2196 1543 2228 hi
1564 2207 1646 2237 ergo
1665 2207 1746 2237 pro-

1027 2241 1118 2272 fecto
1134 2240 1222 2272 nihil
1245 2242 1310 2273 tale
1328 2241 1515 2279 continent,
1536 2242 1640 2282 quale
1661 2251 1744 2272 con-

1025 2285 1133 2317 tinere
1149 2285 1288 2324 debent,
1302 2286 1467 2328 quoniam
1481 2285 1516 2316 in
1529 2286 1641 2327 priore
1653 2285 1744 2316 nihil

1027 2330 1093 2361 nisi
1109 2337 1278 2363 sai-metus]
1295 2337 1326 2363 ec
1342 2332 1492 2372 viv-qulta
1510 2329 1653 2371 legitur3
1684 2330 1742 2362 sed

1027 2374 1110 2417 quid
1127 2375 1192 2406 hoc
1212 2376 1254 2407 ad
1278 2377 1371 2407 rem?
1404 2375 1437 2406 in
1456 2374 1641 2417 posteriore
1665 2385 1743 2405 vero

1029 2421 1127 2452 hostis
1143 2420 1286 2453 consedit
1303 2420 1487 2461 significat,
1513 2421 1610 2451 hortis
1632 2423 1744 2450 cci-stra

1025 2467 1147 2506 posuit.
1175 2465 1337 2497 Praeterea
1349 2471 1399 2496 est
1407 2464 1604 2497 absurdum.
1617 2462 1746 2495 milites

1030 2508 1064 2540 in
1080 2508 1155 2540 acie
1172 2510 1301 2541 sedere.
1341 2509 1455 2547 Quare
1472 2509 1574 2540 credo
1592 2507 1743 2545 Wassi0‚

1028 2553 1071 2585 ad
1083 2553 1220 2584 Sallust.
1232 2554 1391 2595 jugurth.
1402 2553 1495 2594 (cap.
1506 2556 1524 2583 2
1534 2553 1564 2591 1)
1573 2552 1746 2590 statuenti,

1030 2598 1118 2630 hanc
1132 2604 1237 2629 totam
1251 2597 1466 2640 parenthesin
1480 2608 1554 2628 esse
1565 2596 1610 2628 ab
1625 2596 1743 2638 inepto

1031 2642 1182 2681 homine,
1195 2643 1255 2684 qni
1271 2653 1337 2674 non
1354 2641 1560 2674 intellexerit
1583 2641 1617 2672 τό
1633 2651 1744 2674 conse-

1029 2687 1163 2726 derant,
1203 2694 1237 2718 et
1273 2685 1491 2728 adscripserit
1529 2685 1662 2727 aliquid
1700 2685 1744 2717 de

1030 2733 1133 2764 stulto
1151 2731 1217 2762 hoc
1236 2731 1302 2763 ritu
1320 2737 1353 2762 et
1369 2730 1628 2770 commenticio,
1647 2729 1746 2762 ideo-

1027 2788 1095 2818 que
1112 2776 1228 2808 omnia
1247 2776 1318 2807 haec
1336 2776 1450 2814 verba,
1476 2775 1607 2807 inclusa
1625 2784 1745 2816 paren-

1031 2820 1134 2859 thesi,
1149 2831 1221 2852 esse
1238 2821 1374 2862 penitus
1387 2820 1552 2852 tollenda.
1591 2820 1677 2851 Haec
1693 2824 1745 2850 est

1027 2875 1160 2897 summa
1172 2876 1304 2904 eorum,
1314 2875 1392 2906 quae
1402 2864 1606 2906 interpretes
1616 2865 1659 2896 de
1673 2864 1708 2896 h.
1721 2864 1744 2895 1.

1024 2909 1192 2943 dixerunt.
1223 2911 1274 2944 M.
1306 2910 1390 2942 Jure
1407 2909 1599 2953 meritoque
1614 2919 1669 2941 me
1684 2919 1744 2943 ex-
