1946 3261
581 165 697 212 LIB.
733 167 791 212 II.
857 167 994 212 CAP.
1034 168 1215 211 19-21,
1544 166 1633 212 3:25

154 292 441 350 expellerent,
465 295 614 338 urbem
638 295 907 353 insulamque
925 295 1087 338 Caesari
1105 304 1339 339 servarent.
1406 295 1507 339 Hoc
1527 295 1635 339 inito

155 351 347 402 consilio,
380 353 701 397 denunciavisse
742 354 961 403 Gallonio,
999 362 1049 396 ut
1081 371 1157 396 sua
1191 363 1363 413 sponte,
1404 355 1511 397 dum
1543 355 1634 398 sine

155 411 350 468 periculo
380 412 545 462 liceret,
582 414 811 456 excederet
837 412 1061 460 Gadibus;
1094 413 1127 453 si
1161 413 1205 455 id
1238 429 1321 456 non
1344 413 1526 464 fecisset,
1548 413 1631 457 sibi

152 469 375 512 consilium
399 480 603 529 capturos
623 488 632 513 :
666 473 746 514 hoc
774 471 926 513 timore
954 470 1191 513 adductum
1216 472 1471 514 Gallonium
1494 472 1632 515 Gadi-

150 527 230 569 bus
246 530 479 572 excessisse.
517 530 598 572 His
615 530 798 588 cognitis
811 531 954 579 rebus,
969 529 1108 571 altera
1121 545 1173 570 ex
1188 529 1356 572 duabus
1368 530 1631 589 legionibuS,

148 601 245 643 quae
266 588 497 630 vernacula
518 589 842 646 adpellabatur,
864 605 919 630 ex
940 587 1091 630 castris
1113 587 1340 637 Varronis,
1363 590 1562 632 adstante
1584 598 1631 633 et

147 644 414 702 inspectante
430 647 539 704 ipso,
562 648 684 705 signa
705 647 880 690 sustulit
901 662 1072 704 seseque
1092 645 1295 703 Hispalin
1316 647 1481 704 recepit
1497 656 1630 706 atque

147 703 190 744 in
213 704 308 745 foro
320 713 364 745 et
379 705 617 762 porticibus
633 707 722 748 sine
735 705 943 748 maleficio
956 703 1163 747 consedit.
1200 704 1329 753 Quod
1343 705 1508 748 factum
1519 707 1629 751 adeo

143 762 236 820 ejus
261 772 497 805 conventus
519 764 632 806 cives
655 765 841 807 Romani
861 764 1271 822 comprobaverunt,
1293 770 1345 804 ut
1365 763 1543 806 domum
1573 765 1630 807 ad

143 837 186 863 se
220 821 404 878 quisque
445 821 634 880 hospitio
675 823 947 882 cupidissime
989 822 1220 880 reciperet.
1285 821 1456 871 Quibus
1498 823 1630 865 rebus

143 880 402 937 perterritus
422 881 582 932 Varro,
606 898 758 940 quum,
782 883 933 925 itinere
956 897 1178 931 converso,
1200 896 1288 923 sese
1313 880 1510 924 Italicam
1528 897 1629 924 ven-

145 947 296 980 turum
318 940 597 997 promisisset,
621 942 782 983 certior
803 941 860 983 ab
881 941 967 982 suis
995 941 1134 982 factus
1166 948 1246 989 est,
1281 940 1629 997 praeclusassssse

144 1005 309 1056 portas.
374 999 488 1041 Tum
510 1016 632 1050 vero,
663 1001 778 1043 omni
811 1000 1069 1042 interclusus
1106 999 1279 1047 itinere,
1320 998 1375 1040 ad
1416 999 1629 1042 Caesarem

143 1056 296 1106 mittit,
333 1066 534 1116 paratum
569 1076 612 1101 se
649 1076 750 1108 esse,
785 1058 1015 1118 legionem,
1053 1059 1121 1100 cui
1158 1057 1350 1116 jusserit,
1385 1058 1624 1101 transdere.

142 1114 223 1157 Ille
242 1116 296 1158 ad
317 1133 416 1159 eum
441 1119 544 1160 Sex.
571 1119 784 1162 Caesarem
804 1118 941 1160 mittit
974 1126 1107 1175 atque
1145 1117 1243 1159 huic
1280 1116 1447 1159 transdi
1480 1117 1626 1175 jubet.

142 1174 373 1218 Transdita
421 1175 605 1234 legione,
646 1178 792 1220 Varro
827 1176 1085 1220 Cordubam
1127 1177 1184 1219 ad
1225 1176 1439 1218 Caesarem
1474 1175 1596 1219 venit
1615 1191 1627 1218 z

141 1233 289 1275 relatis
309 1235 364 1277 ad
387 1251 486 1277 eum
509 1237 696 1294 publicis
717 1252 814 1278 cum
846 1235 929 1278 fide
950 1236 1208 1283 rationibus,
1230 1234 1350 1292 quod
1374 1250 1504 1293 penes
1525 1251 1624 1278 eum

140 1300 207 1335 est
229 1293 435 1350 pecuniae,
459 1295 645 1338 transdit
679 1304 739 1345 et,
777 1294 895 1352 quod
934 1294 1099 1351 ubique
1134 1294 1291 1336 habeat
1329 1294 1538 1336 frumenti
1575 1309 1626 1337 ac

141 1351 332 1400 navium,
357 1353 560 1395 ostendit.

199 1411 270 1452 21.
307 1411 468 1460 Caesar,
490 1412 691 1454 concione
712 1411 862 1454 habita
886 1410 1121 1461 Cordubae,
1155 1412 1354 1454 omnibus
1386 1410 1628 1469 generatim

140 1469 302 1527 gratias
336 1471 453 1527 agit:
488 1471 654 1513 civibus
690 1470 913 1519 Romanis,
943 1469 1062 1527 quod
1084 1470 1296 1528 oppidum
1321 1471 1365 1512 in
1387 1486 1463 1512 sua
1483 1477 1626 1527 potes-

139 1537 230 1571 tate
250 1529 513 1571 studuissent
545 1529 736 1577 habere3
782 1529 1004 1587 HispaniS,
1045 1530 1164 1585 quod
1204 1529 1401 1587 praesidia
1436 1528 1626 1586 expulis-

138 1596 232 1630 sent
252 1602 261 1635 ;
298 1588 537 1637 Gaditanis,
579 1587 699 1644 quod
743 1597 920 1629 conatus
956 1587 1305 1629 adversariorum
1346 1586 1625 1645 infregissent

139 1662 313 1703 seseque
351 1647 394 1688 in
423 1647 670 1688 libertatem
707 1646 1021 1694 vindicassent3
1060 1645 1266 1687 Tribunis
1288 1644 1478 1687 militum
1513 1645 1625 1688 Cen-

139 1705 484 1763 turionibusque‚
508 1705 584 1763 qui
604 1721 654 1746 eo
676 1704 863 1763 praesidii
884 1720 1030 1746 caussa
1061 1711 1287 1753 venerant,
1322 1704 1442 1760 quod
1472 1719 1624 1746 eorum

137 1764 312 1806 consilia
331 1780 409 1806 sua
426 1765 591 1806 virtute
614 1763 961 1805 confirmassent:
1014 1763 1234 1819 pecunias,
1274 1777 1382 1819 quas
1417 1770 1545 1806 erant
1577 1763 1622 1806 in

137 1823 363 1881 publicum
384 1823 570 1865 Varroni
593 1824 704 1865 cives
727 1822 910 1864 Romani
934 1821 1136 1880 polliciti,
1155 1820 1339 1864 remittit
1358 1836 1369 1869 3
1401 1821 1516 1864 bona
1536 1837 1623 1865 res-

136 1882 258 1924 tituit
279 1882 345 1931 iis,
369 1898 477 1940 quos
499 1882 677 1925 liberius
696 1882 864 1924 locutos
889 1896 939 1922 ac
958 1896 1131 1938 poenam
1152 1880 1301 1922 tulisse
1322 1888 1589 1938 cognoverat
1608 1897 1619 1922 :

134 1940 312 1983 tributis
335 1941 598 1998 quibusdam
621 1940 806 1999 publicis
838 1939 1108 1999 privatisque
1140 1938 1340 1997 praemiis,
1364 1939 1556 1997 reliquos
1578 1936 1622 1982 in

914 2083 1085 2116 libertinis
1100 2091 1134 2115 et
1148 2082 1332 2116 similibus.
1376 2083 1462 2115 Mox
1476 2081 1539 2115 alii
1556 2083 1619 2116 ad-

908 2131 1067 2169 pellatur.

957 2174 1132 2214 HLspalin.
1167 2172 1239 2204 Alii
1256 2176 1292 2204 in
1309 2174 1482 2214 Hispalin.

958 2218 1152 2249 Conventus.
1168 2218 1237 2249 vid.
1254 2218 1326 2249 Ind.
1342 2218 1393 2248 M.

959 2262 1128 2292 Italicam.
1172 2262 1224 2293 De
1249 2261 1312 2293 hac
1339 2272 1373 2293 v.
1389 2258 1536 2293 Wessel.
1568 2261 1612 2293 ad

909 2304 1071 2336 Antonini
1087 2304 1195 2337 itiner.
1211 2317 1245 2347 p.
1262 2309 1339 2337 413.

958 2350 1162 2381 Generatim.
1193 2350 1263 2381 vid.
1280 2351 1353 2382 Ind.
1385 2351 1437 2382 M.

137 2086 196 2122 qui
216 2085 385 2116 Tribunus
401 2086 587 2117 cohortium
613 2084 673 2116 sub
697 2085 840 2116 Classico

129 2128 259 2169 fumat.
285 2128 384 2160 Conf.
401 2128 495 2169 Lips.
512 2130 553 2159 de
568 2128 671 2160 milit.
686 2129 791 2160 Rom.
807 2132 840 2167 2,

138 2174 170 2203 9.
200 2174 324 2204 Cellar.
370 2172 459 2204 Addi
484 2178 594 2213 potest
614 2172 777 2214 Vegetius
799 2173 840 2203 de

136 2226 169 2247 re
187 2216 287 2248 milit.
315 2221 347 2254 2,
382 2219 432 2255 19,
464 2216 524 2248 ubi
558 2216 726 2258 legionem
758 2216 841 2247 dicit

136 2261 255 2291 decem
272 2261 431 2292 cohortes
447 2261 570 2292 habere
585 2273 592 2291 ι
619 2261 738 2302 primae
763 2260 840 2291 Tri-

136 2304 267 2335 bunum
283 2315 443 2345 praeesse3
469 2305 613 2347 reliquas
626 2316 647 2336 a
663 2304 839 2342 Tribunis,

135 2349 190 2379 vel
207 2359 227 2379 a
246 2349 444 2390 Praepositis
460 2349 543 2391 regi.
579 2350 628 2380 M.
678 2348 840 2389 Vegetius

136 2397 168 2430 2,
197 2394 228 2430 7,
251 2393 339 2424 clare
370 2392 543 2435 distinguit
573 2394 741 2425 Tribunos
763 2404 841 2424 ma·

124 2440 220 2477 ¹‘iores
235 2448 257 2468 a
272 2439 466 2469 minoribus.
497 2438 641 2469 Tribuni
656 2439 839 2469 cohortium

132 2481 326 2521 frequenter
355 2486 553 2523 comparent
587 2481 620 2512 in
650 2480 838 2523 lapidibus.

138 2525 182 2555 V.
197 2524 330 2556 Gruteri
349 2525 508 2556 Indicem.

183 2569 250 2599 Sibi
271 2571 445 2600 consilium,
467 2575 634 2611 capturos.
677 2568 837 2600 Ciaccon.

134 2618 168 2644 et
184 2611 329 2644 Faernus
345 2624 378 2644 se
398 2614 458 2644 sibi
482 2613 544 2644 Sed
559 2624 590 2644 v.
605 2619 673 2645 not.
687 2614 729 2645 ad
745 2613 787 2644 G.
805 2616 839 2651 2,

136 2711 138 2713 ’
187 2703 385 2732 Vernaenla.
430 2704 493 2739 An,
516 2712 591 2742 quae
606 2707 736 2733 constat
752 2699 840 2732 indi-

136 2745 257 2787 genis?
280 2751 317 2775 ut
338 2746 423 2776 adeo
450 2745 676 2786 distinguatur
701 2756 720 2776 a
745 2745 840 2776 colo-

135 2789 211 2821 nica
227 2788 376 2830 legione,
392 2790 435 2820 de
446 2800 513 2831 qua
530 2801 560 2820 c.
582 2792 631 2821 19.
650 2791 700 2820 M.
718 2789 837 2820 Paullo

135 2833 230 2866 aliter
246 2835 426 2865 vernacula
439 2835 615 2866 multitudo
631 2835 722 2875 apud
738 2832 838 2864 Taci-

136 2884 207 2909 tum
240 2879 325 2910 Anu.
355 2880 382 2917 1,
411 2880 464 2910 31.
497 2883 652 2909 constans
677 2889 696 2909 e
714 2877 835 2916 vernis,

955 2394 1129 2434 Hispanis.
1143 2394 1446 2426 Carmonensibus.
1462 2404 1492 2426 c.
1511 2395 1561 2424 19.

955 2438 1044 2472 Quas
1060 2444 1159 2470 erant
1174 2456 1219 2462 —
1230 2440 1380 2480 polliciti.
1412 2438 1520 2469 Codd.
1535 2436 1610 2479 qui-

908 2482 984 2512 dam
1015 2481 1170 2522 passive:
1204 2493 1279 2524 qaoe
1302 2487 1400 2515 erant
1415 2485 1452 2514 in
1463 2494 1498 2524 p.
1524 2481 1560 2512 V.
1577 2492 1613 2514 α.

906 2526 1030 2556 civibus
1048 2527 1088 2557 R.
1102 2527 1268 2567 pollicitae.

954 2571 1105 2601 Pollicita
1121 2569 1193 2601 vid.
1210 2582 1240 2602 c.
1263 2573 1312 2602 18.
1351 2570 1485 2602 Ibidem
1503 2572 1554 2600 est
1567 2569 1609 2601 de

908 2612 974 2652 his,
989 2614 1048 2655 qui
1064 2613 1206 2645 liberius
1222 2614 1329 2646 locuti
1344 2619 1451 2645 erant.
1484 2614 1535 2644 M.

952 2659 999 2688 Ac
1023 2668 1161 2699 poenom
1188 2661 1247 2691 tul.
1307 2659 1362 2690 Sic
1391 2658 1477 2688 bene
1507 2657 1607 2688 codd.

906 2701 1057 2742 quidam.
1091 2702 1202 2743 Vulgo
1230 2704 1326 2734 hanc.
1358 2712 1478 2744 parum
1507 2701 1607 2733 clare.

907 2746 957 2776 De
975 2756 1077 2786 poena
1092 2749 1242 2777 v-c.18.

953 2792 1175 2831 Coynoverat:
1199 2791 1337 2823 tributis.
1370 2789 1424 2821 Sic
1437 2789 1524 2821 bene
1539 2789 1608 2821 dis-

904 2833 1006 2865 tinxit
1035 2833 1167 2865 Clarke.
1193 2834 1285 2876 prius
1310 2833 1484 2867 distinctio
1500 2835 1607 2878 major

906 2878 1016 2920 posita
1033 2883 1110 2920 post
1122 2881 1284 2920 praemiis.
1554 2880 1556 2883 ’
