1946 3261
233 177 320 221 554
575 176 656 219 DE
688 172 892 216 BELLO
924 170 1351 215 HISPANIENSI.

236 302 524 358 versariorum
555 298 779 355 equitibus
810 296 1024 354 congressi
1059 304 1158 338 sunt
1185 304 1231 338 et
1254 296 1386 338 saucii
1413 296 1705 354 aliquotocei-

235 363 392 405 derunt
423 374 476 400 ex
504 356 590 399 levi
630 364 864 398 armatura.
924 353 989 396 Ea
1027 362 1151 396 nocte
1189 354 1481 414 speculatores
1509 352 1708 411 prehensi
1746 392 1750 395 .

235 418 345 461 servi
366 425 455 459 tres
474 423 518 457 et
538 430 647 457 unus
667 429 721 456 ex
741 413 908 471 legione
925 411 1171 455 vernacula.
1207 412 1335 455 Servi
1355 422 1460 456 sunt·
1474 412 1516 454 in
1536 426 1710 465 crucem

238 474 412 524 sublati,
433 473 561 516 militi
582 472 769 515 cervices
787 472 973 514 abscisae.

293 533 364 575 21.
400 532 582 576 Postero
608 531 678 576 die
698 531 865 588 equites
884 545 981 572 cum
1002 528 1088 571 levi
1107 536 1328 571 armatura
1359 544 1411 570 ex
1444 526 1710 571 adversario·

236 607 334 635 rum
366 589 517 633 castris
547 589 601 633 ad
630 605 706 633 nos
740 589 1080 646 transfugerunt.
1144 588 1202 630 Et
1228 603 1277 630 eo
1311 597 1503 644 tempore
1535 586 1710 630 circiter

236 649 299 694 XI
321 649 487 706 equites
504 647 559 691 ad
575 656 805 705 aquatores
826 655 994 688 nostros
1014 655 1316 695 excurrerunt,
1333 644 1560 688 nonnullos
1581 643 1710 687 inter!

236 709 448 757 fecerunt,
476 708 578 750 item
610 707 716 748 alios
746 706 868 747 vivos
895 704 1184 747 abduxerunt.
1247 704 1315 747 Ex
1344 703 1563 760 equitibus
1592 702 1713 761 capti

239 775 338 810 sunt
357 767 524 824 equites
546 764 673 807 VIII.
737 762 986 820 Insequenti
1006 761 1076 805 die
1099 763 1330 820 Pompeius
1350 761 1489 804 securi
1502 760 1711 819 percussit

238 825 429 869 homines
459 822 693 870 LXXIIIL
724 822 797 878 qui
829 821 1086 864 dicebantur
1105 837 1192 863 esse
1215 822 1405 863 fautores
1427 819 1607 862 Caesaris
1625 818 1713 862 vic-

238 884 380 926 toriae:
428 882 616 938 reliquos
647 882 690 923 in
721 880 934 938 oppidum
959 879 1084 938 jussit
1104 879 1274 928 deduci,
1297 895 1349 921 ex
1371 877 1531 935 quibus
1551 877 1712 936 effuge·-

239 949 343 985 runt
365 940 488 984 CXX
505 950 549 983 et
567 939 622 982 ad
647 940 858 982 Caesarem
879 947 1103 981 venerunt.

299 1000 370 1042 22.
406 999 504 1042 Hoc
537 998 758 1057 praeterito
791 1007 1003 1055 tempore,
1037 996 1113 1054 qui
1144 996 1185 1039 in
1214 994 1376 1054 oppido
1407 995 1582 1053 Ategua
1603 992 1714 1037 Bur-

241 1058 479 1102 savolenses
514 1057 630 1114 capti
662 1065 775 1105 sunt,
809 1055 942 1113 legati
977 1055 1166 1113 profecti
1195 1063 1292 1097 sunt
1326 1069 1423 1095 cum
1443 1052 1617 1101 nostris,
1648 1051 1716 1095 uti

240 1133 332 1161 rem
353 1125 515 1175 gestam
535 1114 918 1157 Bursavolensibus
936 1114 1163 1163 referrent,
1182 1112 1288 1170 quid
1306 1120 1531 1170 sperarent
1550 1109 1605 1152 de
1629 1110 1712 1154 Cn.

245 1174 466 1233 Pompei0‚
489 1189 625 1231 quum
658 1172 855 1215 viderent
885 1171 1073 1228 hospites
1094 1171 1303 1229 jugulari,
1338 1178 1544 1227 praeterea
1577 1168 1717 1211 multa

244 1234 401 1277 scelera
432 1232 488 1275 ab
528 1231 577 1273 iis
604 1231 712 1279 fieri,
741 1231 817 1288 qui
847 1229 1031 1288 praesidii
1063 1245 1209 1272 caussa
1238 1229 1294 1270 ab
1314 1227 1380 1269 his
1400 1227 1721 1285 reciperentur.'

247 1292 332 1341 Qui
351 1306 485 1348 quum
505 1289 558 1332 ad
579 1288 789 1347 oppidum
810 1289 1039 1336 venissent,
1071 1288 1223 1335 nostri,
1255 1286 1331 1343 qui
1351 1285 1530 1327 fuissent
1550 1285 1718 1342 equitet

247 1349 430 1392 Romani
467 1357 512 1391 et
555 1348 798 1400 Senatores,
836 1362 921 1389 non
952 1354 1050 1388 sunt
1082 1346 1173 1387 ausi
1204 1344 1379 1387 introire
1411 1344 1453 1386 in
1487 1343 1726 1402 oppidum,.

245 1417 533 1466 praeterquam
567 1406 642 1463 qui
672 1406 762 1463 ejus
793 1404 980 1446 civitatis
1009 1403 1202 1446 fuissent.
1278 1403 1474 1452 Quorum
1506 1402 1721 1460 responsis

245 1467 364 1509 ultro
385 1467 581 1522 citroque
599 1464 786 1522 acceptis
806 1472 849 1505 et
871 1462 1066 1511 redditis,
1099 1477 1235 1519 quum
1264 1460 1320 1503 ad
1342 1470 1511 1504 nostros
1539 1477 1582 1503 se
1613 1460 1719 1504 reci·

246 1533 416 1583 petent,
449 1524 524 1581 qui
553 1531 676 1565 extra
697 1521 906 1580 oppidum
935 1522 1127 1569 fuissent,
1160 1520 1224 1562 illi
1243 1519 1298 1561 de
1321 1518 1517 1577 praesidio
1539 1519 1719 1563 insecuti

245 1600 298 1626 ex
327 1582 547 1626 aversione
589 1581 754 1639 legatos
782 1580 1070 1638 jugularunt:
1123 1578 1209 1621 duo
1243 1577 1415 1636 reliqui,
1457 1577 1534 1635 qni
1568 1593 1621 1621 ex
1656 1577 1721 1622 eis

244 1642 470 1701 fugerunt,
500 1639 657 1682 Caesari
685 1654 774 1681 rem
803 1647 966 1696 gestam
995 1637 1247 1681 detulerunt
1279 1645 1322 1678 et.
1351 1636 1640 1694 speculatores
1663 1635 1721 1683 ad

248 1698 463 1758 oppidum
485 1699 704 1756 Ateguam
723 1696 947 1739 miserunt.
1009 1696 1095 1744 Qui
1126 1712 1259 1753 quum
1291 1704 1458 1737 certum
1488 1694 1718 1753 comperis·

249 1767 342 1801 sent
373 1758 616 1815 legatorum
647 1771 862 1813 responsa,
891 1755 951 1796 ita
985 1770 1072 1796 esse
1103 1762 1240 1812 gesta,
1272 1751 1636 1810 quemadmodum
1659 1752 1723 1797 illi

247 1816 510 1865 retulissent,
543 1814 599 1857 ab
636 1813 863 1871 oppidanis
895 1827 1104 1855 concursu
1141 1812 1270 1860 facto,
1303 1827 1418 1859 eum,
1444 1810 1518 1867 qui
1554 1810 1721 1867 legatos

245 1874 500 1933 jugulasset,
534 1871 727 1930 lapidare
754 1880 798 1913 et
832 1871 871 1913 ei
907 1886 1055 1913 manus
1084 1871 1294 1913 intentare
1326 1878 1574 1927 coeperunt:
1606 1868 1722 1912 illius

251 1948 382 1991 opera
403 1949 444 1974 se
467 1931 637 1990 perisse.
700 1929 768 1972 Ita
797 1929 869 1971 vix
894 1928 1088 1986 periculo
1116 1929 1325 1970 liberatus
1357 1927 1483 1985 petiit
1508 1927 1565 1970 ab
1594 1928 1718 1986 oppi-

293 2088 346 2126 ,In
359 2097 498 2119 mtcmn.
546 2085 659 2117 Aliiin
678 2091 786 2115 erm-e.
1067 2081 1118 2112 Ad
1149 2082 1317 2122 oppidum.
1350 2081 1426 2113 scil.
1482 2082 1719 2116 Burmcolam.

300 2132 416 2162 Militi.
446 2130 532 2162 Cod.
547 2127 660 2160 Ursini
678 2127 846 2158 militibm.
886 2125 949 2157 Sed

257 2184 342 2205 unus
369 2175 470 2205 modo
498 2178 616 2214 captus
646 2170 758 2201 miles.
823 2171 951 2202 Tamen

258 2220 391 2250 cervices
410 2216 529 2258 plurali
555 2225 694 2246 numero
710 2214 777 2245 dici
803 2220 951 2255 possunt.

259 2261 313 2293 Sic
342 2262 476 2292 Terent.
500 2261 621 2290 Heaut.
646 2261 678 2296 2,
703 2261 734 2293 9,
765 2260 835 2289 131.
882 2257 953 2288 lmo

259 2305 341 2337 olim
372 2304 549 2345 nequidem
589 2301 748 2341 singulari
780 2301 956 2332 dicebatur

259 2350 378 2380 cerr-ix.
433 2347 475 2378 V.
504 2346 671 2384 Quinctil.
695 2348 726 2383 8,
763 2348 811 2376 13.
844 2349 896 2375 35.
922 2350 955 2375 et

262 2392 370 2424 Varro
385 2393 424 2423 L.
441 2392 479 2423 L.
494 2392 525 2421 7.
542 2394 560 2421 5
576 2395 608 2421 et
629 2390 679 2419 19.

307 2437 362 2470 Eat
375 2435 550 2477 equitibus.
598 2434 632 2464 ln
656 2431 812 2463 Leidensi
845 2431 954 2473 primo

260 2484 321 2516 est,
338 2491 356 2511 e
372 2480 502 2521 quibus.
532 2477 582 2509 M.

308 2527 351 2558 In
386 2523 556 2564 oppidum.

263 2569 331 2601 Alii
345 2577 456 2598 versus
471 2576 545 2607 opp.

311 2610 576 2646 Bursam-alensem
620 2608 779 2639 Ciaccon.
803 2606 875 2637 vult
899 2608 960 2636 Cr-

261 2664 433 2687 saonensex
462 2663 503 2683 ex
533 2663 609 2693 cap.
641 2653 695 2682 26.
767 2652 960 2681 Πνεοηρη-ψε

263 2699 446 2737 Glandorp.
459 2707 476 2727 e.
496 2695 607 2726 Plinio
624 2697 701 2733 3,1.

311 2741 641 2781 Hospiresjuqularae‘.
666 2750 698 2769 c.
719 2740 768 2769 15.
792 2738 842 2769 M.

313 2787 358 2817 Ab
374 2787 426 2820 riv,
442 2785 552 2825 qtaei—
563 2785 791 2824 reciperentur,
804 2786 869 2812 uta
882 2779 960 2812 Mu-

267 2829 371 2860 natio.
386 2827 453 2859 vid.
467 2827 508 2858 ad
525 2835 602 2867 cap.
623 2828 673 2858 19.
706 2827 755 2858 M.

612 2520 763 2561 Intellige
810 2521 956 2550 Ucubim.

1021 2125 1241 2156 Rbellicanus
1251 2124 1461 2165 intelligebat
1476 2126 1718 2169 Ateyumn‚sed

1023 2169 1098 2200 inde
1115 2175 1285 2199 venerant.

1068 2215 1131 2247 Qui
1151 2212 1304 2253 fuissent.

1021 2260 1128 2287 (ηάηΙ.
1155 2256 1205 2286 M.

1069 2300 1119 2331 Ad
1134 2304 1272 2332 murras,
1296 2302 1354 2341 qui
1369 2306 1464 2333 offra
1483 2313 1556 2344 opp.
1564 2302 1720 2344 fuissent,

1022 2344 1079 2385 qui
1097 2342 1309 2374 substiterant
1324 2351 1416 2375 extra
1432 2345 1606 2387 oppidum.
1629 2346 1680 2378 M.

1068 2388 1245 2418 Miserum.
1285 2388 1542 2422 Bursavolenses
1557 2391 1719 2423 miserunt

1025 2431 1254 2472 speculatores
1272 2433 1448 2471 Ateguam.
1474 2434 1572 2465 Hunc
1589 2443 1721 2467 sensum

1027 2474 1171 2516 postulat
1186 2474 1288 2505 series
1304 2476 1515 2508 narrationis.
1561 2477 1626 2511 Sed
1646 2487 1721 2522 pes-

1026 2518 1110 2549 sime
1142 2517 1287 2558 neglexit
1323 2519 1468 2561 scriptor
1495 2520 1618 2561 dicere,
1647 2526 1721 2566 quis

1027 2561 1155 2593 miserit
1170 2561 1413 2601 speculatores.
1438 2565 1489 2595 M.

1074 2607 1138 2639 Qui
1159 2615 1263 2646 quum
1286 2612 1411 2638 certum
1433 2611 1662 2650 comperissent
1679 2610 1721 2642 de

1026 2650 1209 2689 legatorum
1234 2650 1410 2691 responsis,
1424 2650 1494 2683 sive
1507 2652 1549 2683 de
1567 2651 1723 2695 his‚⁴quae

1030 2692 1095 2734 ipsi
1112 2701 1218 2732 nuper
1230 2703 1309 2726 cum
1334 2694 1452 2735 legatis
1471 2701 1582 2727 essent
1604 2697 1720 2730 conlo-

1028 2735 1112 2773 cuti,
1128 2736 1171 2767 ita
1188 2742 1279 2777 gesta
1295 2746 1382 2771 esset
1398 2739 1522 2770 omnia.
1536 2739 1658 2775 ss-uie
1671 2746 1722 2773 est

1030 2790 1155 2818 sensus,
1171 2787 1226 2811 aut
1243 2783 1359 2814 saltem
1373 2781 1475 2815 debet
1489 2793 1571 2815 em.
1600 2784 1649 2815 M.

1077 2825 1118 2856 Se
1130 2826 1266 2868 perisse.
1295 2825 1438 2859 subaudi
1452 2825 1599 2859 dicentes.

1360 2212 1475 2245 Voluit
1504 2214 1630 2253 dicere,
1659 2218 1719 2258 qm·
