1946 3261
217 242 297 286 192
617 241 701 284 DE
734 238 936 284 BELLO
971 239 1266 285 GALLICO.

209 366 463 426 compendio
483 383 536 409 ex
556 366 735 426 direptis
763 367 902 418 bonis,
940 368 1058 424 quod
1093 384 1141 411 ea
1175 385 1241 411 res
1273 367 1330 410 ad
1357 368 1515 411 multos
1548 370 1682 428 perti-

207 428 355 477 nebat,
376 434 420 467 et
440 425 594 468 timore
616 442 752 484 poenae
784 427 995 479 exterriti,
1026 427 1200 470 consilia
1227 427 1334 469 clam
1358 427 1412 469 de
1433 428 1551 471 bello
1572 429 1680 471 inire

208 484 418 541 incipiunt
439 484 721 542 civitatesque
744 485 930 542 reliquas
952 485 1240 542 legationibus
1260 486 1507 529 sollicitant.
1548 523 1550 529 ,
1572 487 1681 536 Quae

206 542 376 585 tametsi
411 543 553 585 Caesar
587 543 886 601 intellegebat,
925 553 1084 593 tamen,
1122 560 1253 602 quam
1279 545 1497 588 mitissime
1519 553 1678 603 potest,

203 601 371 658 legatos
392 601 608 659 adpellat:
645 610 673 628 “
691 602 797 644 nihil
818 619 860 644 se
883 611 1066 660 propter
1085 602 1351 646 inscientiam
1369 604 1679 664 levitatemque

205 665 236 686 “
257 659 380 718 vulgi
398 660 572 717 gravius
591 661 643 703 de
665 661 841 703 civitate
857 661 1065 717 judicare,
1089 677 1229 718 neque
1251 663 1304 704 de
1333 678 1410 704 sua
1441 662 1480 704 iii
1512 662 1676 706 Anonos

205 723 236 745 ‘⁶
256 718 557 761 benevolentia
583 720 872 762 deminuere.''
934 719 1047 778 Ipse,
1080 721 1281 778 majorem
1321 720 1476 763 Galliae
1509 730 1676 764 motum

200 785 465 835 exspectanS,
486 793 537 820 ne
559 779 615 820 ab
636 778 832 820 omnibus
862 778 1112 821 civitatibus
1142 779 1547 830 circumsisteretur,
1579 795 1676 822 con-

199 836 293 878 silia
314 835 466 888 inibat,
499 837 859 893 quemadmodum
879 837 935 880 ab
959 837 1178 895 Gergovia
1197 837 1438 880 discederet
1457 855 1506 880 ac
1526 854 1676 881 rursus

199 909 367 937 omnem
400 895 639 937 exercitum
667 895 937 938 contraheret
958 912 967 944 ;
1000 911 1051 938 ne
1075 897 1301 954 profectio,
1324 905 1424 938 nata
1444 897 1500 940 ab
1519 897 1675 939 timore

198 953 465 1003 defectionis,
487 953 634 996 similis
654 954 769 1012 fugae
790 954 1025 997 videretur.

255 1012 327 1054 44.
364 1012 469 1055 Haec
490 1012 710 1070 cogitandi
739 1013 928 1055 accidere
950 1014 1039 1055 visa
1060 1021 1123 1055 est
1145 1012 1327 1055 facultas
1345 1014 1455 1056 bene
1475 1013 1674 1069 gerendae

197 1070 274 1114 rei.
339 1071 470 1120 Nam,
494 1087 630 1128 quum
653 1071 817 1113 minora
839 1072 880 1114 in
901 1081 1040 1114 castra
1061 1072 1202 1129 operis
1224 1073 1506 1131 perspiciendi
1524 1089 1672 1116 caussa

195 1129 396 1180 venisset,
436 1129 739 1172 animadvertit
772 1131 939 1183 collem,
981 1130 1056 1188 qui
1098 1131 1153 1173 ab
1190 1130 1384 1174 hostibus
1424 1131 1670 1181 tenebatur,

193 1187 408 1231 nudatum
440 1188 697 1238 hominibus,
736 1189 812 1246 qui
843 1189 1138 1248 superioribus
1169 1189 1322 1231 diebus
1346 1192 1417 1232 vix
1442 1207 1530 1248 prae
1560 1190 1670 1232 mul-

196 1246 383 1290 titudine
405 1246 522 1289 cerni
544 1255 731 1305 poterat.
796 1247 1050 1290 Admiratus
1079 1248 1237 1304 quaerit
1259 1264 1311 1289 ex
1334 1249 1529 1306 perfugis
1551 1265 1668 1291 caus-

192 1321 298 1355 sam,
326 1321 515 1362 quorum
545 1321 726 1363 magnus
747 1305 801 1348 ad
823 1322 920 1348 eum
943 1305 1137 1363 quotidie
1171 1321 1370 1348 numerus
1407 1307 1666 1350 confluebat.

193 1364 435 1407 Constabat
453 1363 566 1405 inter
583 1379 740 1416 omnes,
760 1366 880 1420 quod
899 1365 986 1421 jam
1010 1365 1099 1422 ipse
1117 1364 1259 1406 Caesar
1275 1380 1352 1421 per
1373 1365 1668 1422 exploratores

189 1430 470 1480 cognoverat,
508 1422 684 1464 dorsum
719 1438 806 1464 esse
835 1423 926 1481 ejus
955 1423 1049 1481 jugi
1073 1438 1211 1480 prope
1244 1438 1440 1479 aequum:
1475 1424 1548 1466 sed
1570 1423 1667 1467 hinc

188 1481 386 1524 silvestre
409 1489 454 1523 et
475 1489 723 1537 angustum,
762 1498 848 1538 qua
884 1490 991 1524 esset
1027 1481 1169 1523 aditus
1205 1480 1260 1522 ad
1297 1482 1479 1524 alteram
1513 1483 1664 1541 oppidi

190 1549 388 1597 partem:
422 1539 521 1581 huic
552 1539 655 1587 locor
669 1539 942 1582 vehementer
975 1540 1069 1582 illos
1105 1539 1271 1591 timere,
1311 1556 1387 1583 nec
1419 1541 1507 1599 jam
1539 1542 1666 1584 aliter

186 1599 362 1647 sentire,
383 1613 468 1640 uno
484 1598 592 1640 colle
610 1599 665 1640 ab
684 1597 889 1640 Romanis
911 1608 1140 1656 occupato,
1161 1598 1193 1640 si
1212 1599 1395 1641 alterum
1413 1600 1664 1652 amisissent,

187 1657 294 1713 quin
323 1672 442 1714 paene
474 1656 789 1698 circumvallati
822 1666 953 1714 atque
993 1657 1106 1698 omni
1143 1658 1260 1699 exitu
1299 1666 1341 1699 et
1382 1658 1663 1716 pabulatione

185 1714 407 1757 interclusi
429 1715 706 1757 viderentur:
742 1715 796 1757 ad
829 1715 940 1758 hunc
974 1715 1252 1757 muniendum
1287 1715 1428 1758 locum
1463 1733 1606 1759 omnes
1636 1734 1661 1760 a

187 1773 547 1831 Vercingetorige
569 1783 784 1815 evocatos.

241 1832 312 1873 45.
351 1831 445 1873 Hac
467 1848 512 1874 re
536 1832 724 1889 cognita,
749 1832 893 1874 Caesar
911 1832 1048 1874 mittit
1075 1832 1317 1889 complures
1338 1832 1537 1889 equitum
1566 1842 1657 1875 tur-

182 1906 271 1933 mas
292 1907 344 1933 eo
367 1890 420 1932 de
442 1889 582 1932 media
603 1900 750 1937 nocte:
787 1891 835 1932 iis
857 1891 1056 1948 imperat,
1087 1900 1136 1932 ut
1173 1891 1321 1948 paullo
1351 1891 1658 1934 tumultuosius

181 1949 378 1992 omnibus
392 1949 433 1991 in
447 1949 549 1991 locis
562 1958 920 2007 pervagarentur.
949 1949 1093 1991 Prima
1107 1949 1201 1991 luce
1215 1965 1416 2007 magnum
1431 1965 1657 1993 numerum

229 2105 366 2135 Omnem
381 2105 561 2133 exercitum
583 2102 676 2139 (snas
692 2107 724 2131 et
741 2101 885 2133 Labieni
953 2107 1076 2131 restare
1093 2106 1173 2141 puto
1188 2112 1195 2130 ε
1223 2111 1383 2139 maqnum
1409 2110 1587 2131 numerum.
1604 2103 1655 2131 in-

181 2148 312 2189 copias.
328 2146 398 2177 vid.
415 2157 445 2176 c.
464 2149 482 2177 3
494 2148 519 2184 1)
531 2147 748 2176 contraheret.
791 2145 886 2177 Vidit
950 2145 1215 2186 'milinwutoram
1257 2155 1299 2173 aar
1342 2146 1461 2174 castris
1502 2145 1656 2185 produci,

181 2202 317 2223 sensum
334 2190 566 2221 Rliellicanus.
594 2191 642 2220 M.
952 2190 1192 2229 mulionesque.
1215 2205 1270 2218 —-.
1308 2187 1424 2218 Voluit
1441 2187 1563 2229 aliquis
1580 2198 1653 2219 mo·

229 2237 363 2267 Minora
377 2235 413 2264 in
425 2239 549 2264 castra.
567 2233 635 2264 vid.
651 2244 727 2274 cap.
745 2236 785 2263 3ss
801 2241 882 2265 extr.

180 2280 313 2311 Ibidem
328 2283 377 2309 est
392 2278 432 2308 de
449 2278 549 2309 colle.
600 2280 688 2318 Opus
707 2285 755 2309 est
773 2278 883 2309 mnni-

181 2324 381 2399 ῃῆὲρίῗῖςίῖικ
395 2372 423 2398 et
441 2377 521 2405 αηῃ.
550 2365 678 2395 Omnes
696 2366 762 2395 sers-
780 2365 881 2395 codd.

179 2411 318 2444 habent.
335 2412 392 2442 sed
409 2412 498 2441 Imm·
513 2410 586 2439 silv.
603 2415 632 2440 et
650 2419 732 2446 unq.
761 2408 795 2439 In
815 2419 880 2439 uno

182 2462 244 2491 est,
259 2456 316 2486 seael
334 2457 391 2487 hoc
408 2456 480 2485 silv.
498 2459 527 2485 et
544 2464 625 2491 (inq.
664 2453 741 2483 inda-
759 2452 785 2482 si
802 2452 882 2492 quid

180 2499 335 2540 exsculpi
362 2503 484 2540 potest,
510 2497 669 2527 Davisius
698 2495 883 2526 audiendus

180 2543 254 2581 erit,
281 2543 338 2584 qui
366 2542 478 2574 voluit
499 2540 579 2579 legi,
602 2541 657 2570 sml
681 2541 744 2570 lim·
760 2539 884 2580 (parte)

181 2589 325 2619 silv-estre
348 2593 378 2618 et
399 2592 591 2626 anquslum,
613 2594 680 2625 qua
693 2601 736 2606 —
754 2586 801 2613 An
819 2583 882 2614 ali-

180 2631 262 2670 quid
291 2631 377 2662 lucis
402 2629 515 2670 capiet
537 2629 632 2659 locus
655 2638 673 2657 e
698 2627 882 2668 Polymnu?

183 2674 371 2716 Descripsit
398 2674 521 2705 collem
553 2672 585 2702 in
610 2673 753 2708 Strata-g.
778 2674 811 2704 8.
828 2675 881 2707 2²3,

185 2720 235 2756 10,
264 2724 296 2749 et
311 2717 496 2758 descriptio
517 2717 603 2747 favet
628 2714 798 2746 sententia·
816 2714 882 2744 Ua-

182 2762 273 2792 visii.
299 2764 349 2794 M.
381 2761 471 2792 Oud.
485 2758 624 2800 conjicit
642 2760 706 2800 leg.
722 2759 778 2790 sed
793 2760 880 2789 hinc.

178 2806 267 2846 quod
286 2807 409 2846 placet.

233 2850 302 2879 Uno
331 2851 409 2881 colle
439 2849 482 2880 ab
510 2849 552 2880 R.
577 2857 640 2879 occ.
685 2846 738 2877 Cf.
768 2856 799 2876 c.
828 2847 880 2876 36.

179 2893 386 2975 exili-cifiirlziim
400 2934 776 2967 mmmmm—denam.
794 2933 879 2964 Lec-

179 2979 229 3011 tio
247 2984 295 3010 est
310 2979 404 3010 valde
422 2979 630 3020 perturbata.
656 2977 805 3008 Retectis
819 2977 879 3007 ad-

179 3022 384 3062 ditamentis,
413 3033 523 3056 veram
557 3022 756 3063 scripturam
793 3021 878 3053 hanc

953 2243 1042 2271 nere,
1074 2232 1301 2272 inpedimenta
1331 2243 1402 2262 esse
1427 2231 1501 2262 h.1.
1529 2232 1652 2270 mulos,

954 2276 1183 2317 inpedimenta
1209 2282 1398 2313 vastante&
1421 2275 1479 2313 (de
1493 2285 1558 2315 qua
1583 2275 1651 2311 siz·-

951 2321 1142 2351 uiticationt·
1168 2320 1234 2350 vid.
1265 2319 1500 2350 nommannus
1515 2320 1558 2349 ad
1577 2319 1610 2350 h.
1627 2320 1649 2350 l.

951 2364 1221 2404 Ou‹l(-ndorp.ad
1237 2363 1382 2393 Frontin.
1399 2366 1430 2396 ¹2.
1451 2361 1650 2404 l,11.)ergo

947 2408 1077 2438 addidit
1094 2408 1261 2438 ‘initlorum
1279 2406 1308 2437 in
1327 2406 1486 2447 inar‘gino,
1509 2407 1598 2447 quod
1616 2414 1647 2438 et

951 2453 1185 2483 ilotomannus
1221 2451 1295 2481 tolli
1335 2450 1453 2481 voluit.
1509 2451 1559 2481 Ex
1582 2450 1646 2482 hoc.

949 2503 1058 2526 ortum
1086 2505 1182 2536 porro
1211 2502 1271 2527 cst.
1296 2505 1377 2535 eque
1400 2497 1439 2524 iis
1461 2500 1647 2526 ser-amenta

946 2540 1089 2572 detrahi.
1113 2549 1186 2578 qum
1213 2539 1313 2568 verba
1339 2538 1370 2568 in
1388 2538 1551 2578 metaphr.
1588 2538 1645 2569 Gr.

949 2584 1047 2624 plane
1076 2592 1141 2613 non
1172 2583 1334 2620 leguntur.
1362 2588 1394 2612 et
1421 2581 1551 2616 singula
1586 2591 1647 2623 per

947 2628 1095 2659 codices.
1105 2626 1162 2656 ubi
1174 2633 1317 2663 exstant,
1328 2625 1574 2656 dubitationem
1586 2626 1647 2656 ha-

947 2671 1045 2702 bent:
1063 2677 1097 2701 ut
1114 2681 1226 2701 rursus
1241 2670 1355 2700 omnia
1373 2668 1443 2706 illa,
1455 2670 1644 2700 mulorum-

947 2725 1011 2755 qm»
1038 2715 1175 2756 produci
1203 2724 1286 2754 eque
1319 2715 1357 2743 iis
1393 2718 1592 2750 seromema,
1624 2722 1643 2742 a

947 2757 1046 2788 libris
1091 2757 1291 2798 quibusdam
1338 2756 1473 2797 penitus
1508 2755 1643 2786 absunt.

945 2802 1044 2833 Certe
1060 2801 1154 2832 locus
1169 2807 1220 2831 est
1235 2799 1472 2831 additamentis
1492 2804 1642 2830 onostus.

945 2845 1012 2876 vid.
1032 2846 1101 2876 lnd.
1126 2845 1158 2876 in
1182 2850 1376 2876 stramenta.
1400 2844 1450 2874 M.
1497 2842 1645 2883 Scaliger

946 2888 1036 2919 dedit
1051 2900 1131 2929 eque
1148 2890 1197 2919 iis.
1222 2887 1410 2927 Iaegebatur
1425 2886 1518 2927 prius
1533 2896 1641 2927 neque

945 2936 992 2962 511.
1015 2931 1221 2964 Ciacconius
1234 2931 1371 2963 volebat
1387 2936 1486 2971 aequo
1499 2932 1548 2961 iis.
1573 2930 1642 2960 Da-

946 2975 1052 3006 visius
1067 2977 1173 3017 «leque
1189 2978 1241 3006 iis,
1288 2975 1402 3006 Motus
1416 2983 1528 3005 verum
1545 2973 1642 3004 vidit.

948 3020 1180 3061 lnpedimema
1211 3019 1245 3051 h.
1273 3019 1295 3052 1.
1317 3018 1467 3060 jumenta
1494 3023 1581 3056 sunt,
1603 3022 1639 3049 ut

1916 2368 1917 2375 ⁴
1914 2194 1921 2315 ..*.--
1917 2135 1918 2138 „
