1946 3261
193 232 282 276 480
425 235 479 276 A.
517 230 718 275 HIRTII
751 231 835 276 DE
868 231 1450 278 BELLO'AFRICANO.

191 359 313 411 lium,
336 374 491 416 magno
512 367 631 401 metu
653 375 701 401 ac
721 358 980 403 tristimonia
1001 359 1362 404 sollicitabantur.
1399 361 1541 404 Parva.
1560 361 1674 405 enim

193 434 290 460 cum
322 418 464 475 copia,
503 426 548 460 et
569 433 620 460 ea
640 417 848 470 tironum,
883 435 1021 476 neque
1052 420 1165 462 omni
1197 420 1408 478 exposita,
1442 421 1485 463 in
1521 420 1675 463 Africa

189 485 338 519 contra
375 491 549 533 magnas
584 476 745 535 copias,
781 485 826 519 et
861 477 1066 521 insidiosae
1106 478 1301 527 nationis,
1339 478 1675 536 equitatumque

190 534 562 585 innumerabilem,
597 551 641 578 se
676 537 891 594 expositos
924 536 1156 586 videbant;
1188 553 1329 595 neque
1351 537 1588 595 quidquam
1607 553 1675 580 so-

190 592 281 634 latii
299 593 343 634 in
365 594 607 651 praesentia,
629 609 769 651 neque
787 595 997 638 auxilium
1017 595 1061 637 in
1082 610 1256 638 suorum
1281 596 1457 638 consilio
1483 596 1674 638 animum

192 650 495 702 advertebant,
527 652 603 695 nisi
629 653 672 695 in
694 654 824 711 ipsius
849 653 1127 712 Imperatoris
1147 654 1293 704 vultu,
1316 654 1485 713 vigore,
1504 653 1678 697 mirabi-

192 708 312 767 lique
333 709 576 761 hilaritate3
607 712 794 754 animum
815 713 927 754 enim
954 712 1090 755 altum
1110 722 1155 756 et
1174 721 1366 756 erectum
1389 729 1477 771 prae
1492 729 1534 756 se
1557 729 1677 771 gere-

194 768 286 810 bat.
350 769 467 812 Huic
487 770 821 827 adquiescebant
842 770 1049 821 homines,
1079 780 1124 814 et
1145 772 1187 814 in
1208 772 1300 830 ejus
1319 772 1498 815 scientia
1519 780 1563 814 et
1579 787 1676 815 con-

191 826 287 869 silio
308 827 450 871 omnia
468 829 548 872 sibi
570 829 778 887 proclivia
799 845 941 873 omnes
961 831 1056 873 fore
1077 831 1326 890 sperabant.

259 886 324 928 ll.
359 886 519 937 Caesar,
554 903 641 930 una
671 896 798 931 nocte
826 889 869 930 in
901 889 1080 932 navibus
1102 897 1341 942 consumta,
1371 889 1462 948 jam
1489 889 1592 932 caelo
1613 887 1674 931 al-

195 944 342 994 bente,
364 961 501 1002 quum
522 946 730 1005 proficisci
752 955 997 997 conaretur,
1017 947 1160 990 subito
1178 949 1351 991 navium
1373 964 1487 1007 pars,
1519 949 1571 991 de
1589 962 1677 1005 qua

166 1028 170 1033 ·
196 1003 393 1054 timebat,
433 1021 486 1047 ex
517 1020 663 1048 errore
699 1005 851 1049 eodem
887 1007 1206 1050 conferebatur.
1271 1007 1370 1049 Hac
1402 1022 1449 1049 re
1487 1007 1675 1066 cognita,

199 1062 343 1105 Caesar
359 1063 561 1107 celeriter
576 1065 631 1107 de
652 1065 832 1107 navibus
853 1065 1042 1124 imperat
1057 1081 1201 1109 omnes
1221 1065 1368 1124 egredi
1389 1074 1521 1124 atque
1542 1081 1677 1108 arma-

197 1128 265 1163 tos
285 1121 328 1164 in
347 1121 474 1164 litore
492 1122 682 1180 reliquos
702 1124 978 1167 advenientes
999 1125 1154 1167 milites
1172 1133 1441 1183 exspectare.
1503 1123 1676 1181 Itaque,

195 1179 284 1222 sine
316 1195 438 1224 mora
469 1181 647 1224 navibus
682 1182 742 1225 eis
774 1183 816 1225 in
838 1192 1017 1241 portum
1037 1184 1237 1243 receptis,
1260 1192 1306 1226 et
1327 1183 1534 1233 advectis,
1569 1182 1677 1224 mili-

198 1247 291 1281 tum
312 1239 597 1297 equitumque
626 1241 776 1299 copiis,
807 1257 955 1285 rursus
983 1241 1038 1284 ad
1073 1242 1285 1300 oppidum
1308 1242 1549 1300 Ruspinam
1569 1239 1682 1283 redit

198 1306 347 1354 atque,
385 1298 445 1341 ibi
478 1299 626 1342 castris
655 1301 913 1351 constitutis,
947 1301 1037 1359 ipse
1066 1317 1165 1343 cum
1187 1300 1440 1343 cohortibus
1470 1299 1684 1359 expeditis

199 1355 382 1413 triginta
420 1357 734 1400 frumentatum
773 1367 838 1401 est
876 1361 1111 1417 profectus.
1176 1360 1243 1402 Ex
1283 1374 1334 1401 eo
1368 1367 1432 1401 est
1463 1359 1686 1417 cognitum

204 1414 382 1457 Caesaris
409 1415 650 1466 consilium,
683 1417 807 1460 illum
838 1434 936 1460 cum
973 1418 1103 1460 classe
1132 1419 1316 1460 navibus
1335 1417 1556 1467 onerariis,
1588 1433 1686 1475 quae

202 1472 485 1525 deerrassent‚
523 1475 711 1519 subsidio
743 1476 805 1518 ire
839 1477 949 1519 clam
981 1476 1178 1520 hostibus
1199 1476 1396 1527 voluisse,
1429 1492 1483 1519 ne
1503 1492 1604 1519 casu
1625 1475 1685 1518 in-

203 1532 438 1590 prudentes
468 1550 553 1576 suae
580 1550 709 1577 naves
745 1535 787 1577 in
825 1536 999 1578 classem
1029 1536 1378 1579 adversariorum
1418 1535 1683 1578 inciderent:

203 1606 344 1649 neque
365 1608 459 1634 eam
480 1608 571 1634 rem
590 1610 661 1635 eos
680 1594 864 1637 voluisse
886 1594 1006 1644 scire,
1039 1597 1114 1652 qui
1146 1595 1188 1638 in
1219 1593 1425 1654 praesidiis
1458 1594 1599 1638 relicti
1619 1593 1685 1635 sui

202 1650 358 1692 milites
378 1650 571 1700 fuissent,
593 1652 658 1693 uti
681 1652 785 1694 nihil
818 1663 1002 1711 propter
1021 1669 1198 1696 suorum
1221 1653 1485 1712 paucitatem
1513 1663 1558 1697 et
1588 1652 1683 1695 hos-

201 1708 313 1750 tium
334 1709 657 1752 multitudinem
677 1719 796 1753 metu
817 1711 1067 1755 deficerent.

268 1767 331 1808 12.
367 1767 562 1817 Interim,
599 1783 737 1825 quum
763 1770 852 1827 jam
883 1771 1026 1813 Caesar
1062 1786 1314 1829 progressus
1346 1779 1454 1813 esset
1481 1786 1506 1812 a
1534 1768 1683 1812 castris

200 1824 372 1868 circiter
393 1826 509 1868 milia
530 1842 732 1885 passuum
752 1828 852 1878 tria,
920 1845 967 1871 er
995 1829 1287 1888 speculatores
1325 1838 1369 1871 et
1396 1838 1682 1872 antecessores

202 1885 370 1940 equites
391 1885 620 1928 nunciatur
640 1886 694 1935 ei,
718 1887 862 1945 copias
884 1845 1070 1930 iiostium
1096 1887 1210 1929 haud
1231 1887 1359 1944 longe
1377 1888 1432 1930 ab
1451 1904 1538 1929 sese
1559 1887 1680 1929 visas.

206 1942 265 1984 Et
287 1942 462 1985 hercule
481 1960 579 1987 cum
601 1960 651 1987 eo
673 1946 829 1989 nuncio
851 1946 993 2003 pulvis
1024 1947 1172 2004 ingens
1194 1946 1380 2004 conspici
1414 1955 1583 2004 coeptus
1602 1954 1680 1989 est.

207 2000 303 2043 Hac
324 2018 368 2044 re
397 2003 585 2060 cognita,
619 2003 762 2046 Caesar
794 2005 992 2047 celeriter
1010 2005 1136 2063 jubet
1158 2004 1399 2062 equitatum
1421 2005 1682 2052 universum,

203 2059 326 2118 cujus
345 2062 513 2118 copiam
530 2061 685 2105 habuit
702 2063 744 2105 in
766 2064 993 2121 praesentia
1013 2079 1097 2107 nou
1119 2079 1335 2121 magnam,
1359 2072 1404 2106 et
1422 2063 1684 2121 sagittarios,

255 2179 299 2211 Et
313 2181 478 2213 insidiosae
492 2187 563 2214 nat.
574 2181 649 2214 scil.
662 2187 692 2214 et
702 2192 758 2213 eas
773 2181 911 2223 qualem

210 2233 272 2255 ans.
290 2235 322 2255 η.

977 2183 1174 2224 scriptorem
1194 2194 1305 2214 rursus
1333 2183 1417 2215 dicit
1442 2192 1607 2215 summam
1635 2181 1682 2213 rei

978 2227 1027 2258 ita
1055 2226 1244 2265 strinxisse,
1287 2233 1323 2258 ut
1356 2227 1543 2258 lectoribus
1572 2225 1680 2257 multa

262 2268 388 2308 Viqore.
432 2267 507 2299 Liv.
539 2271 571 2308 7,
600 2273 630 2300 4.
661 2271 831 2302 naturalis
862 2273 912 2302 ri-

214 2321 314 2352 qores.

259 2356 440 2387 Ρνοείἱτία.
487 2355 557 2387 Alii
579 2358 738 2397 proclira-

264 2401 317 2430 Uci.
339 2401 437 2431 nillil.
476 2399 529 2431 Sic
555 2401 705 2431 codices:
730 2402 845 2441 vulgo,
869 2413 911 2434 ηρ

211 2444 272 2474 ini.
302 2443 352 2474 M.
397 2443 521 2475 Terent
537 2445 642 2475 Andr.
663 2446 690 2482 1,
707 2447 738 2483 2,
757 2442 810 2477 30}
827 2449 913 2479 nihil

213 2487 381 2527 mesalliS.
397 2487 457 2518 ubi
474 2487 545 2519 vid.
570 2489 692 2520 Donat.

260 2532 488 2563 Antecessores.
512 2532 650 2563 Sueton.
664 2532 729 2565 vit.
752 2535 802 2565 17.
821 2540 915 2566 anee-

215 2584 357 2606 cessores
372 2577 529 2616 ayminae.
551 2575 606 2607 Cf.
624 2577 695 2608 Ind.

261 2618 340 2649 Hac
355 2629 391 2650 re
412 2623 555 2660 οοφηίεα,
573 2622 689 2652 Caesm·
701 2626 757 2651 -'-.
799 2620 915 2662 Sequi-

213 2666 267 2692 tur
282 2661 441 2701 narratio,
467 2665 508 2694 de
521 2674 586 2704 qua
609 2663 808 2696 Guischardi
821 2665 913 2705 judi-

214 2705 306 2736 cium
327 2705 452 2743 (Mem.
467 2707 570 2739 milit.
593 2708 635 2738 T.
659 2711 690 2739 2.
709 2719 742 2750 p.
762 2710 832 2740 196.
861 2709 913 2739 vel

212 2749 256 2779 T.
274 2752 305 2779 2.
319 2760 352 2790 p.
369 2751 447 2788 973)
464 2751 650 2792 adscripsi:
681 2753 763 2784 Tou?
785 2753 814 2784 le
835 2750 915 2784 rc‘cit

215 2803 279 2834 que
307 2793 371 2834 fait
402 2795 537 2826 Hirtius
559 2796 600 2827 de
622 2800 701 2827 cette
726 2799 846 2835 action,
869 2802 915 2828 est

211 2835 445 2869 emti-Qmement
468 2837 675 2877 embrouille‘,
717 2846 747 2872 et
775 2839 843 2872 I’on
873 2849 915 2871 ne

208 2886 288 2923 peut
301 2882 331 2912 le
343 2883 561 2922 compr-endre
576 2882 732 2925 qu’aprks
754 2894 821 2915 une
841 2885 913 2915 Zon-

211 2936 275 2967 que
289 2922 493 2959 medication.
532 2926 652 2961 Paullo
671 2933 747 2970 post
762 2928 813 2969 (p.
832 2929 912 2967 288)

978 2271 1156 2312 cogitanda
1182 2277 1215 2302 et
1240 2271 1440 2312 explicanda
1467 2271 1681 2311 relinqueret.

980 2316 1027 2346 Ac
1046 2315 1136 2345 dedit
1163 2314 1220 2346 ille
1243 2314 1296 2346 vir
1312 2316 1430 2347 doctus
1457 2324 1608 2356 operam,
1631 2318 1679 2353 ut,

977 2359 1088 2400 quoad
1104 2357 1173 2391 fieri
1191 2363 1316 2401 posset,
1346 2357 1465 2399 peritis
1488 2359 1535 2390 rei
1552 2357 1682 2389 milita-

979 2403 1026 2434 ris
1055 2412 1189 2434 omnem
1224 2403 1363 2433 modum
1388 2408 1488 2444 atque
1518 2401 1681 2434 rationem

979 2447 1029 2478 rei
1055 2447 1210 2488 gerendae
1236 2447 1497 2478 demonstraret:
1522 2446 1577 2477 sed
1599 2455 1678 2477 cum

979 2501 1040 2522 suo
1077 2490 1212 2521 cuidam
1244 2490 1432 2522 adversario
1469 2499 1535 2521 non
1566 2489 1680 2520 omnia

982 2535 1168 2575 probasset,
1194 2533 1336 2566 uberius
1361 2544 1401 2566 ea
1418 2533 1565 2565 defendit
1582 2533 1614 2564 in
1630 2533 1682 2564 al-

978 2585 1050 2610 tero
1061 2588 1164 2619 opere
1177 2576 1378 2617 (Mtss‘moires
1392 2578 1553 2619 critiques
1563 2583 1597 2608 et
1613 2577 1682 2608 his-

979 2623 1130 2663 toriques
1153 2621 1196 2653 T.
1212 2624 1244 2652 4.
1263 2633 1295 2663 p.
1318 2624 1403 2662 180),
1434 2621 1493 2653 ubi
1520 2620 1680 2653 narratio-

980 2676 1056 2697 nem
1084 2666 1170 2697 hanc
1187 2676 1205 2697 a
1223 2676 1255 2696 c.
1276 2668 1311 2697 12
1329 2677 1434 2707 usque
1461 2665 1504 2696 ad
1525 2666 1561 2696 17
1579 2664 1678 2696 vertit

979 2715 1012 2740 et
1029 2709 1265 2751 interpretatus
1280 2714 1340 2741 est.
1389 2710 1439 2741 M.

1026 2756 1226 2795 Sayittarios
1252 2771 1296 2776 —
1325 2755 1456 2785 arcessi.
1501 2752 1554 2784 Sic
1577 2751 1676 2782 codd.

979 2796 1072 2828 boni.
1117 2797 1312 2828 Addiderim
1330 2803 1402 2829 erat
1417 2802 1491 2838 post
1505 2804 1678 2827 numerus.

981 2841 1094 2882 Vulgo
1109 2853 1116 2871 z
1139 2851 1213 2881 say.
1229 2851 1374 2882 quorum
1386 2849 1516 2883 parvus
1531 2849 1548 2870 e
1561 2840 1677 2870 castris

976 2888 1106 2916 exierat
1121 2894 1293 2923 numerus,
1307 2896 1379 2918 arc.
1406 2885 1459 2918 M.
1482 2882 1553 2916 Alii
1569 2892 1677 2915 arces-

977 2931 1049 2960 siri.
1065 2939 1097 2961 v.
1123 2928 1194 2960 Ind.
