1946 3261
660 166 780 212 LIB.
842 165 982 210 CAP.
1014 162 1087 217 65,
1109 163 1181 207 66.
1569 160 1658 205 463

161 312 270 348 rem,
293 294 479 340 amicum
498 301 543 339 et
562 295 846 339 necessarium
865 310 1006 344 suum,
1034 291 1278 352 legionibus
1301 289 1524 350 Syriaeque
1547 304 1655 347 prae-

161 356 274 405 ficit;
308 356 398 414 ipse
418 354 568 398 eadem
588 355 735 405 classe,
754 370 844 412 qua
859 361 1053 402 venerat,
1076 351 1365 410 proficiscitur
1381 350 1424 392 in
1443 349 1656 393 Ciliciam.

165 416 302 474 Cujus
323 415 557 474 provinciae
578 414 777 458 civitates
806 428 951 457 omnes
979 418 1132 454 evocat
1155 410 1354 462 Tarsum,
1388 408 1507 467 quod
1534 407 1658 465 oppi-

161 475 267 517 dum
307 474 399 517 fere
440 473 575 516 totius
616 473 781 516 Ciliciae
821 471 1132 515 nobilissimum
1170 469 1540 525 fortissimumque
1574 474 1654 509 est.

164 533 249 584 Ibi,
271 533 400 576 rebus
421 532 619 576 omnibus
640 531 876 590 provinciae
906 538 951 573 et
974 528 1271 572 finitumarum
1302 527 1530 570 civitatum
1559 539 1658 568 con-

161 592 343 641 stitutis,
385 591 625 650 cupiditate
666 589 964 649 proficiscendi
1003 588 1059 631 ad
1094 586 1261 630 bellum
1298 585 1535 644 gerendum
1571 599 1659 628 non

163 651 329 694 diutius
349 658 569 698 moratum
601 650 854 708 magnisque
870 648 1097 691 itineribus
1117 660 1196 704 per
1217 644 1541 701 Cappadociam
1560 659 1660 686 con-
1698 672 1701 677 ,

164 710 304 759 fectis,
341 708 530 751 biduum
564 709 753 751 Mazacae
785 716 1088 756 commoratus,
1123 704 1242 747 venit
1276 704 1483 751 Comana,
1515 712 1661 746 vetus-

163 768 375 811 tissimum
401 776 447 811 et
478 768 787 811 sanctissimum
818 768 861 810 in
892 763 1174 824 Cappadocia
1204 762 1398 806 Bellonae
1428 761 1657 820 templum,

164 826 286 885 quod
306 834 431 870 tanta
450 827 662 885 religione
679 827 856 876 colitur,
875 834 925 869 ut
946 824 1161 868 Sacerdos
1178 822 1269 881 ejus
1291 822 1399 865 Deae
1419 821 1658 879 majestate,

165 886 349 944 imperio
379 895 424 929 et
451 886 649 944 potentia
676 886 886 929 secundus
918 901 944 927 a
974 883 1098 942 Rege
1131 897 1340 925 consensu
1372 880 1513 938 gentis
1546 879 1660 921 illius

162 944 391 988 habeatur.
456 945 508 987 Id
536 945 697 989 homini
720 945 982 988 nobilissimo
1006 941 1243 1001 Lycomedi
1266 940 1474 999 Bithynio
1493 937 1660 996 adjudi-

163 1005 294 1054 cavit,
326 1004 419 1062 qui,
452 1004 593 1063 Regio
617 1004 932 1064 Cappadocum
953 1018 1110 1062 genere
1132 1010 1269 1050 ortus,
1302 1008 1485 1058 propter
1505 998 1660 1041 adver-

162 1079 252 1106 sam
275 1064 500 1107 fortunam
526 1064 740 1121 majorum
760 1079 938 1107 suorum
963 1062 1336 1118 mutationemque
1359 1058 1543 1117 generis,
1562 1059 1662 1116 jure

133 1125 135 1127 ’
163 1123 338 1166 minime
374 1121 528 1173 dubio,
557 1131 775 1165 vetustate
808 1131 953 1165 tamen
985 1121 1242 1169 intermisso,
1281 1118 1583 1161 Sacerdotium
1615 1115 1660 1158 id

166 1183 409 1239 repetebat.
472 1182 676 1225 Fratrem
704 1190 854 1225 autem
883 1180 1189 1223 Ariobarzanis
1214 1177 1495 1227 Ariarathen,
1526 1189 1663 1234 quum

166 1241 276 1283 bene
292 1240 472 1283 meritus
494 1250 680 1298 uterque
697 1257 847 1283 eorum
862 1241 916 1283 de
936 1238 1183 1298 Republica
1202 1246 1326 1286 esset,
1346 1253 1399 1279 ne
1420 1245 1498 1278 aut
1517 1234 1661 1294 Regni

114 1352 117 1353 ⁷
166 1299 381 1341 hereditas
414 1300 676 1342 Ariarathen
707 1300 978 1348 sollicitaret,
1015 1307 1091 1340 aut
1123 1297 1245 1339 heres
1279 1295 1423 1353 Regni
1458 1304 1663 1344 terreret,

169 1358 454 1401 Ariobarzani
475 1358 708 1408 adtribuit,
739 1359 816 1415 qui
846 1359 926 1401 sub
949 1357 1039 1415 ejus
1060 1356 1244 1412 imperio
1273 1372 1322 1398 ac
1343 1355 1509 1398 ditione
1531 1363 1662 1397 esset:

168 1417 259 1475 ipse
279 1417 364 1460 iter
386 1417 609 1476 inceptum
629 1417 756 1459 simili
777 1417 1008 1460 velocitate
1032 1415 1242 1459 conficere
1264 1414 1411 1473 coepit.

220 1564 407 1606 Syrioeqzoe.
464 1562 636 1595 Enclitica
668 1561 818 1595 occurrit
851 1563 884 1594 in
955 1561 1118 1593 Davisius
1147 1565 1359 1592 monuerunt.
1415 1560 1467 1591 Ad
1496 1559 1569 1592 haec
1601 1556 1668 1591 nisi

176 1608 276 1640 codd.

222 1651 357 1683 Eadem
371 1652 486 1690 classe,
501 1661 571 1693 qua
587 1657 736 1684 venerat.
785 1649 887 1692 Atqui

176 1702 313 1728 venerat
340 1695 455 1727 Caesar
485 1695 604 1726 itinere
635 1695 802 1727 terrestri:
841 1695 888 1725 cf.

174 1751 204 1772 c.
224 1743 276 1772 33.
323 1740 414 1781 Ergo
430 1739 590 1780 scriptor,
615 1749 703 1771 nunc
724 1740 764 1771 de
780 1739 888 1770 classe

174 1785 329 1826 loquens,
359 1784 412 1815 sui
442 1783 570 1815 oblitus
598 1788 659 1814 est.
706 1784 788 1815 11aec
820 1783 888 1814 Da-

175 1829 282 1861 visius
293 1828 436 1860 monuit.
465 1828 617 1859 Fortasse
629 1827 795 1869 potuisset
806 1827 891 1865 dici,

176 1873 296 1905 eadem
311 1873 489 1910 celera'tate,
506 1877 542 1903 ut
557 1882 634 1912 cap.
649 1872 714 1903 hoc
725 1878 889 1909 extremo,

175 1917 255 1959 quia
266 1916 392 1955 Caesar,
401 1915 546 1957 cupidus
555 1917 703 1947 Romam
716 1916 891 1953 redeundi,

179 1967 250 1992 toto
268 1961 333 1991 hoc
351 1960 470 1992 itinere
488 1959 674 1991 festinavit.
721 1959 773 1991 Cf.
790 1971 821 1991 c.
839 1962 892 1991 71.

180 2007 233 2036 78.
258 2005 310 2035 Μ.
355 2004 538 2036 Monuerat
564 2004 720 2035 Usserius
742 2006 829 2035 Ann.
851 2005 894 2035 ad

183 2059 204 2079 a
251 2048 348 2079 3957.
411 2047 566 2078 Jurinius
598 2047 664 2090 leg.
698 2054 793 2089 putat
825 2059 895 2090 qua

184 2092 433 2124 Alexandriam
449 2097 597 2123 venerat.

233 2137 398 2168 Comana.
444 2135 542 2167 Conf.
571 2145 600 2166 c.
617 2138 671 2167 34.
718 2136 793 2167 Hoc
818 2136 896 2167 loco

183 2179 339 2211 Comana
377 2179 607 2220 Cappadociae
651 2179 897 2221 intelliguntur.

189 2225 364 2255 Ceam-im.
405 2223 454 2254 De
471 2223 609 2265 regione
626 2229 659 2255 et
673 2223 809 2255 deliciis
825 2224 898 2265 ejus

184 2268 280 2309 plura
297 2267 387 2309 apud
399 2267 597 2299 Strabonem
612 2267 676 2299 lib.
694 2270 744 2299 1⁶2.
763 2278 798 2308 p.
813 2270 896 2306 559;

186 2312 228 2343 de
257 2311 386 2352 templo
414 2322 524 2352 pauca
555 2323 589 2353 p.
615 2314 690 2343 536.
719 2314 802 2351 5573
837 2312 899 2343 ubi

186 2355 377 2387 Sacerdotis
394 2354 536 2387 Comani
561 2355 694 2387 Pontici
715 2361 748 2387 et
763 2355 901 2397 Cappa-

188 2400 284 2431 docis
301 2400 456 2430 eamdem
472 2399 902 2442 1·eligionem,eosdemque

186 2444 271 2475 ritus
287 2453 461 2475 sacrorum
472 2455 545 2475 esse
558 2446 668 2476 docet.
698 2445 786 2485 Ergo
797 2444 900 2475 etiam

191 2487 312 2519 licebit
344 2488 411 2518 huc
443 2488 578 2524 referre,
609 2499 685 2530 quae
716 2500 750 2530 p.
769 2490 831 2519 575
859 2489 902 2519 de

191 2531 336 2563 Pontico
351 2531 532 2563 Sacerdote
547 2534 733 2571 traduntur,
747 2532 903 2574 prohibi-

190 2581 264 2607 tum
280 2587 354 2606 esse
368 2586 388 2606 a
401 2575 541 2617 porcina
553 2587 662 2616 carne,
673 2587 782 2618 neque
795 2576 902 2607 ullum

191 2619 225 2651 in
241 2630 280 2651 ea
292 2619 430 2661 regione
447 2631 585 2661 porcum
600 2621 647 2652 ali
662 2621 711 2652 fas
726 2632 812 2652 esse.
829 2622 881 2652 M.

239 2665 284 2696 Id
297 2664 561 2703 (Sacerdotium)
577 2667 665 2696 hom.
681 2666 754 2697 nob.
779 2666 830 2696 M.

240 2709 430 2750 Lycomeaeli.
454 2709 523 2746 Sic,
539 2708 786 2750 Oudendorpio
804 2714 903 2748 teste,

194 2753 293 2784 codd.
325 2752 451 2793 plures,
481 2753 573 2794 iique
602 2752 698 2790 boni,
723 2758 757 2783 et
781 2754 904 2785 Strabo

195 2798 264 2836 (12.
289 2808 324 2838 p.
341 2797 431 2835 558).
486 2796 610 2828 Contra
638 2797 819 2838 Appianus
849 2798 904 2836 (B.

194 2841 316 2872 Mithr.
331 2852 362 2872 c.
382 2842 453 2872 121.
471 2852 504 2882 p.
526 2844 600 2873 254.
617 2842 672 2872 ed.
688 2841 821 2883 Steph.)
846 2842 907 2873 Ni-

197 2886 373 2918 comedem
388 2885 587 2927 adpellavit,
603 2891 639 2917 ut
651 2885 858 2919 Ciacconius
873 2892 907 2919 et

953 1607 1046 1638 aliud
1059 1611 1298 1647 argumentum
1313 1604 1505 1642 accesserit,
1519 1603 1672 1635 manebit

954 1650 1056 1681 lectio
1074 1650 1213 1681 incerta.
1233 1649 1279 1679 Μ.
1319 1649 1354 1680 In
1371 1659 1501 1689 nupera
1519 1648 1670 1679 editione

956 1705 1015 1726 sua
1041 1695 1192 1736 Appiani
1217 1693 1548 1734 Scliweighaeuserus
1572 1703 1674 1734 repo-

956 1739 1024 1770 suit
1066 1738 1256 1780 Lycomect‘I,
1295 1743 1431 1768 secutus
1469 1737 1672 1768 Oudendor-

957 1783 1072 1824 pium3
1103 1787 1219 1814 contra
1242 1782 1418 1813 Godvinus
1448 1787 1481 1813 et
1504 1781 1671 1813 Cellarius

958 1828 991 1859 in
1009 1833 1124 1858 nostro
1141 1827 1221 1858 loco
1237 1827 1359 1858 dedere
1378 1826 1560 1857 Nicomedi.

1008 1874 1156 1903 Generis.
1203 1871 1314 1902 Jurin.
1333 1870 1448 1901 mallet
1468 1872 1584 1909 qentir.

1008 1918 1166 1948 Fran-„om
1182 1916 1289 1947 Ariub.
1307 1915 1422 1946 Ανὶαν.
1462 1914 1513 1945 De
1530 1914 1585 1945 hic
1600 1913 1676 1946 Cic.

959 1960 1001 1991 ad
1019 1961 1062 1992 D.
1081 1963 1130 1997 15,
1147 1963 1178 1990 2.
1204 1959 1255 1990 M.

1009 2005 1229 2036 Ariobarzani
1259 2003 1433 2035 adtribuit.
1479 2003 1530 2035 Ne
1559 2003 1676 2034 turbas

962 2054 1113 2080 moveret
1130 2047 1337 2081 Ariarathes.
1352 2047 1463 2078 Caesar
1481 2047 1578 2078 illum
1596 2058 1680 2079 auc-

962 2092 1097 2124 toritate
1115 2101 1174 2122 sua
1192 2091 1312 2133 majori
1330 2091 1435 2130 fratri,
1458 2102 1560 2132 quern
1577 2092 1678 2124 Sena-

963 2143 1017 2167 tus
1032 2136 1303 2175 confirmaverat,
1321 2135 1477 2177 subjecit.
1499 2137 1677 2168 C'ellarius.

965 2182 1079 2212 Potest
1110 2185 1219 2211 tamen
1249 2179 1367 2222 quaeri,
1400 2180 1433 2211 in
1471 2191 1540 2221 quo
1579 2180 1680 2212 fuerit

966 2223 1062 2263 illud,
1075 2225 1167 2267 quod
1184 2235 1287 2256 unum
1304 2224 1402 2256 alteri
1420 2225 1577 2266 subjecit,
1593 2230 1625 2255 et
1643 2224 1678 2255 in

964 2274 1128 2310 quantum
1164 2268 1359 2310 subjecerit.
1414 2268 1448 2300 Si
1487 2268 1573 2299 nihil
1612 2268 1679 2299 nisi

967 2313 1060 2344 fratri
1078 2323 1192 2354 parere
1205 2313 1317 2355 jussit.
1334 2318 1403 2352 aut,
1426 2318 1462 2344 ut
1476 2313 1679 2354 quiesceret,

967 2357 1165 2389 cohortatus
1177 2364 1244 2388 est:
1270 2368 1336 2388 non
1351 2362 1401 2389 est
1414 2358 1478 2388 hoc
1493 2356 1681 2398 praemium,

968 2401 1055 2433 bene
1081 2402 1122 2433 de
1150 2401 1346 2443 Republica
1370 2401 1493 2432 merito
1512 2401 1584 2431 viro
1608 2400 1682 2442 dig-

968 2456 1060 2485 num,
1087 2451 1120 2477 et
1145 2457 1273 2484 vereor,
1304 2452 1340 2476 ut
1368 2446 1424 2477 hie
1452 2445 1577 2487 jussus,
1608 2445 1680 2477 haec

969 2490 1115 2522 hortatio
1136 2490 1169 2521 in
1187 2501 1287 2521 omne
1303 2496 1434 2531 tempus
1450 2489 1549 2520 fuerit
1561 2489 1682 2521 efficax

967 2534 1093 2576 quietis
1103 2534 1361 2565 adminiculum.
1388 2534 1528 2565 Accedit
1539 2534 1581 2564 ad
1593 2534 1681 2565 hanc

969 2589 1011 2610 ex
1029 2578 1103 2620 ipsa
1127 2590 1161 2610 re
1185 2585 1291 2609 ortam
1309 2578 1568 2615 dubitationem,
1590 2579 1681 2619 quod

969 2628 1057 2654 teste
1075 2622 1318 2664 Oudendorpio
1334 2623 1432 2654 codd.
1450 2632 1580 2661 omnes,
1597 2633 1684 2663 prae-

970 2673 1018 2698 ter
1034 2667 1133 2705 duos,
1163 2667 1265 2708 paulo
1289 2673 1366 2697 ante
1392 2667 1477 2697 lianc
1497 2666 1682 2698 lectionem

970 2711 1152 2742 exhibent:
1181 2713 1298 2742 Fratri
1309 2716 1422 2742 autem.
1433 2711 1686 2748 Ariobarzanis,

974 2756 1170 2786 Ariarathi:
1194 2760 1229 2785 ut
1247 2754 1320 2795 ipse
1343 2754 1401 2785 ille
1426 2754 1478 2785 vir
1498 2755 1617 2786 doctus
1634 2754 1686 2786 fa-

973 2805 1091 2838 teatur,
1113 2809 1147 2829 se
1172 2798 1263 2829 nolle
1283 2799 1324 2829 de
1351 2799 1417 2829 hoc
1440 2799 1519 2830 loco
1535 2809 1685 2840 pronun-

972 2843 1075 2874 ciare.
1122 2842 1302 2874 Licebitne
1340 2843 1568 2884 conjecturam
1608 2854 1685 2885 pro-

973 2887 1118 2930 ponere?
1167 2886 1271 2927 Quid,
1297 2887 1325 2919 si
1342 2887 1541 2930 legerimus:
1569 2889 1687 2920 Fratri
