1946 3261
200 233 259 277 80
621 230 704 275 DE
737 227 940 274 BELLO
974 223 1270 274 GALLICO.

200 367 230 387 “
254 373 476 403 numerum
494 356 735 400 civitatium
755 373 874 402 suam
894 357 981 400 vim
1000 358 1207 400 sustinere
1227 373 1312 401 non
1331 372 1465 416 posse.
1529 357 1685 417 Itaque

200 426 231 445 “
254 434 337 461 una
373 433 426 458 ex
460 424 586 473 parte
621 431 646 458 a
684 417 837 460 Suevis
869 417 1041 459 circiter
1073 417 1193 459 milia
1229 432 1427 475 passuum
1462 417 1545 460 DC
1588 418 1685 477 agri

199 485 229 504 ‘⁶
251 491 402 518 vacare
441 474 658 517 dicuntur.
737 475 809 518 Ad
850 476 1034 519 alteram
1104 484 1242 518 artem
1282 475 1515 518 succedunt
1558 476 1682 526 Ubii,

198 543 227 561 “
250 535 454 590 (quorum
475 533 559 576 fuit
577 533 729 576 civitas
751 535 895 592 ampla
911 543 1041 591 atque
1093 550 1232 584 erens,
1254 543 1304 576 ut
1323 543 1387 576 est
1403 542 1554 592 captus
1573 535 1684 577 Ger-

196 601 226 620 “
248 593 490 648 manorum)
508 600 554 634 et
574 592 739 651 paullo,
761 609 891 650 quam
910 601 1008 634 sunt
1038 592 1227 651 ejusdem
1247 593 1432 652 generis,
1465 601 1510 636 et
1530 593 1684 636 ceteris

195 659 225 678 ‘⁶
248 650 535 700 humaniores,
551 660 786 709 propterea
803 651 921 708 quod
941 651 1141 694 Rhenum
1161 651 1396 710 adtingunt
1411 651 1682 710 multumque

195 718 225 736 “
248 708 305 751 ad
329 725 399 752 eos
419 719 679 753 mercatores
699 711 913 752 ventitant
940 718 984 751 et
1006 711 1085 767 ipsi
1139 719 1288 768 ropter
1310 711 1680 768 propinquitatem

194 777 224 795 ‘⁶
251 767 430 810 Gallicis
448 777 547 810 sunt
562 769 752 811 moribus
771 768 1052 811 adsuefacti.’'
1105 727 1198 812 iilos
1218 785 1350 826 quum
1370 769 1518 818 Suevi,
1536 769 1682 811 multis

192 842 302 885 saepe
341 826 467 869 bellis
507 828 691 885 experti,
734 837 915 886 propter
959 827 1289 886 amplitudinem
1331 828 1681 886 gravitatemque

191 884 395 934 civitatis,
425 884 581 928 finibus
613 886 831 944 expellere
864 902 947 929 non
984 887 1238 944 potuissent,
1271 895 1415 928 tamen
1448 886 1681 944 vectigales

191 944 270 988 sibi
295 943 490 986 fecerunt
510 960 558 986 ac
579 945 716 987 multo
739 945 987 987 humiliores
1009 945 1349 1002 infirmioresque
1372 944 1648 1003 redegerunt.

250 1003 292 1046 4.
328 1001 378 1044 In
411 1002 564 1044 eadem
594 1019 738 1046 caussa
760 1005 935 1045 fuerunt
960 1005 1162 1062 Usipetes
1195 1013 1239 1046 et
1262 1003 1539 1052 Tenchtheri,
1573 1019 1680 1061 quos

189 1077 319 1120 supra
350 1060 551 1110 diximus,
584 1062 657 1118 qui
678 1062 918 1120 complures
939 1078 1070 1105 annos
1094 1064 1332 1105 Suevorum
1357 1062 1443 1103 vim
1473 1062 1680 1104 sustinue-

192 1129 316 1168 runt;
348 1119 402 1162 ad
425 1128 664 1162 extremum
688 1129 845 1169 tamen,
877 1121 991 1177 agris
1012 1121 1176 1179 expulsi
1203 1129 1246 1162 et
1268 1120 1413 1162 multis
1437 1120 1681 1163 Germaniae

190 1179 294 1222 locis
309 1178 541 1220 triennium
557 1179 703 1237 vagati
723 1179 778 1221 ad
797 1179 995 1221 Rhenum
1012 1189 1322 1237 pervenerunt:
1357 1194 1462 1236 quas
1483 1179 1680 1237 regiones

192 1237 388 1295 Menapii
426 1237 670 1279 incolebant
712 1247 757 1278 et
791 1237 846 1279 ad
881 1247 1107 1295 utramque
1144 1238 1279 1295 ripam
1317 1237 1500 1279 fluminis
1535 1251 1678 1295 agros,

188 1295 371 1339 aedificia
392 1295 591 1353 vicosque
611 1295 851 1343 habebant;
884 1295 955 1337 sed
978 1305 1108 1338 tantae
1131 1295 1419 1338 multitudinis
1439 1295 1562 1338 aditu
1582 1311 1677 1353 per-

188 1354 350 1403 territi,
373 1370 425 1396 ex
446 1353 509 1395 his
530 1353 732 1402 aedificiis,
756 1369 850 1409 quae
873 1362 989 1395 trans
1009 1354 1163 1395 flumen
1185 1354 1440 1403 habuerant,
1463 1353 1677 1412 demigra-

186 1421 348 1455 verunt
369 1420 429 1460 et,
451 1412 509 1453 cis
530 1411 727 1453 Rhenum
749 1410 967 1470 dispositis
989 1412 1210 1479 praesidiis,
1233 1413 1474 1455 Germanos
1496 1412 1677 1456 transire

188 1470 496 1529 prohibebant.
559 1469 646 1519 Illi,
670 1470 811 1512 omnia
831 1480 1017 1528 experti,
1040 1486 1172 1527 quum
1193 1487 1329 1528 neque
1349 1471 1392 1512 vi
1413 1471 1677 1514 contendere

188 1539 371 1596 propter
406 1527 592 1586 inopiam
623 1529 809 1578 naviuin,
846 1545 981 1586 neque
1012 1529 1120 1571 clam
1155 1530 1338 1571 transire
1390 1540 1555 1588 ›ropter
1585 1547 1675 1573 cus-

186 1588 328 1631 todias
350 1587 654 1644 Menapiorum
688 1597 875 1645 possent,
898 1588 1058 1630 reverti
1081 1605 1123 1629 se
1146 1588 1187 1629 in
1209 1605 1302 1630 suas
1321 1546 1441 1631 sedes
1463 1589 1675 1645 regiones-

187 1662 273 1704 que
288 1645 620 1693 simulaverunt;
643 1654 686 1687 et
702 1645 837 1688 tridui
856 1646 969 1688 viam
988 1647 1219 1704 progressi,
1237 1663 1381 1689 rursus
1399 1644 1675 1691 reverterunt

185 1714 334 1762 atque,
372 1705 485 1747 omni
516 1703 595 1746 hoc
617 1705 771 1746 itinere
792 1720 873 1747 una
906 1715 1029 1747 nocte
1059 1705 1256 1762 equitatu
1276 1705 1489 1755 confecto,
1526 1706 1675 1750 inscios

186 1762 542 1821 inopinantesque
567 1763 793 1820 Menapios
811 1764 1132 1821 obpresserunt,
1164 1763 1254 1820 qui,
1277 1764 1332 1806 de
1357 1765 1671 1807 Germanorum

186 1821 371 1864 discessu
411 1837 488 1879 per
526 1821 822 1879 exploratores
861 1823 1066 1865 certiores
1108 1822 1228 1869 facti.
1270 1823 1357 1864 sine
1398 1833 1514 1865 metu
1556 1833 1673 1866 trans

189 1879 389 1923 Rhenum
425 1880 466 1922 in
499 1896 595 1922 suos
626 1881 740 1922 vicos
774 1881 1128 1938 remigraverant.
1194 1881 1274 1923 His
1298 1881 1535 1924 interfectis
1556 1883 1671 1924 navi-

186 1939 352 1996 busque
387 1955 535 1981 eorum
571 1939 803 1997 occupatis,
835 1939 952 1998 prius
982 1956 1112 1998 quam
1142 1956 1192 1981 ea
1225 1956 1324 1998 pars
1348 1941 1671 1998 Menapiorum,

238 2065 444 2096 Civitatium.
485 2064 538 2096 Sic
555 2070 588 2095 ct
604 2066 635 2103 7,
652 2066 704 2095 36.
728 2062 781 2095 Cf.
799 2063 897 2095 Voss.

189 2107 231 2138 de
247 2107 378 2148 analog.
395 2112 427 2146 9,
447 2110 496 2139 Η.

238 2151 314 2183 Non
326 2162 431 2192 posse.
477 2151 623 2193 Scaliger
649 2163 714 2183 mm
736 2154 893 2194 potuisse,

191 2193 305 2226 invitis
319 2195 508 2226 codicibus.

236 2240 334 2270 Milia
351 2250 513 2280 passuum
532 2241 607 2271 DC.
645 2239 773 2271 Multos
789 2240 895 2271 offen-

189 2282 238 2314 dit
270 2289 396 2314 tantuni
428 2289 593 2314 vastorum
631 2294 784 2321 agrorum
817 2296 893 2325 spa-

189 2326 291 2367 tium3
324 2332 356 2357 et
380 2333 444 2358 tres
474 2328 570 2358 codd.
601 2326 724 2358 habent
751 2335 892 2359 centum.

189 2370 253 2402 Sed
279 2370 356 2412 quis
378 2371 455 2402 talia
477 2370 634 2402 deliniat?
659 2372 707 2402 M.
754 2372 891 2413 Lipsius

188 2414 297 2446 Elect.
314 2417 344 2454 9,
362 2416 394 2446 7.
411 2421 444 2445 et
462 2416 601 2446 l‘lotom.
613 2415 795 2446 rescribunt
816 2417 890 2447 LX.

187 2459 276 2500 quod
318 2470 339 2490 a
375 2459 518 2490 librariis
561 2464 724 2490 mutatum
765 2466 892 2501 putant.

187 2502 294 2534 Gracci
326 2502 410 2535 ratio
451 2502 621 2534 numerica
649 2513 726 2534 cum
759 2505 892 2544 vulgum

185 2547 378 2578 concordat.
433 2547 574 2579 Vossius
610 2558 628 2578 e
666 2547 764 2578 codd.
800 2547 891 2578 dedit

184 2597 328 2622 semum.

235 2635 277 2666 Et
291 2636 411 2676 paullo
425 2653 467 2658 —
484 2637 712 2667 humaniores.
758 2633 892 2666 Obscu-

186 2676 266 2708 ritas
294 2678 414 2710 horum
438 2680 617 2711 verborum
647 2685 681 2711 et
710 2678 890 2719 multiplex

187 2722 284 2752 codd.
312 2722 466 2759 varietas,
492 2730 634 2764 arguunt
658 2723 745 2754 liunc
776 2723 888 2754 locum

185 2765 421 2805 corruptionis.
446 2767 621 2809 Legerim:
641 2768 889 2810 paullo,qu‹1m

187 2810 247 2849 qui
261 2815 337 2840 sunt
351 2812 499 2849 ejusdem
513 2815 642 2853 ymwris
659 2811 735 2850 (i.e.
752 2809 889 2851 gentis),

186 2853 414 2885 humaniores.
461 2855 508 2886 lta
531 2856 626 2896 plane
648 2855 814 2896 metaplir.
831 2853 887 2885 Gr.

185 2895 238 2925 καὶ
253 2895 422 2940 &pugnis-egoi
436 2911 463 2928 τι
479 2898 535 2929 τῶν
551 2900 653 2930 ἄλλων
669 2898 808 2938 ὅμοιθνοῖν
824 2898 888 2928 εἰσὶν

184 2939 210 2970 οἱ
236 2937 342 2976 οὔβιοι.
394 2940 509 2974 Voluit
535 2943 657 2985 aliquis
682 2940 887 2985 interpretari

964 2063 1048 2098 litte.
1065 2065 1292 2097 humaniore-x.
1308 2074 1411 2103 qnam
1423 2067 1482 2104 qui
1495 2069 1570 2095 sumt
1582 2066 1669 2100 eius-

961 2109 1034 2139 dem
1051 2111 1199 2148 qmwris:
1222 2107 1354 2147 scripsit
1369 2117 1448 2143 eruo
1464 2106 1494 2137 in
1508 2107 1668 2148 margine.

962 2153 1176 2183 lustramini-es·
1191 2155 1303 2182 rerem
1320 2152 1384 2189 (sc.
1395 2150 1596 2190 Germanis).
1619 2153 1668 2183 stl.

963 2196 1047 2233 Qua·
1065 2195 1095 2226 in
1114 2201 1204 2225 textu
1223 2196 1388 2231 leguntur.
1405 2195 1558 2226 Oudend.
1575 2195 1668 2226 dedit

959 2252 978 2271 c
994 2241 1091 2271 codd.
1140 2239 1253 2270 Editio
1283 2238 1367 2269 Ven.
1392 2238 1493 2269 habet
1522 2248 1586 2269 non
1620 2239 1665 2270 ita

960 2285 1062 2316 male.
1075 2286 1133 2325 qui
1147 2285 1265 2324 paullo
1281 2289 1357 2314 sum
1373 2282 1522 2319 ejusdem
1534 2286 1666 2322 qen-‘ris

959 2332 1061 2358 etiam
1088 2330 1200 2357 ceteris
1226 2328 1319 2358 Imm.
1366 2325 1446 2356 Sunt
1474 2325 1530 2366 qui
1559 2329 1667 2367 ymnis

960 2371 1088 2409 malint,
1104 2371 1232 2402 frustra.
1250 2380 1324 2401 nam
1343 2379 1457 2400 sensus
1474 2369 1574 2400 idem.

1004 2417 1227 2456 Malum-que.
1276 2413 1385 2451 vulgo
1403 2414 1577 2455 multique.

1005 2460 1230 2498 leeqerzmt.
1268 2457 1426 2494 Scaligeri
1445 2457 1664 2490 reddiderunt

958 2514 976 2534 e
993 2504 1069 2534 cod.
1086 2501 1200 2533 Faerni
1215 2502 1361 2542 glossam
1377 2500 1476 2542 sapit.

1007 2546 1283 2585 Jnea‹1.cm1ss.f.
1294 2546 1411 2576 eadem
1424 2544 1564 2576 fonensi
1574 2552 1663 2584 sunt,

956 2592 1075 2622 eodem
1092 2590 1193 2621 modo
1211 2589 1319 2620 vexati
1336 2596 1423 2620 sunt.
1447 2589 1536 2620 (‘l'.c.
1559 2591 1586 2620 1.
1610 2591 1661 2621 M.

1004 2636 1119 2666 Adita.
1142 2633 1199 2664 ulii
1217 2634 1377 2665 adv-enm.

1006 2679 1221 2711 Habuerunt.
1246 2677 1532 2717 desumi-aterum.
1576 2676 1658 2718 Leg.

956 2727 1062 2754 erant.
1080 2722 1364 2763 demiyrurerant.
1402 2721 1445 2751 Ut
1463 2720 1558 2751 locus
1572 2730 1655 2751 nunc

957 2765 987 2796 in
1005 2767 1080 2797 edd.
1104 2765 1217 2803 habet,
1245 2765 1342 2805 plane
1365 2764 1478 2795 nullus
1499 2770 1549 2795 est
1574 2770 1659 2794 tem-

960 2821 1077 2850 porum
1095 2820 1210 2848 nexus,
1234 2815 1267 2839 et
1283 2809 1369 2839 velle
1386 2808 1469 2840 hanc
1486 2807 1658 2848 negligen-

957 2853 1035 2884 tiam
1061 2859 1185 2895 grutam
1209 2853 1394 2894 adpellare,
1418 2861 1546 2883 merum
1574 2851 1659 2882 effu-

953 2897 1046 2939 gium
1062 2903 1123 2929 est.
1142 2898 1191 2928 M.
1233 2897 1337 2928 Recte
1352 2895 1528 2934 monitum,
1543 2905 1656 2928 emen·

953 2942 1027 2973 davi
1046 2941 1210 2984 posterius
1225 2940 1374 2974 verbum.
