1946 3261
768 212 1187 258 FRAGMENTA.
1630 218 1712 264 581

254 352 264 361 “
285 339 340 382 C.
365 339 507 382 Caesar
539 339 659 398 apud
692 340 849 384 milites
881 340 937 383 de
971 343 996 368 *
1033 339 1308 384 incommodis
1335 355 1512 384 eorum:
1548 348 1578 370 “
1604 343 1708 388 Non

228 404 256 424 “
277 397 500 441 frustrabo
522 414 611 449 vos,
632 399 968 442 milites.’'—E.z·
987 399 1216 442 Diomedis
1235 400 1262 442 l.
1290 400 1325 442 1.
1348 400 1425 443 eol.
1448 400 1547 446 395.

457 525 538 568 EX
571 524 756 568 ORAT.
793 524 916 567 PRO
951 516 1157 567 DECIO
1182 526 1486 572 SAMNITE.

223 633 267 676 N
273 647 328 675 Ec
361 633 474 676 forte
507 633 735 691 quisquam
766 642 844 676 aut
894 633 1073 677 Caesaris
1100 648 1181 691 pro
1213 633 1350 676 Decio
1385 636 1596 688 Samnite,
1631 646 1711 683 aut

225 691 354 734 Bruti
383 707 464 749 pro
498 691 710 734 Deiotaro
732 692 871 751 Rege,
901 701 1155 751 ceterosque
1188 692 1409 750 cujusdam
1436 695 1707 742 lentitudinis

221 766 271 851 ΞΘ
283 750 471 851 2tleporis
507 750 641 793 libros
672 750 796 809 legit,
829 752 1049 795 eto—Ea:
1082 751 1271 794 Auctore
1292 750 1415 795 Dial.
1447 753 1501 796 de
1534 754 1705 800 Orator.

560 935 640 978 EX
673 934 858 978 ORAT.
895 934 1020 978 PRO
1055 935 1360 979 SEXTILIO.

223 1036 327 1085 Quo
363 1034 474 1078 enim
494 1036 657 1086 nimbo,
692 1051 780 1094 qua
812 1035 1004 1094 procella
1039 1037 1292 1087 verborum,
1325 1035 1492 1095 inpium
1531 1038 1706 1083 Sextilii

221 1101 357 1151 caput
375 1094 502 1136 obrui
522 1099 745 1137 meretur?
773 1095 892 1152 quod
914 1096 966 1137 C.
987 1095 1212 1144 Caesarem,
1234 1112 1259 1137 a
1277 1111 1364 1153 quo
1381 1112 1480 1139 cum
1497 1097 1704 1149 studiose,

223 1161 318 1195 tum
336 1153 465 1196 etiam
493 1153 691 1205 feliciter,
716 1154 952 1212 gravissimi
977 1154 1165 1197 criminis
1193 1170 1293 1197 reus
1314 1155 1516 1200 defensus
1543 1157 1703 1208 fuerat,

221 1213 437 1255 eto—Ex
470 1212 561 1256 Val.
586 1212 714 1255 Maoe.
736 1212 780 1263 5,
801 1213 844 1262 3,
866 1213 906 1255 3-

522 1338 602 1381 EX
636 1337 820 1381 ORAT.
856 1337 939 1381 DE
973 1338 1394 1383 CONJURATIS.

223 1441 461 1484 CATONEM
516 1440 704 1498 primum
762 1440 1018 1483 sententiam
1070 1447 1199 1497 putat
1247 1441 1300 1483 de
1345 1441 1707 1488 animadversione

221 1499 393 1549 dixisse,
412 1514 545 1556 quam
567 1515 711 1542 omnes
730 1507 829 1541 ante
851 1499 1053 1541 dixerant
1075 1507 1234 1556 praeter
1251 1499 1460 1542 Caesarem
1477 1515 1485 1542 :
1509 1509 1554 1544 et
1567 1519 1705 1561 quum

220 1559 353 1617 ipsius
377 1558 556 1601 Caesaris
586 1568 675 1600 tam
703 1574 851 1600 severa
875 1557 1022 1605 fuerit,
1051 1557 1127 1613 qui
1150 1566 1244 1600 tum
1268 1557 1476 1602 Praetorio
1497 1559 1593 1605 loco
1612 1561 1702 1606 dix-

219 1619 321 1667 erit,
344 1618 564 1662 etc.—-Eoe
586 1617 676 1660 Cic.
701 1618 757 1659 ad
779 1616 912 1658 Attio.
942 1617 1008 1665 12,
1032 1616 1101 1658 21.
1763 1618 1772 1627 '

280 1735 367 1778 Sed
390 1736 549 1785 Caesar,
573 1734 648 1777 ubi
669 1734 725 1776 ad
747 1750 844 1777 eum
863 1742 1119 1792 perventum
1137 1742 1217 1785 est,
1244 1741 1423 1793 rogatus
1449 1737 1702 1781 sententiam

218 1812 244 1839 a
267 1795 470 1843 Consule,
504 1793 796 1850 hujuscemodi
831 1794 966 1836 verba
1000 1793 1174 1836 locutus
1203 1801 1295 1836 est:
1332 1801 1361 1820 ‘⁶
1388 1794 1548 1838 Omnes
1568 1795 1703 1841 homi-

220 1861 249 1881 “
272 1855 387 1904 nes‚’'
407 1852 626 1896 eta-Ea:
648 1852 825 1921 Sallust.
852 1851 944 1894 Cat.
972 1867 1005 1895 c.
1031 1852 1103 1894 51.

265 1990 268 1992 ,
350 1955 404 1987 Cf.
421 1957 462 1987 de
486 1954 549 1987 hac
571 1954 726 1987 oratione
742 1960 775 1984 et
791 1953 880 1985 Plut.
903 1953 936 1985 in
951 1953 1038 1984 Caes.
1056 1963 1086 1984 c.
1106 1953 1137 1983 7.
1154 1959 1187 1984 et
1205 1952 1290 1984 Joh.
1306 1951 1472 1986 Sarisber.
1489 1953 1523 1986 in
1540 1953 1697 1996 policrat.

300 2004 331 2039 5,
352 2003 403 2031 12.

369 2084 453 2129 DE
489 2085 539 2127 C.
574 2082 743 2127 JULII
778 2080 1060 2126 CAESARIS
1097 2079 1536 2127 ORATIONIBUS

740 2155 1158 2200 TESTIMONIA.

219 2262 327 2307 TUM
353 2263 542 2306 Brutus:
588 2259 816 2303 Orationes
838 2257 1012 2316 quidem
1031 2257 1120 2314 ejus
1150 2254 1254 2298 mihi
1289 2255 1567 2301 vehementer
1593 2273 1694 2317 pro-

212 2324 391 2372 bantur,
414 2320 659 2380 complures
678 2326 824 2361 autem
845 2316 931 2375 legi
955 2314 1175 2359 etc—Ea:
1197 2314 1283 2358 Cic.
1319 2315 1370 2359 z'n
1382 2315 1541 2368 Bruto,
1564 2331 1599 2360 0.
1617 2317 1688 2362 75.

272 2439 504 2482 Orationes
521 2435 686 2494 aliquas
705 2434 897 2492 reliquit,
914 2433 1027 2475 inter
1038 2447 1143 2490 quas
1154 2439 1315 2474 temere
1330 2431 1527 2489 quaedam
1544 2433 1692 2476 ferun-

212 2506 303 2548 tur,
336 2505 387 2539 ut
416 2511 501 2553 pro
525 2495 576 2544 Q.
593 2494 788 2545 NIetello,
822 2508 955 2551 quam
976 2507 1061 2534 non
1081 2490 1280 2533 inmerito
1301 2490 1529 2549 Augustus
1548 2492 1691 2535 existi-

212 2565 306 2599 mat
331 2555 467 2614 magis
483 2555 539 2597 ab
560 2553 763 2596 actuariis
779 2553 1025 2609 exceptam,
1046 2550 1156 2592 male
1177 2549 1538 2607 subsequentibus
1554 2551 1691 2594 verba

212 2615 410 2664 dicentis,
431 2628 562 2671 quam
583 2613 640 2655 ab
661 2612 754 2669 ipso
782 2610 956 2652 editam.
979 2624 1079 2651 nam
1110 2609 1154 2651 in
1182 2607 1440 2664 quibusdam
1472 2609 1689 2666 exempla-

212 2674 335 2717 ribus
356 2672 527 2715 invenio
548 2686 600 2713 ne
630 2669 881 2726 inscriptam
911 2667 1087 2726 quidem
1114 2681 1198 2723 pro
1227 2665 1424 2718 Metello,
1447 2666 1520 2708 sed
1556 2681 1687 2723 quam

213 2731 387 2790 scripsit
406 2729 607 2782 Metello,
628 2744 765 2787 quum
785 2743 838 2769 ex
856 2742 1039 2785 persona
1066 2724 1246 2768 Caesaris
1265 2739 1402 2766 sermo
1423 2725 1495 2773 sit,
1527 2724 1687 2770 Metel-

211 2791 303 2836 lum
323 2806 456 2850 seque
471 2788 676 2833 adversus
695 2786 985 2831 communium
1004 2785 1351 2828 obtrectatorum
1371 2783 1687 2830 criminationes

761 2896 784 2920 ³¹⁶
809 2898 900 2931 Alias
922 2893 1121 2929 commodis.
