1992 3271
243 270 302 318 36
651 270 735 316 DE
765 270 967 317 BELLO
1001 268 1294 319 GALLICO.

240 399 525 457 Posteaquam
554 397 598 441 in
618 398 774 458 volgus
793 400 977 444 militum
1007 401 1168 444 elatum
1189 411 1266 451 est,
1290 416 1377 459 qua
1395 399 1647 459 adrogantia
1666 400 1710 443 in

237 458 470 515 conloquio
492 457 735 501 Ariovistus
756 475 856 502 usus
888 460 1002 503 omni
1026 460 1170 502 Gallia
1191 459 1392 503 Romanis
1412 459 1712 508 interdixisset,

238 517 521 574 inpetumque
552 516 595 559 in
629 525 795 560 nostros
825 519 915 577 ejus
947 519 1112 576 equites
1140 519 1333 561 fecissent
1353 534 1488 576 eaque
1520 534 1585 560 res
1612 533 1710 560 con-

238 574 439 631 loquium
476 582 526 617 ut
560 575 813 618 diremisset:
857 577 995 620 multo
1031 578 1166 635 major
1205 577 1400 620 alacritas
1437 576 1714 635 studiumque

236 632 461 691 pugnandi
481 633 617 691 majus
635 635 825 677 exercitu
844 635 1046 694 injectum
1065 645 1142 678 est.

297 691 371 733 47.
406 690 546 736 Biduo
568 701 665 749 post
687 693 930 736 Ariovistus
949 695 1002 737 ad
1023 694 1233 737 Caesarem
1251 693 1415 752 legatos
1435 695 1585 743 mittit,
1603 692 1714 736 velle

238 763 284 791 se
315 748 370 791 de
392 747 454 791 his
483 750 628 800 rebus,
663 767 761 808 quae
791 753 903 795 inter
929 769 999 795 eos
1034 752 1105 810 agi
1135 762 1302 810 coeptae,
1343 769 1482 811 neque
1515 752 1716 811 perfectae

236 815 393 858 essent,
419 824 547 866 agere
573 825 672 851 cum
691 825 766 853 eo:
808 811 873 853 uti
893 820 970 854 aut
990 811 1147 854 iterum
1177 812 1407 870 conloquio
1430 811 1542 854 diem
1562 809 1717 853 consti-

238 873 408 916 tueret3
438 875 531 916 aut,
561 867 595 909 si
622 868 665 910 id
691 869 829 911 minus
849 869 994 920 vellet,
1028 886 1080 912 ex
1100 870 1184 912 suis
1204 870 1376 928 Legatis
1394 870 1580 927 aliquem
1599 868 1653 911 ad
1672 883 1716 909 se

236 923 447 967 mitteret.
498 926 799 985 Conloquendi
817 928 974 971 Caesari
992 944 1136 971 caussa
1152 928 1240 971 visa
1258 945 1342 972 non
1359 938 1422 971 est
1439 937 1483 970 et
1499 944 1550 970 eo
1567 926 1716 984 magis,

236 982 359 1039 quod
393 983 531 1042 pridie
561 985 652 1043 ejus
668 985 752 1027 diei
775 987 977 1030 Germani
999 987 1172 1030 retineri
1192 1003 1276 1030 non
1298 995 1514 1045 poterant,
1546 986 1651 1044 quin
1672 983 1718 1026 in

236 1049 408 1085 nostros
440 1042 526 1085 tela
556 1043 827 1101 conjicerent.
890 1045 1103 1104 Legatum
1135 1062 1187 1088 ex
1214 1046 1298 1087 suis
1327 1062 1412 1088 sese
1431 1060 1586 1102 magno
1617 1058 1715 1086 cum

236 1100 434 1157 periculo
464 1101 519 1144 ad
549 1118 649 1143 eum
678 1102 905 1146 missu'rum
941 1113 985 1147 et
1016 1103 1257 1146 hominibus
1293 1104 1391 1146 feris
1423 1103 1712 1160 objecturum,

234 1158 524 1202 existimabat.
586 1160 984 1204 Commodissimum
1004 1163 1140 1204 visum
1161 1172 1238 1211 est,
1277 1162 1328 1204 C.
1355 1161 1577 1204 Valerium
1610 1161 1713 1202 Pro-

237 1215 403 1267 cillum,
426 1218 479 1260 C.
504 1217 665 1261 Valerii
689 1219 855 1262 Caburi
886 1220 1036 1270 filium,
1074 1235 1237 1262 summa
1266 1221 1429 1262 virtute
1460 1229 1504 1261 et
1524 1219 1715 1260 humani-

235 1281 330 1317 tate
349 1275 673 1327 adolescentem,
707 1278 847 1335 (cujus
875 1287 998 1334 pater
1029 1293 1054 1320 a
1085 1279 1136 1320 C.
1164 1278 1337 1321 Valerio
1360 1278 1515 1320 Flacco
1542 1277 1716 1319 civitate

234 1332 422 1376 donatus
456 1337 568 1391 erat)
607 1344 652 1377 et
686 1344 867 1392 propter
901 1335 1026 1377 fidem
1060 1345 1103 1378 et
1137 1345 1317 1394 propter
1348 1336 1506 1393 linguae
1538 1335 1716 1377 Gallicae

233 1391 469 1442 scientiam,
501 1409 589 1450 qua
620 1394 755 1434 multa
779 1393 866 1450 jam
888 1393 1132 1436 Ariovistus
1155 1394 1391 1452 longinqua
1412 1393 1716 1436 consuetudine

235 1449 462 1500 utebatur,
484 1460 528 1492 et
549 1450 667 1507 quod
700 1450 741 1492 in
766 1466 816 1493 eo
850 1451 1050 1507 peccandi
1080 1453 1303 1495 Germanis
1324 1468 1467 1495 caussa
1488 1468 1572 1494 non
1593 1460 1714 1501 esset,

233 1507 292 1549 ad
311 1522 411 1550 eum
431 1509 618 1556 mittere,
651 1517 695 1551 et
719 1509 785 1550 Μ.
812 1509 1036 1559 Mettium,
1071 1511 1148 1568 qui
1177 1510 1362 1569 hospitio
1385 1510 1592 1553 Ariovisti
1617 1526 1717 1552 usus

233 1574 344 1608 erat.
397 1566 477 1608 His
497 1567 729 1616 mandavit,
752 1575 818 1616 ut,
840 1583 937 1625 quae
952 1568 1112 1611 diceret
1135 1570 1393 1619 Ariovistus,
1413 1577 1716 1627 cognoscerent

233 1632 280 1666 et
299 1624 354 1666 ad
372 1639 414 1666 se
433 1625 656 1667 referrent.
721 1625 841 1674 Quos
862 1641 998 1682 quum
1031 1628 1150 1684 apud
1170 1644 1212 1669 se
1240 1628 1282 1670 in
1303 1629 1450 1670 castris
1473 1627 1716 1669 Ariovistus

230 1683 535 1740 conspexisset,
556 1682 748 1740 exercitu
769 1700 846 1726 suo
867 1693 1087 1742 praesente,
1116 1685 1417 1729 conclamavit:
1465 1685 1581 1735 Quid
1601 1685 1654 1726 ad
1675 1701 1716 1726 se

235 1741 460 1784 venirent?
511 1742 582 1783 An
602 1741 849 1800 speculandi
870 1747 1041 1786 caussa?
1101 1745 1308 1789 Conantis
1328 1745 1468 1787 dicere
1490 1743 1716 1802 prohibuit

233 1807 282 1841 et
302 1799 345 1842 in
367 1807 534 1841 catenas
555 1799 749 1857 conjecit.

216 1872 219 1874 ·
294 1858 366 1900 48.
399 1857 564 1900 Eodem
595 1858 662 1901 die
690 1867 829 1901 castra
862 1859 1080 1918 promovit
1108 1868 1152 1901 et
1184 1860 1355 1902 milibus
1378 1876 1578 1918 passuum
1599 1876 1669 1902 sex
1690 1875 1717 1902 a

233 1915 414 1958 Caesaris
430 1915 578 1958 castris
597 1917 678 1959 sub
695 1927 840 1960 monte
856 1919 1058 1961 consedit.
1121 1917 1330 1961 Postridie
1351 1920 1440 1975 ejus
1457 1918 1539 1961 diei
1557 1928 1716 1976 praeter

235 1982 375 2017 castra
413 1975 590 2017 Caesaris
630 1991 724 2017 suas
761 1976 906 2034 copias
946 1976 1188 2020 transduxit
1225 1986 1268 2019 et
1306 1977 1477 2019 milibus
1515 1992 1715 2035 passuum

234 2032 407 2076 duobus
428 2033 546 2076 ultra
566 2049 662 2076 eum
686 2043 824 2077 castra
843 2035 957 2084 fecit,
979 2052 1030 2078 eo
1052 2035 1246 2084 concilio,
1278 2036 1342 2077 uti
1365 2037 1582 2078 frumento
1604 2051 1716 2078 com-

233 2099 483 2148 meatuque,
506 2091 580 2148 qui
602 2108 653 2134 ex
675 2093 883 2150 Sequanis
903 2103 946 2136 et
966 2094 1115 2136 AEduis
1135 2093 1486 2152 subportaretur,
1507 2094 1716 2137 Caesarem

232 2149 555 2191 intercluderet.
618 2150 685 2192 Ex
720 2167 770 2193 eo
804 2152 871 2194 die
900 2152 988 2195 dies
1009 2153 1232 2195 continuos
1253 2153 1446 2211 quinque.
1469 2153 1611 2195 Caesar
1633 2168 1715 2210 pro

236 2207 387 2250 castris
414 2223 509 2250 suas
543 2208 686 2267 copias
718 2210 924 2267 produxit
955 2219 1001 2253 et
1020 2211 1154 2253 aciem
1175 2211 1427 2254 instructam
1457 2210 1625 2260 habuit,
1648 2219 1714 2259 ut,

284 2319 422 2353 Elatum
440 2323 495 2350 est.
519 2318 604 2350 bene
627 2317 676 2350 sic
693 2320 792 2351 codd.
814 2327 847 2352 et
870 2322 947 2353 edd.
1012 2322 1061 2354 ibi
1080 2321 1197 2354 habuit
1215 2333 1404 2363 praenomen
1425 2325 1507 2361 Caii,
1524 2334 1588 2354 non
1606 2330 1717 2364 potest

235 2368 306 2394 vet.
340 2362 395 2393 Sic
410 2370 443 2395 et
455 2362 567 2394 Tacit.
584 2363 946 2400 12,21.aliirelatum.
1011 2366 1066 2397 hic
1096 2377 1284 2407 cognomen
1316 2369 1426 2399 ,Μηνᾶ
1454 2367 1588 2405 habere,
1616 2373 1651 2398 ut
1682 2366 1717 2397 in

235 2407 393 2439 delatum.
1011 2411 1178 2451 memphim
1193 2411 1249 2442 Gr.
1273 2418 1305 2442 et
1325 2412 1400 2441 edd.
1415 2410 1615 2451 quibusdam
1633 2409 1716 2450 legi-

293 2451 332 2482 Ut
357 2451 543 2482 diremisset.
589 2451 627 2481 To*
652 2456 688 2483 ‘ut
716 2461 757 2482 ex
781 2452 856 2483 edd.
880 2459 948 2484 vet.
1012 2460 1080 2485 tur:
1113 2464 1221 2495 neque
1247 2454 1397 2486 diversos
1424 2454 1578 2485 homines
1601 2454 1717 2488 fuisse.

235 2493 369 2525 addidit
383 2493 501 2525 Davis.
532 2492 689 2525 Clarkius
705 2495 857 2535 putabat.
871 2503 947 2527 ante
1012 2509 1061 2529 res
1079 2497 1153 2538 ipsa
1169 2498 1326 2531 declax-at.
1348 2497 1411 2529 etsi
1429 2509 1526 2529 secus
1542 2498 1652 2529 visum
1668 2504 1716 2528 est

229 2539 380 2579 secc'ssent
394 2538 599 2579 ponendum.
638 2537 780 2570 Oud.ex
793 2542 824 2570 vi
839 2546 947 2571 ortum
1012 2541 1212 2575 Ciacconio.
1244 2541 1288 2572 ita
1319 2549 1441 2574 tamen.
1465 2548 1499 2572 ut
1530 2541 1715 2573 fluctuaret.

237 2586 276 2612 ut
312 2581 465 2623 conjicit.
524 2580 644 2613 Celsus
678 2581 811 2624 quippe
848 2583 949 2615 habet
1012 2584 1390 2616 1x=10nue1·untDavis.et
1408 2585 1627 2626 Oudendorp.
1646 2586 1695 2615 M.

235 2626 363 2666 inpetu.
1059 2629 1268 2669 Lonqinqua.
1283 2630 1358 2659 odd.
1376 2628 1519 2660 Mediol.
1538 2629 1622 2660 Ven.
1638 2628 1716 2659 aliae

290 2668 451 2710 Injeclum
474 2673 530 2699 ext.
576 2668 665 2706 Quia
697 2668 730 2700 in
756 2668 874 2701 Gra‘co
901 2677 950 2702 est
1009 2673 1120 2712 Ιηηῃη.
1165 2671 1326 2703 Ciaccon.
1354 2672 1494 2714 conjicit
1515 2673 1613 2712 longa
1626 2675 1715 2712 jam.

238 2710 333 2750 ἓνξφυ,
356 2711 475 2743 WVasse
495 2713 538 2744 ad
556 2711 691 2744 Sallust.
716 2723 750 2753 p.
769 2714 844 2744 398.
867 2724 949 2745 con·
1009 2717 1220 2756 lonqinquam
1245 2720 1344 2747 vitam
1366 2715 1450 2747 dicit
1475 2717 1612 2747 Plautus
1638 2715 1717 2745 Mil.

237 2754 318 2796 jicit
333 2754 496 2797 scriptum
510 2755 615 2788 fuisse
628 2758 782 2788 innatum
792 2763 848 2789 est.
1013 2761 1044 2793 5³,
1066 2761 1092 2793 1,
1115 2761 1184 2790 136.
1207 2761 1329 2791 dolores
1342 2761 1534 2801 lonyiaeiquos
1549 2758 1623 2789 Cic.
1641 2758 1715 2789 Fin.

291 2798 432 2840 Leqatis.
476 2799 619 2831 Dubitat
646 2799 818 2834 Davisius,
839 2806 950 2832 utrum
1009 2806 1041 2839 2,
1059 2805 1112 2833 29.

242 2838 312 2872 hoc
343 2841 484 2873 verbum
522 2850 691 2883 praeeunte
725 2843 950 2884 metaphraste
1059 2847 1288 2879 Conclamat-it.
1326 2848 1371 2878 Ita
1388 2847 1486 2878 codd.
1526 2845 1587 2876 Sed
1602 2845 1717 2885 vulg-g.

242 2884 363 2916 Graeco
392 2885 629 2926 omittendum,
660 2897 702 2919 an
742 2887 776 2919 in
803 2889 950 2930 leqatum
1011 2890 1173 2927 clamat-ie,
1195 2890 1291 2931 quasi
1315 2901 1382 2922 non
1408 2897 1522 2931 posset
1545 2899 1630 2920 unus
1646 2888 1716 2919 dici

240 2929 439 2960 mutandum
455 2928 511 2960 sit.
536 2931 585 2961 M.
1009 2935 1224 2964 conclamare.
1248 2935 1298 2965 M.
1343 2934 1395 2965 Cf.
1418 2934 1552 2965 Servius
1573 2933 1615 2963 ad
1640 2933 1716 2963 Ᾱῦη.

288 2972 458 3005 Poterant.
479 2971 560 3011 Leg.
575 2979 758 3014 potueram.
783 2974 833 3006 M.
1014 2979 1045 3011 3,
1063 2977 1138 3007 523.
1159 2976 1199 3008 V.
1215 2983 1246 3010 et
1268 2978 1342 3011 :En-
1359 2979 1390 3017 6,
1406 2980 1481 3011 259.
1511 2975 1613 3010 Ovid.
1631 2975 1715 3008 Met.

290 3017 333 3050 C.
355 3016 463 3052 ναῖεν·
498 3014 552 3050 Cf.
567 3018 664 3050 c-19.
679 3023 713 3052 et
728 3020 783 3051 53.
820 3017 854 3052 Si
871 3029 949 3061 ergo
1012 3021 1045 3058 4,
1070 3021 1146 3053 690.
