1946 3261
418 543 928 618 G.JUL11
1008 527 1585 621 OAESARIS

718 722 1300 781 COMMENTARII

489 926 499 934 .,
550 873 663 926 DE
705 855 999 926 BELLo
1044 875 1463 932 GALLICO,

737 1188 925 1234 LIBER
969 1191 1275 1243 QUINTUS.

827 1344 1176 1373 ARGUMENTUM.

261 1391 290 1426 1.
314 1389 528 1425 Exrnnrrm
552 1401 727 1426 securum
747 1394 919 1428 CAESARIS
947 1406 984 1429 m
1009 1397 1400 1440 BR¹TANN1AM.--C'ap.
1419 1396 1449 1428 1.
1473 1395 1661 1438 Adparatu·
1682 1403 1744 1428 na·

302 1435 408 1468 vium.
442 1436 504 1468 iter
534 1436 678 1470 Caesaris
708 1438 739 1470 in
773 1439 957 1480 Illyricum.
1004 1441 1144 1473 Pacatio
1178 1441 1396 1474 Pirustarum.
1442 1443 1540 1473 2—8.
1571 1440 1743 1472 Adventus

304 1479 448 1512 Caesaris
473 1481 505 1512 in
529 1481 651 1514 Gallia.
676 1484 910 1516 contentiones
933 1485 1149 1517 Trevirorum
1173 1486 1389 1528 compositae.
1436 1484 1623 1517 Dumnorix
1640 1484 1743 1516 inter·

300 1523 422 1556 fectus.
462 1525 524 1557 iter
555 1526 586 1557 in
620 1527 835 1559 Britanniam.
881 1531 913 1559 9.
938 1529 1086 1562 Britanni
1119 1530 1237 1571 fugati.
1289 1532 1338 1569 10,
1363 1532 1413 1561 ll.
1445 1529 1571 1562 Classis
1600 1528 1741 1560 Caesaris

300 1573 501 1609 tempestate
517 1570 653 1602 adflicta
673 1577 706 1602 ct
722 1578 883 1612 reparata.
934 1575 1073 1605 12—14.
1098 1574 1277 1606 Britanniae
1295 1580 1328 1605 et
1345 1574 1529 1606 incolarum
1546 1572 1742 1614 descriptio.

303 1614 442 1643 15—22.
458 1613 731 1647 Cassivellaunus
743 1616 975 1648 Britannorum
989 1619 1056 1649 dux
1075 1625 1150 1660 post
1164 1619 1275 1650 varios
1285 1629 1381 1649 casus
1393 1618 1565 1649 subactus.
1587 1615 1743 1649 transitus

301 1654 447 1687 Caesaris
463 1668 522 1698 per
537 1658 707 1690 Tamesin.
751 1659 1008 1692 Trinobantinm
1025 1668 1059 1694 et
1075 1662 1304 1704 complurium
1320 1662 1495 1694 civitatum
1511 1660 1651 1694 deditio.
1688 1662 1742 1692 23.

305 1700 450 1732 Reditus
463 1701 602 1743 Caesaris
621 1702 653 1734 in
669 1703 828 1735 Galliam.

257 1742 301 1776 11.
326 1744 483 1777 Beuum
501 1747 877 1790 Annion1o1s.—Cap.
893 1751 947 1783 24,
963 1753 1017 1781 25.
1043 1750 1218 1782 Exercitus
1239 1752 1411 1782 Romanus
1433 1755 1569 1792 propter
1583 1749 1742 1781 frumenti

303 1787 453 1830 inopiam
474 1790 575 1822 latius
598 1791 811 1824 distributus.
856 1792 1038 1831 Tasgetius
1063 1795 1269 1827 interfectus.
1315 1797 1457 1826 26—37.
1484 1793 1694 1835 Ambiorigis
1710 1798 1745 1824 et

302 1831 469 1864 Cativolci
487 1834 648 1866 defectio.
677 1843 784 1868 castra
802 1836 846 1874 Q.
862 1837 985 1869 Titurii
1003 1838 1119 1870 Sabini
1139 1839 1253 1877 Legati
1271 1839 1480 1881 obpugnata.
1508 1840 1742 1870 Romanorum

300 1877 487 1917 calamitas,
511 1879 638 1910 relictis
660 1880 790 1912 castris.
838 1883 980 1913 38—43.
1006 1883 1159 1915 lliberna
1186 1884 1228 1921 Q.
1245 1883 1423 1915 Ciceronis
1443 1883 1487 1915 ab
1513 1881 1743 1919 Eburonibus,

297 1921 464 1963 adjunctis
488 1922 634 1961 Nerviis,
656 1924 861 1966 obpugnata.
890 1927 1076 1958 constantia
1103 1927 1146 1965 Q.
1164 1927 1351 1959 Ciceronis.
1396 1930 1449 1959 4⁴.
1475 1926 1621 1968 Egregia
1637 1926 1742 1957 virtus

300 1963 342 1996 Τ.
360 1965 530 1998 Pulsionis
545 1973 578 1999 et
593 1967 633 1998 L.
653 1969 786 2000 Vareni.
833 1972 973 2002 45—52.
1000 1970 1144 2002 Obsidio
1159 1973 1304 2004 adventu
1322 1971 1466 2003 Caesaris
1481 1971 1602 2002 soluta.
1628 1970 1742 2011 Belga.»

298 2007 392 2041 victi.
440 2014 493 2045 53.
511 2012 564 2042 54.
592 2012 763 2054 Receptus
788 2014 1005 2046 Indutiomari
1034 2015 1066 2047 in
1091 2016 1262 2053 Treviros,
1287 2015 1413 2047 omissa
1428 2014 1683 2056 obpugnatione
1698 2013 1741 2045 T.

299 2052 455 2086 Labieni.
480 2055 621 2087 hiberna
632 2056 786 2088 Caesaris.
810 2064 923 2089 motus
941 2059 972 2089 in
988 2059 1081 2091 omni
1099 2061 1168 2091 sere
1177 2060 1298 2099 Gallia,
1314 2059 1479 2101 inprimis
1494 2059 1526 2090 in
1538 2058 1743 2090 Senonibus.

260 2095 320 2128 111.
344 2096 478 2130 Mo'rus
495 2099 749 2132 Tnavmomm
769 2105 1123 2146 coumzmsn—Cap.
1141 2110 1194 2142 55,
1211 2107 1263 2135 56.
1288 2103 1404 2135 Motus
1426 2104 1459 2135 in
1476 2102 1638 2135 Treviris.
1660 2102 1743 2134 Ger-

300 2150 476 2174 manorum
502 2145 711 2176 sollicitatio.
744 2146 939 2187 Cingetorix
967 2146 1075 2179 hostis
1091 2148 1275 2189 judicatus.
1321 2150 1374 2179 57.
1397 2147 1532 2181 Munita
1551 2153 1659 2179 castra
1678 2145 1743 2178 IA-

302 2184 407 2217 bieni.
453 2190 506 2219 58.
528 2187 727 2221 interfectus
743 2190 1002 2223 Indutiomarus.
1026 2192 1136 2224 Gallia
1151 2192 1309 2234 quietior.

255 2260 482 2325 LUCIO
517 2284 729 2333 Domitio,
771 2286 925 2345 Appio
965 2287 1167 2338 Claudio,
1199 2303 1303 2331 coss.
1337 2285 1555 2329 discedens
1593 2285 1650 2329 ab
1680 2283 1742 2327 hi-

253 2340 401 2384 bernis
444 2342 589 2385 Caesar
631 2345 674 2386 in
714 2344 903 2394 Italiam,
947 2355 996 2389 ut
1038 2347 1270 2405 quotannis
1312 2345 1453 2389 facere
1494 2353 1741 2393 consuerat,

255 2399 433 2457 Legatis
452 2401 656 2460 imperat,
680 2419 789 2460 quos
811 2405 1055 2462 legionibus
1075 2406 1346 2464 praefecerat,
1367 2405 1448 2454 uti,
1470 2403 1742 2463 quampluri-

251 2474 342 2501 mas
365 2469 556 2518 possent,
592 2461 729 2505 hieme
763 2477 889 2506 naves
922 2463 1191 2508 aedificandas
1214 2473 1470 2522 veteresque
1492 2461 1740 2506 reficiendas

252 2528 471 2562 curarent.
526 2520 692 2564 Earum
713 2522 884 2564 modum
908 2523 1178 2582 formamque
1199 2523 1480 2566 demonstrat.
1535 2521 1608 2564 Ad
1630 2520 1739 2564 cele-

250 2577 429 2621 ritatem
467 2580 675 2623 onerandi
711 2580 1104 2641 subductionesque
1144 2582 1293 2642 paullo
1331 2582 1434 2625 facit
1472 2580 1740 2630 humiliores,

253 2651 387 2694 quam
420 2638 581 2696 quibus
609 2639 653 2682 in
686 2648 835 2683 nostro
869 2641 974 2683 mari
1006 2643 1072 2686 uti
1104 2641 1422 2690 consuevimus3
1452 2649 1586 2700 atque
1615 2638 1660 2681 id
1686 2653 1739 2681 eo

303 2764 343 2795 L.
363 2767 463 2798 Dom.
482 2768 543 2809 Ap.
563 2767 613 2800 cl.
633 2768 721 2801 Coss.
766 2767 826 2800 Est
853 2779 960 2803 annus
1032 2771 1133 2804 conio
1165 2770 1360 2802 indicatam.
1393 2770 1443 2802 M.
1501 2767 1742 2800 Subductiovoes

259 2807 299 2838 P.
314 2808 355 2839 U.
373 2810 411 2841 C,
430 2812 506 2843 700.
532 2813 581 2843 M,
1033 2822 1110 2848 sunt
1125 2816 1306 2847 tractiones
1319 2825 1339 2846 e
1354 2814 1441 2846 mari
1455 2812 1488 2845 in
1506 2818 1639 2844 terram.
1685 2810 1740 2842 Cf.

309 2852 456 2891 Italiam,
483 2855 548 2886 i.e.
577 2856 723 2889 Galliam
748 2858 961 2899 provinciam
1033 2872 1064 2892 c.
1085 2861 1133 2891 ll·
1562 2898 1568 2904 .

254 2903 284 2926 s.
301 2893 509 2929 citeriorem.
536 2900 586 2931 M.
1081 2905 1124 2935 In
1139 2910 1249 2935 vw-‘h‘o
1265 2906 1368 2941 marl,-
1392 2901 1415 2933 i·
1428 2912 1458 2932 e·
1480 2900 1740 2932 medstetmnem

306 2940 496 2973 Comum-at.
510 2944 554 2974 al.
571 2947 770 2984 metituerat,
787 2951 823 2977 ut
839 2948 870 2984 G,
884 2948 937 2979 44.
1036 2947 1117 2979 Vid·
1133 2948 1228 2980 Mela
1249 2950 1277 2985 l,
1299 2949 1325 2977 Ῑ·
1350 2947 1400 2978 M·
1423 2950 1456 2976 et
1475 2948 1508 2980 9*
1529 2945 1555 2974 ¹·
1602 2944 1739 2985 P‘aepo‘

270 3024 276 3030 ·
303 2983 554 3032 διιὶηἰιιςιίοηρς.
591 2988 666 3020 Non
684 2990 872 3031 spreverim
889 2991 961 3023 lec-
1032 2992 1192 3026 sitionem
1208 2994 1244 3025 in
1259 2992 1388 3024 addunt
1403 2989 1488 3022 codd
1505 2994 1540 3021 et
1553 2987 1630 3020 edd·
1645 2992 1710 3020 vet·

253 3030 383 3061 tionem
393 3028 509 3069 aliam,
517 3032 818 3078 ειώιίιιεέὶοηὶεᾳιιθ,
828 3045 849 3069 a
860 3035 961 3069 Ciae‘
