1946 3261
241 473 695 531 MANTISSA
754 473 1521 532 OBSERVATIONUM

442 678 542 726 AD
583 677 877 727 BELLUM
921 673 1313 726 GALLICUM.

792 866 964 876 ——-

140 1018 178 1068 l,
208 1019 240 1061 1.
279 1003 444 1076 QUAE'
464 1020 604 1063 estad
626 1019 909 1077 Hispaniam.
973 1019 1001 1062 J
1008 1018 1188 1070 minius,
1220 1032 1314 1076 quoe
1343 1017 1486 1063 adluit
1516 1018 1622 1061 His-

185 1083 388 1135 paniam.
421 1079 532 1122 citra
552 1080 859 1122 necessitatem.

138 1135 176 1187 l,
199 1138 242 1180 8.
279 1138 356 1198 qui
376 1139 600 1196 z‘nflumen
622 1139 885 1181 Rhodanum
904 1136 1069 1194 influit.
1146 1136 1228 1179 Vel
1262 1153 1348 1194 qua
1377 1137 1446 1180 hie
1478 1138 1622 1196 legen-

191 1196 315 1248 dum,
330 1198 399 1240 vel
421 1198 500 1255 quz'
510 1213 561 1239 eo
578 1213 701 1240 sensu
721 1196 1036 1254 accipiendum,
1052 1212 1227 1253 prorsus
1246 1197 1347 1239 mihi
1366 1197 1622 1256 persuadeo.

192 1256 334 1300 Nihili
351 1264 415 1298 est
432 1255 676 1298 emendatio
690 1255 914 1313 proposita
929 1270 953 1296 a
972 1254 1180 1297 Rhenano
1193 1265 1236 1298 et
1249 1264 1423 1314 recepta
1438 1256 1495 1298 ab
1511 1256 1623 1306 aliis,

190 1315 493 1373 quemflumen
514 1314 775 1356 Rhodanum
794 1313 958 1369 z'nfluz't.
1022 1313 1253 1356 Falluntur
1267 1323 1424 1364 tamen,
1447 1314 1523 1373 qui
1531 1315 1623 1371 flu-

189 1389 288 1417 men
303 1374 567 1416 Rhodanum
583 1371 830 1415 nominandi
851 1387 949 1414 casu
971 1371 1053 1414 dici
1071 1388 1154 1415 non
1178 1389 1298 1432 posse
1313 1374 1483 1417 volunt.
1548 1374 1624 1416 Sic

189 1433 303 1476 enim
319 1442 363 1476 et
389 1431 600 1475 Horatius
624 1431 666 1473 in
684 1432 793 1473 Arte
816 1440 933 1489 poet.
959 1447 1000 1472 v.
1030 1431 1095 1474 18.
1108 1432 1281 1489 flumen
1298 1432 1494 1475 Rhenum
1517 1432 1625 1475 dicit

191 1501 237 1534 et
260 1491 345 1534 Od.
370 1490 414 1542 4,
436 1491 480 1540 4,
503 1490 574 1533 38.
597 1491 771 1547 flumen
803 1490 1071 1532 Metaurum.
1159 1491 1322 1533 Verum
1355 1491 1421 1534 hic
1444 1507 1531 1534 non
1561 1499 1626 1534 est

189 1551 253 1594 his
272 1551 405 1594 locus.

188 1628 260 1671 De
281 1627 418 1670 Maro
441 1626 622 1669 Caesarz's
642 1626 769 1669 <lucto
788 1642 814 1668 a
833 1626 931 1671 lacu
953 1626 1180 1670 Lemanno
1199 1628 1256 1670 acl
1268 1627 1303 1669 J
1307 1642 1445 1670 uram.
1481 1627 1627 1671 Cardo

131 1686 193 1730 rei
214 1695 415 1730 versatur
432 1686 474 1727 in
487 1685 739 1744 quaestione,
758 1702 897 1743 prope
918 1687 1155 1739 Genevam‚
1169 1703 1223 1729 an
1241 1687 1392 1744 paullo
1409 1687 1624 1745 superius,

129 1745 288 1788 ductus
308 1746 362 1787 sit
383 1761 544 1787 murus.
611 1742 709 1786 Hoc
742 1746 958 1801 posterius
990 1746 1155 1802 placuit
1188 1746 1354 1804 Sponio
1377 1746 1419 1787 in
1442 1745 1623 1788 histoire

129 1804 184 1846 de
206 1803 376 1847 Geneve
398 1803 448 1845 L.
476 1804 513 1845 1.
538 1803 614 1844 ubi
632 1803 745 1844 muri
765 1804 855 1861 ejus
869 1803 1030 1845 rudera
1045 1819 1265 1860 superesse
1286 1803 1489 1861 perhibet
1508 1805 1624 1848 inter

130 1863 297 1922 Gingin
319 1878 458 1921 prope
490 1861 773 1904 Noiodunum
807 1860 985 1919 (Nyon)
1008 1869 1053 1903 et
1074 1861 1231 1905 lacum.
1297 1863 1463 1905 Contra
1497 1863 1620 1907 Buti-

128 1939 226 1972 nus,
257 1922 447 1965 medicus
469 1920 745 1969 Genevensis,
766 1921 810 1963 in
831 1919 1133 1963 dissertatione
1153 1935 1228 1963 ..sur
1247 1921 1287 1963 le
1311 1921 1415 1973 lieu,
1440 1937 1495 1965 ou
1515 1937 1620 1979 pas-

128 1981 269 2024 soz'ent
288 1980 352 2022 les
371 1980 530 2037 ligne-5,
550 1994 631 2036 que
651 1978 687 2021 J
687 1979 778 2021 ulos
801 1979 934 2022 Cesar
943 1979 1144 2036 fitfaz're
1158 1982 1265 2036 prsis
1282 1980 1333 2021 cle
1350 1979 1519 2023 Geneve
1535 1991 1622 2026 etc.

129 2039 282 2083 addita
302 2048 420 2081 tomo
441 2038 627 2081 secundo
649 2038 792 2096 operis
815 2039 1022 2096 Sponiani
1045 2038 1164 2092 (edit.
1187 2039 1230 2080 4.
1250 2054 1290 2080 a.
1320 2039 1464 2096 1730.)
1489 2039 1620 2084 docet

128 2107 174 2142 et
214 2097 429 2140 schemate
469 2096 674 2139 inlustrat
704 2113 729 2138 a
762 2098 939 2140 Geneva
969 2097 1023 2140 ad
1057 2097 1237 2139 Clusam
1267 2097 1529 2155 perductum
1559 2100 1620 2143 sic

128 2173 307 2200 murum
326 2157 414 2199 sive
442 2157 672 2198 maceriam
703 2156 848 2215 potius
878 2156 949 2198 vel
979 2156 1162 2206 vallum,
1181 2165 1475 2214 montemque,
1498 2159 1616 2217 quod

128 2232 250 2259 eram
271 2215 528 2264 hariolatus,
550 2216 620 2257 cui
641 2231 795 2258 nomen
816 2215 941 2258 hodie
968 2216 1008 2257 le
1042 2214 1214 2266 lVachcss
1241 2215 1302 2258 cis
1336 2215 1615 2269 Rhodanum,

128 2283 224 2318 tum
258 2275 287 2317 J
292 2290 381 2317 urae
414 2282 584 2333 partem
623 2274 890 2317 constituisse
925 2275 1092 2317 statuit.
1139 2274 1252 2317 unde
1285 2291 1361 2318 nec
1394 2275 1490 2319 loco
1526 2293 1617 2321 mo-

128 2333 270 2377 venda
289 2334 441 2382 verba,
464 2333 582 2391 quod
603 2334 782 2391 quidam
801 2334 994 2383 voluere,
1027 2333 1104 2392 qui
1129 2334 1177 2389 (J
1181 2336 1280 2391 ura)
1304 2334 1422 2390 fines
1451 2335 1615 2393 Sequa-

129 2407 284 2436 norum
305 2393 358 2434 ab
381 2391 598 2435 Helvetiis
615 2392 785 2436 dividit.
838 2392 957 2435 Idem
975 2409 1107 2452 porro
1130 2393 1318 2435 Butinus
1338 2408 1423 2436 non
1438 2392 1614 2438 nimiam

128 2468 216 2494 esse
237 2451 480 2494 arbitratur
500 2451 817 2509 longitudinem
837 2453 980 2494 decem
1001 2467 1152 2495 novem
1172 2452 1359 2495 millium
1384 2467 1610 2509 passuum,

131 2527 228 2568 quae
263 2527 428 2553 summa
463 2510 522 2552 sic
562 2511 718 2553 Caesari
750 2511 1017 2554 restituenda
1047 2511 1236 2554 videtur.
1301 2511 1451 2554 Habet
1479 2513 1610 2555 etiam

133 2571 313 2612 Graecus
343 2570 559 2627 interpres
590 2578 762 2612 centum
791 2571 1111 2630 quinquaginta
1138 2570 1225 2613 duo
1252 2570 1407 2619 stadia,
1436 2587 1533 2629 quae
1553 2571 1609 2613 ad

126 2627 268 2670 decies
287 2628 432 2671 novies
461 2627 579 2671 mille
610 2644 757 2687 passus
784 2628 985 2674 redeunt.
1047 2630 1213 2673 Contra
1242 2629 1377 2672 codex
1409 2628 1531 2673 Leid.
1566 2631 1610 2686 l,

128 2703 213 2730 non
234 2686 310 2729 dat
331 2687 410 2729 nisi
430 2687 585 2730 decem.

129 2761 168 2812 1,
196 2762 262 2804 10.
295 2761 530 2814 Graioceli,
555 2762 779 2822 Polyaenus
807 2763 918 2823 8„2.
959 2763 1019 2806 rei
1049 2763 1258 2813 meminit,
1279 2764 1354 2807 sed
1376 2781 1606 2825 perperam

186 2821 338 2872 tradit,
363 2822 575 2865 Caesarem
593 2822 680 2865 sine
701 2837 850 2882 pugna
871 2823 1005 2882 Alpes
1023 2831 1352 2881 transgressum.
