1946 3261
657 228 777 272 LIB.
809 228 891 274 VI.
953 228 1092 273 CAP.
1129 228 1196 271 14.
1582 228 1661 272 143

191 355 220 376 ‘⁵
244 348 370 396 dunt.
436 355 497 400 Hi
527 364 647 400 certo
684 357 783 401 anni
806 366 1001 415 tempore
1033 355 1078 398 in
1098 355 1256 398 finibus
1279 353 1540 405 Carnutum,
1563 369 1662 412 quae

192 415 221 435 “
245 412 364 469 regio
393 416 529 459 totius
551 416 707 459 Galliae
727 416 866 460 media
896 415 1097 463 habetur,
1127 413 1353 457 considunt
1382 412 1425 456 in
1445 414 1542 458 loco
1563 429 1663 456 con-

191 474 219 494 “
242 482 425 517 secrato.
490 475 591 517 Huc
625 492 768 519 omnes
804 474 1009 532 undique,
1046 472 1122 530 qui
1155 473 1466 516 controversias
1485 472 1663 522 habent,

195 534 223 552 ‘⁶
248 535 508 576 conveniunt
536 549 771 593 eorumque
800 532 984 576 decretis
1008 531 1269 590 judiciisque
1292 540 1459 589 parent.
1523 532 1664 575 Disci-

195 593 223 612 “
248 588 368 646 plina
389 593 433 634 in
457 591 682 635 Britannia
704 602 878 651 reperta
898 600 1030 649 atque
1057 588 1154 632 inde
1181 590 1225 631 in
1249 590 1437 632 Galliam
1457 589 1666 634 translata

194 652 223 670 “
246 663 334 690 esse
355 651 645 693 existimatur:
679 661 724 694 et
745 668 874 701 nunc,
897 651 972 709 qui
992 648 1242 707 diligentius
1265 663 1356 690 eam
1378 664 1467 691 rem
1488 665 1665 708 cognos-

193 710 221 730 “
245 721 341 749 cere
359 709 528 758 volunt,
548 709 807 768 plerumque
823 711 898 753 illo
914 708 1103 753 discendi
1120 722 1267 750 caussa
1284 705 1634 764 proficiscuntur.

258 765 323 808 14.
359 775 387 794 ‘⁶
411 768 601 810 Druides
633 785 658 811 a
693 769 809 811 bello
840 769 983 812 abesse
1015 774 1293 815 consuerunt,
1326 781 1467 823 neque
1498 767 1668 810 tributa

194 827 224 846 ‘⁶
246 839 332 867 una
352 842 450 869 cum
468 827 648 885 reliquis
669 828 886 886 pendunt;
917 826 1081 870 militiae
1102 825 1370 868 vacationem
1390 825 1666 882 omniumque

193 885 223 906 ‘⁶
247 897 393 928 rerum
428 884 591 928 habent
622 886 938 930 inmunitatem.
1000 885 1150 928 Tantis
1182 883 1359 926 excitati
1390 883 1592 942 praemiis,
1623 893 1668 926 et

195 943 224 964 ‘⁶
248 959 324 986 sua
345 953 497 1002 sponte
517 944 645 987 multi
665 945 709 988 in
727 945 994 1004 disciplinam
1014 944 1291 992 conveniunt,
1310 952 1354 985 et
1371 959 1396 985 a
1414 942 1669 1001 parentibus

192 1003 221 1023 “
246 1003 592 1062 propinquisque
608 1004 858 1048 mittuntur.
909 1004 1124 1063 Magnum
1143 1002 1205 1045 ibi
1223 1018 1450 1045 numerum
1466 1017 1670 1045 versuum

193 1063 222 1083 “
245 1062 431 1104 ediscere
460 1062 685 1106 dicuntur:
721 1064 868 1122 itaque
895 1079 1027 1106 annos
1055 1061 1252 1105 nonnulli
1283 1061 1453 1104 vicenos
1484 1061 1528 1104 in
1547 1061 1669 1103 disci-

192 1123 222 1142 “
245 1120 365 1179 plina
399 1131 666 1180 permanent.
730 1124 889 1181 Neque
922 1123 983 1164 fas
1014 1138 1102 1164 esse
1135 1121 1396 1170 existimant,
1433 1136 1483 1162 ea
1512 1120 1669 1162 litteris

193 1183 222 1201 “
245 1180 462 1229 mandare,
485 1197 621 1238 quum
642 1181 685 1224 in
708 1182 886 1240 reliquis
908 1181 995 1224 fere
1021 1181 1167 1230 rebus,
1191 1179 1379 1239 publicis
1399 1179 1670 1237 privatisque

193 1242 222 1260 “
246 1239 501 1289 rationibus,
555 1241 719 1283 Graecis
772 1250 953 1283 utantur
1003 1239 1174 1282 litteris.
1261 1237 1312 1280 Id
1354 1238 1459 1280 mihi
1501 1237 1670 1280 duabus

196 1301 225 1320 “
248 1296 301 1339 de
323 1299 477 1340 caussis
498 1298 730 1342 instituisse
751 1299 976 1349 videntu1·;
1009 1298 1128 1358 quod
1151 1314 1291 1356 neque
1321 1296 1366 1339 in
1385 1297 1568 1355 vulgum
1588 1297 1670 1339 dis-

194 1360 223 1378 “
247 1356 452 1414 ciplinam
472 1357 616 1400 efferri
639 1358 790 1408 velint,
822 1374 960 1416 neque
981 1374 1067 1407 eos,
1096 1359 1173 1415 qui
1194 1356 1376 1405 discant,
1395 1356 1551 1399 litteris
1571 1371 1671 1399 con-

194 1419 224 1438 “
247 1413 359 1465 fisos,
381 1416 520 1458 minus
540 1417 756 1459 memoriae
775 1417 976 1465 studere;
1008 1417 1127 1474 quod
1148 1417 1236 1459 fere
1256 1415 1475 1473 plerisque
1496 1415 1672 1464 accidit,

195 1478 224 1498 “
249 1482 298 1516 ut
328 1473 530 1532 praesidio
559 1475 806 1518 litterarum
834 1475 1106 1533 diligentiam
1136 1475 1180 1516 in
1201 1473 1484 1532 perdiscendo
1517 1489 1566 1516 ac
1587 1489 1673 1516 me-

197 1537 225 1557 “
249 1533 427 1575 moriam
451 1533 690 1576 remittant.
756 1534 805 1576 In
834 1534 984 1592 primis
1002 1533 1083 1576 hoc
1105 1533 1260 1576 volunt
1281 1531 1555 1590 persuadere,
1586 1547 1674 1576 non

197 1597 225 1616 ‘⁶
249 1590 427 1634 interire
449 1592 623 1641 animas,
657 1592 730 1634 sed
750 1593 806 1636 ab
824 1593 917 1635 aliis
938 1601 1038 1651 post
1058 1600 1244 1634 mortem
1262 1591 1446 1634 transire
1467 1590 1523 1633 ad
1543 1590 1672 1635 alios:

191 1719 273 1751 loco
298 1723 411 1749 autem
434 1718 474 1757 is,
496 1718 554 1759 qui
574 1719 644 1760 jam
668 1717 808 1750 interest
831 1719 904 1749 col-

970 1716 1142 1756 συμβᾶλαια
1158 1716 1336 1758 intelligat,
1357 1717 1400 1748 de
1413 1716 1536 1757 quibus
1551 1729 1571 1746 e
1586 1718 1677 1748 Stra-

195 1763 299 1803 legio,
322 1773 406 1794 unus
423 1774 441 1794 e
458 1761 656 1800 Druidibus,
681 1761 713 1792 in
732 1759 900 1792 demortui

970 1761 1062 1792 bone
1092 1761 1220 1792 ibidem
1246 1760 1329 1792 dixi.
1375 1761 1412 1792 In
1431 1761 1547 1792 Graeea
1570 1766 1676 1792 nieta-

194 1807 311 1838 1ocum
326 1806 525 1845 sufficiatur3
550 1806 642 1837 Oud.
660 1804 801 1846 putavit,
818 1804 902 1836 scri-

193 1850 342 1881 bendum
354 1861 428 1882 esse
441 1852 588 1889 eliqur,
597 1850 650 1880 vel
663 1850 832 1891 deliyitur,
847 1848 901 1879 vel

194 1895 366 1935 deleqitur.
390 1895 440 1925 M.
484 1894 529 1925 Ut
550 1895 577 1932 1,
594 1895 625 1931 3,
641 1895 673 1930 7,
689 1896 742 1924 83.

242 1939 347 1980 Reffl'o
362 1938 541 1969 —medim
587 1938 664 1968 Hoc
695 1947 764 1968 non
799 1936 902 1968 nimis

196 1983 382 2024 urgendum
393 1992 476 2020 esse,
487 1982 544 2013 sed
554 1981 664 2013 laxius
673 1980 741 2013 dici
755 1980 901 2012 mediam

194 2026 382 2068 regionem,
392 2026 524 2058 monuit
536 2025 716 2057 Cellarius.
733 2027 782 2057 M.
807 2025 903 2057 Sicut

195 2069 382 2101 umbilicus
411 2077 507 2102 terrae
546 2070 579 2101 in
610 2069 766 2112 Delphis,
797 2080 901 2111 quem

197 2114 308 2146 Graeci
324 2114 508 2145 credidere.

246 2158 329 2190 Loco
343 2163 543 2190 consecrato.
580 2157 681 2189 Voss.
691 2157 806 2189 mallet
817 2159 903 2189 luco.

200 2201 345 2233 Obstant
359 2208 425 2233 vet.
439 2203 538 2234 codd.
553 2207 587 2233 et
597 2203 671 2233 edd.
685 2201 776 2233 Oud.
792 2207 903 2233 tamen

199 2246 236 2279 in
252 2246 333 2277 edit.
349 2246 533 2288 posteriore
549 2245 676 2287 recepit
691 2248 778 2278 luco.

208 2310 211 2311 ν
245 2292 272 2322 Α
285 2292 480 2332 parentibm
490 2292 763 2333 propinquisque.
787 2289 901 2331 Vulgo

199 2345 221 2366 a
234 2345 327 2376 prop.
342 2346 416 2377 par.
429 2352 474 2358 —
489 2345 564 2376 que.

251 2379 382 2411 Vicenos
396 2390 514 2411 annos.
552 2378 697 2420 Recepit
711 2378 783 2410 haec
801 2378 904 2409 Pom-

200 2432 281 2463 pon.
297 2422 389 2454 Mela
415 2425 446 2462 3,
462 2427 493 2462 9,
518 2423 577 2455 ubi
601 2423 669 2455 alia
692 2423 847 2464 quaedam
862 2422 904 2453 de

201 2466 340 2497 Druidis
353 2468 529 2499 adduntur.
552 2468 600 2499 M.

250 2511 371 2542 (ἐνθεὶς
385 2512 508 2543 litteris,
529 2511 609 2543 vide
631 2511 722 2542 dicta
741 2511 783 2541 ad
803 2512 831 2548 l,
849 2512 903 2548 29,

198 2554 322 2595 quibus
344 2555 464 2586 addere
486 2560 558 2586 tum
585 2555 714 2587 oblitus
738 2565 812 2586 sum
835 2554 906 2586 dis-

203 2597 415 2639 putationem
436 2599 558 2631 Ritteri
577 2610 675 2640 super
691 2600 753 2630 hac
771 2609 818 2637 re,
834 2598 904 2629 his-

199 2642 294 2673 toriae
308 2642 481 2674 Gallorum
498 2643 653 2675 insertam
666 2643 716 2684 (p.
730 2643 903 2681 319-330),

200 2697 403 2728 quamquam
424 2696 492 2718 non
517 2693 585 2718 tam
602 2687 781 2718 illustravit
792 2685 904 2717 Caesa-

200 2741 284 2770 rem,
307 2741 410 2772 quam
431 2736 550 2762 contra
564 2730 767 2762 recentiores
789 2729 903 2771 dispu-

198 2775 295 2806 tavit.
346 2776 497 2807 Rationes
520 2780 631 2806 autem
661 2775 806 2816 publicae
835 2774 905 2816 pri-

200 2824 349 2860 vataeque
378 2828 532 2860 quaenam
560 2819 654 2850 sunt?
701 2819 752 2850 An
779 2817 902 2850 tabulae

201 2863 372 2895 rationum
401 2863 685 2894 conficiendarum
715 2862 904 2904 intelligun-

200 2911 265 2943 tur,
294 2912 332 2938 ut
361 2906 579 2948 pecuniariae,
602 2907 834 2948 catalogorum
856 2912 905 2938 ta-

202 2949 305 2990 bulae,
328 2952 446 2993 quales
470 2962 570 2993 supra
596 2951 645 2989 (l,
660 2952 716 2990 29)
739 2950 905 2990 dicuntur,

201 3000 235 3027 et
259 2995 388 3030 similes
415 2995 511 3030 aliae?
555 2996 711 3029 Fortasse
739 2994 816 3038 quis
845 2995 905 3029 illa

972 1805 1086 1846 phrasi
1106 1810 1166 1841 est,
1190 1805 1214 1834 ἓν
1237 1805 1342 1839 ἄλλοις
1365 1805 1462 1835 ἅπασι
1483 1803 1619 1844 δημοσίοις
1644 1818 1677 1837 τε

973 1848 1024 1879 καὶ
1047 1846 1119 1883 ἰδίως
1143 1848 1315 1891 πράγμασι,
1341 1849 1469 1880 omisso
1492 1849 1596 1881 verbo
1620 1861 1678 1882 ra-

969 1893 1117 1925 tionibus.
1163 1892 1206 1923 Et
1230 1892 1304 1930 fuit,
1326 1902 1404 1924 cum
1429 1904 1677 1934 supervacuum

972 1937 1039 1968 hoc
1057 1937 1197 1968 verbum
1214 1936 1347 1977 putavi3
1371 1942 1428 1968 aut
1443 1948 1520 1968 cum
1537 1937 1676 1969 distinc-

970 1981 1098 2012 tionem
1128 1981 1324 2012 mutandam
1355 1980 1388 2011 in
1419 1981 1507 2012 hunc
1539 1983 1677 2014 modum

973 2025 1163 2067 suspicatus
1178 2036 1265 2063 sum,
1280 2027 1316 2055 in
1330 2026 1390 2056 rel.
1400 2025 1473 2065 fere
1483 2026 1580 2057 rebus
1588 2028 1676 2067 pub-

972 2071 1042 2101 licis
1068 2072 1274 2111 privatisque
1306 2070 1501 2101 ratimn‘bus:
1538 2071 1595 2101 sed
1625 2070 1674 2102 sic

971 2124 1108 2155 quoque
1125 2113 1263 2154 privatae
1286 2113 1433 2144 rationes
1456 2113 1605 2155 egebunt
1619 2125 1676 2146 ex-

972 2157 1172 2199 plicatione.
1216 2156 1330 2198 Cupio
1344 2168 1422 2198 ergo
1442 2157 1486 2188 ab
1502 2158 1580 2189 aliis
1596 2160 1678 2190 edo-

972 2201 1054 2233 ceri.
1079 2203 1128 2233 M.
1174 2201 1270 2232 Addo
1297 2201 1372 2233 Jos.
1389 2201 1597 2244 Scaligerum
1618 2214 1675 2244 ep.

977 2247 1074 2283 1,16.
1119 2245 1377 2277 Hotomannum
1400 2251 1433 2277 et
1459 2247 1618 2278 vossium
1643 2248 1677 2278 τὸ

977 2291 1099 2322 Groeeis
1110 2289 1143 2320 h.
1153 2290 1174 2320 1.
1187 2290 1364 2321 delendum
1375 2291 1563 2330 censuisse3
1583 2291 1675 2323 Rob.

971 2333 1104 2365 Titium
1128 2334 1193 2365 loc.
1215 2339 1370 2366 controv.
1390 2335 1413 2366 l.
1431 2337 1463 2366 4.
1489 2335 1676 2377 reposuisse

973 2381 1090 2418 coeci33
1107 2378 1196 2409 Sam.
1210 2378 1357 2410 Petitum
1368 2378 1452 2410 Obs.
1465 2381 1492 2418 1,
1506 2380 1535 2410 7.
1547 2382 1675 2412 crassis.

973 2422 1088 2455 omnia
1103 2422 1175 2453 haec
1192 2422 1307 2454 invitis
1321 2423 1538 2454 membranis.

1021 2467 1096 2498 Nem
1110 2468 1243 2498 interire
1258 2469 1402 2499 animas.
1440 2468 1531 2499 Idem
1544 2468 1676 2498 tradunt

973 2510 1104 2542 Lucan.
1124 2511 1273 2542 Pharsal.
1292 2512 1316 2549 Ι,
1333 2514 1408 2542 450.
1454 2511 1571 2542 Strabo
1588 2515 1618 2542 4.
1640 2523 1674 2552 p.

977 2557 1048 2586 197.
1071 2555 1164 2586 Mela
1180 2557 1211 2593 3,
1224 2559 1255 2586 2.
1271 2555 1436 2587 Ammian.
1452 2555 1606 2587 Marcell.
1623 2557 1673 2595 15,

972 2601 1005 2631 9.
1027 2598 1192 2640 multique
1206 2599 1277 2630 alii.
1303 2601 1351 2631 M.

1023 2645 1178 2675 Transire
1205 2644 1250 2675 ad
1266 2644 1359 2675 alios.
1403 2643 1485 2675 Haec
1513 2643 1675 2676 sententia

972 2687 1141 2718 Druidum
1171 2687 1383 2719 occasionem
1409 2687 1553 2728 praebuit
1580 2688 1672 2720 Guil.

971 2731 1120 2770 Irhovio,
1142 2731 1203 2772 qui
1218 2732 1258 2762 de
1276 2730 1508 2772 palingenesia
1521 2737 1673 2764 veterum

971 2787 997 2806 s.
1008 2775 1297 2816 metempsychosi
1308 2774 1527 2816 Pythagorica
1537 2776 1674 2817 scripsit

971 2820 1175 2859 (Amstelod.
1207 2819 1314 2857 1733),
1344 2819 1385 2850 de
1408 2819 1544 2851 Druidis
1567 2821 1675 2852 multa

971 2863 1153 2895 disserendi
1179 2862 1308 2900 (1ἰὶ).2,
1335 2873 1365 2894 c.
1382 2865 1401 2894 6
1422 2869 1455 2894 et
1472 2863 1518 2903 7).
1564 2864 1673 2906 Negat

971 2907 1137 2947 Irhovius,
1161 2906 1302 2937 Druidis
1322 2906 1426 2938 tribui
1443 2918 1543 2948 posse
1558 2922 1674 2949 μετεμ-

973 2950 1113 2991 ψύχωσιν
1149 2950 1409 2992 Pythagoricam
1452 2962 1552 2983 sensu
1597 2954 1674 2995 pin-

971 2996 1105 3038 guiore,
1128 2994 1198 3029 sive
1213 2994 1392 3031 transitum
1404 2996 1594 3030 animarum
1609 2998 1674 3032 hu-
