1946 3261
678 179 796 224 LIB.
829 177 916 223 111.
981 176 1122 223 cAP.
1155 175 1348 222 88-91.
1667 173 1758 232 403

241 307 392 367 junxit
429 315 645 361 octavam,
674 317 728 352 ut
760 325 881 368 paene
913 323 1045 352 unam
1079 324 1133 350 ex
1169 307 1343 351 duabus
1375 303 1584 354 efficeret,
1615 310 1752 362 atque

245 368 432 412 alteram
454 369 584 413 alteri
607 368 810 429 praesidio
837 385 926 414 esse
947 369 1151 428 jusserat.
1217 366 1435 410 Cohortes
1456 364 1501 407 in
1521 362 1611 407 acie
1634 373 1757 407 octo·

245 428 371 487 ginta
405 430 665 474 constitutas
696 429 906 479 habebat,
940 444 1039 486 quae
1074 442 1242 470 summa
1274 435 1371 469 erat
1401 423 1571 468 milium
1602 421 1753 467 XXII.

247 487 466 532 Cohortes
501 489 608 532 duas
649 489 802 533 castris
836 487 1037 548 praesidio
1076 485 1333 544 reliquerat.
1398 484 1585 527 Sinistro
1617 498 1756 526 cornu

245 549 509 600 Antonium,
531 548 690 592 dextro
711 549 762 591 P.
785 549 974 598 Sullam,
994 546 1137 590 media
1157 545 1248 588 acie
1271 545 1355 588 Cn.
1378 543 1629 588 Domitium
1648 559 1759 602 prae-

241 618 474 666 posuerat:
510 609 603 666 ipse
625 616 781 652 contra
801 608 1062 667 Pompeium
1082 603 1295 649 constitit.
1362 603 1522 652 Simul,
1539 601 1606 645 his
1628 603 1759 646 rebus

245 665 574 718 animadversis,
598 684 707 726 quas
728 666 1138 716 demonstravimus,
1162 664 1333 714 timens,
1356 678 1410 705 ne
1431 679 1456 705 a
1475 661 1761 705 multitudine

245 725 447 783 equitum
476 727 683 770 dextrum
708 743 845 771 cornu
878 726 1293 774 circumveniretur,
1328 721 1530 766 celeriter
1554 737 1607 763 ex
1629 721 1762 764 tertia

244 785 337 828 acie
359 786 552 845 singulas
574 786 776 830 cohortes
797 786 993 830 detraxit
1015 795 1152 843 atque
1174 800 1228 826 ex
1250 782 1315 826 his
1337 791 1546 841 quartam
1569 780 1762 823 instituit

244 844 556 905 equitatuique
590 846 800 905 obposuit
829 855 892 897 et,
924 845 1031 904 quid
1051 844 1146 888 fieri
1171 842 1322 893 vellet,
1360 839 1554 885 ostendit
1574 839 1762 892 monuit-

243 919 348 962 que,
370 905 463 964 ejus
483 905 571 949 diei
592 906 825 949 victoriam
848 906 891 949 in
910 921 1062 949 earum
1081 902 1331 947 cohortium
1352 901 1520 945 virtute
1540 910 1759 944 constare.

245 963 388 1008 Simul
424 965 567 1009 tertiae
604 966 711 1009 aciei
745 967 920 1024 totique
953 964 1167 1009 exercitui
1207 963 1264 1006 im
1302 961 1463 1010 elavit,
1501 975 1555 1002 ne
1598 959 1762 1019 injussu

244 1039 326 1067 suo
358 1035 665 1069 concurreret:
705 1043 766 1077 se,
804 1028 944 1085 quum
983 1025 1029 1069 id
1064 1023 1160 1068 fieri
1194 1021 1264 1067 vel
1285 1032 1347 1074 et,
1387 1019 1552 1066 vexillo
1588 1019 1764 1079 signum

246 1082 470 1128 daturum.

305 1143 379 1187 90.
413 1145 673 1189 Exercitum
704 1161 841 1203 quum
865 1145 1049 1188 militari
1072 1160 1192 1188 more
1211 1143 1267 1186 ad
1292 1156 1486 1201 pugnam
1509 1138 1765 1182 cohortare-

246 1211 340 1254 tur,
369 1220 537 1263 suaque
568 1205 611 1248 in
642 1221 742 1248 eum
772 1207 977 1265 perpetui
1008 1204 1222 1264 temporis
1255 1201 1397 1246 officia
1421 1199 1698 1260 praedicaret,
1722 1198 1766 1242 in

247 1262 399 1320 primis
415 1265 789 1315 commemoravit,
811 1274 840 1292 ‘⁴
859 1264 1045 1308 testibus
1061 1282 1104 1308 se
1123 1264 1335 1307 militibus
1354 1260 1419 1304 uti
1438 1276 1579 1320 posse,
1598 1268 1767 1318 quanto

250 1329 281 1347 “
303 1322 454 1366 studio
494 1340 646 1383 pacem
683 1325 878 1383 petisset,
916 1340 1015 1382 quae
1048 1341 1127 1383 per
1161 1323 1391 1366 Vatinium
1427 1320 1471 1363 in
1504 1319 1768 1377 conloquiis,

250 1389 279 1407 “
304 1398 400 1440 quae
418 1399 497 1442 per
522 1384 577 1425 A.
601 1383 806 1427 Clodium
828 1399 929 1426 cum
950 1383 1157 1450 Scipione
1177 1382 1350 1440 egisset,
1374 1381 1535 1439 quibus
1556 1378 1693 1423 modis
1711 1378 1767 1422 ad

251 1449 280 1467 “
308 1442 491 1485 Oricum
530 1459 630 1486 cum
675 1442 846 1487 Libone
883 1441 940 1485 de
981 1441 1206 1485 mittendis
1245 1440 1402 1500 legatis
1445 1437 1765 1483 contendisset:

251 1509 280 1527 ‘⁴
306 1518 448 1560 neque
480 1518 525 1545 se
559 1518 767 1560 umquam
803 1501 930 1545 abuti
967 1501 1158 1544 militum
1188 1500 1419 1557 sanguine,
1455 1514 1598 1556 neque
1633 1497 1767 1541 Rem-

250 1569 280 1587 “
304 1561 533 1620 publicam
553 1561 773 1606 alterutro
795 1561 992 1604 exercitu
1014 1561 1190 1619 privare
1212 1559 1442 1602 voluisse.''
1498 1557 1596 1600 Hac
1614 1556 1769 1601 habita.

249 1620 464 1671 oratione,
488 1621 827 1680 exposcentibus
848 1620 1065 1665 militibus
1085 1629 1130 1663 et
1149 1618 1296 1663 studio
1313 1633 1474 1676 pugnae
1492 1615 1768 1670 ardentibus,

248 1681 360 1724 tuba
379 1680 412 1724 si
450 1696 554 1723 num
576 1680 716 1724 dedit.

309 1740 381 1784 91.
416 1697 528 1784 {rat
551 1741 779 1784 Crastinus
800 1749 1010 1785 evocatus
1031 1740 1074 1784 in
1096 1738 1294 1783 exercitu
1320 1736 1522 1787 Caesaris,
1542 1735 1621 1795 qui
1642 1752 1771 1796 supe-

301 1853 447 1886 Summa
469 1858 545 1885 erat
568 1854 704 1885 milium
732 1852 864 1885 XXII.
915 1851 972 1884 Sic

255 1897 358 1940 plane
374 1898 464 1929 Plut.
478 1903 511 1930 et
528 1897 679 1940 Appian.
696 1898 729 1928 d.
745 1898 766 1930 Ι.
804 1897 874 1929 Cur
890 1908 972 1939 ergo

254 1942 343 1975 alius
361 1942 512 1981 xxxii,
534 1943 625 1975 alius
644 1942 719 1979 XL.
735 1942 825 1974 alius
844 1943 972 1975 XLllll

255 1987 323 2024 legi
342 1988 495 2020 mavult?
521 1989 571 2019 M.
616 1987 783 2027 cenario,
799 1988 858 2030 qui
876 1987 973 2020 malit

256 2031 408 2071 xxxn,
425 2032 514 2064 favet
533 2031 633 2064 Oros.
651 2034 682 2071 6,
702 2035 754 2063 15.

305 2078 505 2115 Antonium,
527 2077 564 2111 ὥς
581 2076 829 2116 πολεμικώτατον
846 2078 903 2107 τῦ,
921 2074 977 2108 ὗτᾶ

256 2124 302 2163 τῷ·
319 2120 462 2165 Καίσαρι.
487 2121 659 2153 Plutarch.
677 2123 802 2154 Anton.
819 2132 850 2153 c.
868 2124 900 2152 8.
924 2123 974 2152 M.

307 2167 364 2198 Ea:
393 2168 493 2199 tertia
521 2168 594 2198 acie
631 2167 787 2209 sinqulas
818 2168 975 2198 cohortes.

260 2209 444 2250 Quomodo
474 2211 653 2252 sinyulas?
700 2211 832 2252 Nempe
861 2222 879 2242 c
907 2209 977 2242 sin-

260 2255 352 2298 gulis
369 2254 570 2297 legionibus
587 2255 695 2287 tertia*
718 2255 805 2287 aciei
824 2254 977 2297 singulas

260 2301 433 2333 cohortes.
481 2300 591 2332 Aliter
624 2300 690 2331 hoc
730 2300 876 2342 intelligi
908 2310 975 2331 uon

262 2351 385 2387 potest,
422 2351 455 2376 et
484 2344 532 2376 sic
567 2350 759 2377 constanter
791 2345 979 2386 loquuntur

260 2396 414 2422 veteres:
439 2388 487 2421 sic
501 2395 535 2421 et
548 2388 693 2421 Vossius
705 2389 884 2432 explicuit,
898 2400 975 2431 pro—

262 2435 428 2466 bantibus
451 2433 603 2466 Cellario
631 2444 666 2467 et
688 2433 843 2467 Clarkio.
888 2433 977 2466 Cum

262 2487 378 2512 autem
411 2479 616 2512 Plutarchus
648 2479 683 2511 in
717 2481 840 2522 Pomp.
872 2489 904 2510 c.
935 2481 976 2511 69

261 2529 384 2563 narret,
410 2523 585 2556 Caesarem
608 2535 666 2557 sest
680 2525 838 2557 cohortes
865 2534 908 2555 ex
927 2524 979 2556 nl-

260 2569 345 2602 tima
361 2568 436 2600 acie
448 2568 637 2601 detraxisse
652 2569 711 2608 (cf.
723 2569 874 2602 Frontin.
887 2567 978 2600 Stra-

263 2620 332 2655 teg.
348 2617 381 2653 2,
398 2617 430 2653 3,
447 2612 528 2652 2‘2):
553 2625 737 2656 possumus
753 2614 894 2656 quidem
910 2613 977 2645 hoc

263 2658 343 2691 loco
360 2658 410 2690 uti
433 2659 478 2690 ad
494 2657 738 2700 explicandam
755 2658 979 2701 explendam-

264 2714 331 2745 que
347 2701 492 2735 Caesaris
507 2702 756 2744 narrationem3
781 2714 848 2735 non
862 2707 979 2734 autem

264 2749 306 2780 ad
323 2747 430 2779 verba
445 2749 518 2790 ejus
531 2749 759 2780 emendanda.
807 2748 849 2779 Et
864 2753 978 2779 tamen

266 2792 421 2824 fecerunt
437 2791 519 2832 hoc,
539 2792 599 2834 qui
623 2803 722 2825 senas
746 2792 801 2832 (ut
814 2792 982 2825 Canterus

269 2835 313 2868 V.
328 2837 369 2869 L.
387 2840 418 2875 3,
435 2838 505 2877 24.)
520 2845 580 2869 aut
593 2848 652 2870 sex
668 2848 730 2879 pro
744 2839 897 2879 s‘inqidas
913 2836 978 2878 legi

266 2881 463 2921 voluerunt,
480 2888 538 2914 aut
559 2890 594 2915 ut
611 2882 834 2916 Marclandus
858 2881 894 2914 in
911 2881 981 2914 Ex-

268 2926 393 2969 plicat.
422 2932 505 2960 vett.
535 2932 628 2961 auct.
651 2938 687 2971 p.
711 2929 798 2960 276:
833 2927 983 2961 celeriter

1042 1862 1102 1884 set
1125 1853 1232 1884 terte'ae
1255 1852 1337 1883 adei
1359 1849 1516 1891 sinfflilas
1540 1849 1687 1882 cohortes
1710 1849 1767 1881 ‹Ie-

1043 1900 1168 1929 trnzie:
1191 1895 1250 1938 qui
1266 1897 1421 1936 sinqulae
1435 1892 1597 1935 explicat,
1615 1893 1767 1936 singula-

1043 1941 1118 1980 tim,
1143 1952 1246 1973 unam
1272 1946 1350 1982 post
1372 1940 1528 1976 alteram,
1553 1947 1620 1971 non
1645 1949 1767 1972 omnes

1045 1986 1147 2019 simul
1174 1992 1207 2017 et
1232 1986 1354 2017 eodem
1383 1992 1552 2027 tempore,
1576 1993 1619 2015 ne
1647 1983 1764 2016 hostes

1045 2032 1224 2069 sentirent,
1251 2030 1366 2072 plures
1391 2039 1455 2060 una
1481 2029 1655 2060 detractas
1674 2039 1764 2061 esse.

1047 2077 1098 2109 M.
1150 2075 1294 2106 Vossius
1325 2080 1402 2116 post
1430 2072 1659 2105 Ciacconium
1689 2072 1761 2105 ita:

1046 2132 1089 2153 ex
1113 2131 1248 2162 quaque
1278 2119 1413 2161 legione
1445 2118 1553 2150 tertiae
1578 2117 1671 2149 aciei
1704 2128 1766 2150 co-

1047 2166 1160 2198 hortes
1173 2166 1333 2196 detractae
1348 2173 1407 2195 sex
1422 2163 1555 2195 fuerunt
1569 2168 1603 2194 et
1622 2162 1765 2195 totidem

1048 2210 1201 2252 legiones
1218 2209 1249 2241 in
1265 2210 1387 2241 eadem
1401 2207 1491 2240 acie.
1528 2206 1670 2239 Davisio
1688 2207 1763 2240 haec

1047 2256 1129 2286 dura
1159 2254 1246 2291 visa,
1277 2254 1418 2285 volebat
1448 2263 1562 2285 senas.
1620 2251 1767 2284 Vossius

1046 2301 1140 2342 apud
1168 2299 1368 2331 Frontinum
1396 2299 1463 2330 l.c.
1490 2308 1553 2339 pro
1577 2296 1634 2329 sed
1650 2297 1765 2329 dextro

1046 2346 1152 2377 latei-1>
1169 2344 1269 2387 ponit
1285 2349 1316 2376 et
1332 2344 1449 2376 dextro
1465 2344 1583 2374 latere.
1621 2341 1766 2373 Latinus

1048 2389 1207 2422 Latinius
1231 2387 1395 2431 conjicit:
1427 2393 1581 2420 extr-ema
1609 2389 1680 2417 acie
1707 2396 1766 2418 sest·

1046 2436 1206 2467 cohortes.
1251 2433 1288 2465 ln
1321 2431 1433 2464 Vossii
1459 2429 1679 2474 expositione
1705 2440 1764 2462 ac-

1047 2478 1200 2521 quiescit
1216 2478 1307 2510 Oud.
1354 2476 1510 2510 Conferri
1536 2475 1593 2507 hie
1615 2482 1765 2508 meretur

1047 2529 1081 2556 et
1094 2523 1248 2556 Freinsh.
1263 2523 1307 2556 ad
1324 2523 1417 2554 Flor.
1435 2524 1468 2561 4,
1487 2525 1519 2560 2,
1534 2522 1588 2553 48.

1100 2569 1241 2602 Vox-illo.
1286 2567 1340 2600 Cf.
1357 2567 1398 2599 G.
1416 2570 1449 2606 9,
1465 2569 1520 2598 90.

1099 2614 1283 2647 Fannium.
1308 2623 1385 2654 cap.
1406 2612 1457 2643 19.
1483 2610 1533 2642 M.

1096 2658 1268 2691 Clodium.
1290 2667 1370 2699 cap.
1390 2658 1442 2688 57.
1468 2655 1519 2687 Μ.

1097 2704 1185 2735 Cum
1202 2703 1341 2735 Libone.
1365 2711 1396 2732 c.
1418 2702 1468 2732 16.
1494 2699 1546 2730 M.

1096 2749 1285 2780 Crastinus.
1332 2745 1463 2777 Lucan.
1482 2745 1514 2782 7,
1532 2742 1610 2776 471.
1637 2744 1764 2777 Cellar.

1050 2791 1180 2824 Omnes
1202 2792 1384 2833 scriptores
1401 2789 1502 2832 hujus
1519 2787 1604 2820 belli
1623 2794 1657 2821 et
1674 2788 1763 2822 hanc

1048 2847 1121 2869 rem
1146 2842 1335 2868 narrarunt.
1360 2835 1411 2866 M.
1461 2833 1504 2865 V.
1531 2833 1623 2865 Plut.
1641 2833 1768 2877 Pomp.

1049 2891 1079 2915 c.
1099 2884 1153 2915 71.
1170 2886 1204 2914 et
1219 2880 1307 2914 Caes.
1324 2890 1358 2913 c.
1375 2880 1431 2912 44.
1476 2877 1599 2911 Celsus
1613 2889 1650 2922 p.
1664 2881 1745 2913 206.

1487 2968 1591 3001 2D2
