1946 3261
233 236 321 282 346
690 230 774 276 DE
807 225 1012 272 BELLO
1044 223 1257 270 CIVILI.

232 365 371 413 duas:
401 358 595 419 equitum
631 363 797 415 septem
836 354 969 405 milia,
1010 369 1063 397 ex
1098 353 1258 412 quibus
1297 358 1520 396 sexcentos
1557 351 1709 397 Gallos

235 424 468 467 Deiotarus
479 418 736 465 adduxerat,
747 415 1009 473 quingentos
1024 413 1339 455 Ariobarzanes
1352 428 1405 454 ex
1416 412 1712 470 Cappadocia,

235 483 290 524 ad
311 478 508 522 eumdem
539 490 765 517 numerum
788 475 922 532 Cotys
948 489 1000 515 ex
1021 472 1205 514 Thracia
1232 472 1408 514 dederat
1430 479 1474 512 et
1507 470 1710 514 Sadalam

234 541 369 582 filium
402 535 591 578 miserat.
655 534 723 576 Ex
747 532 1010 575 Macedonia
1031 531 1204 573 ducenti
1233 538 1374 579 erant,
1395 529 1553 587 quibus
1576 529 1712 572 Rhas-

234 596 397 655 cvpolis
419 601 619 652 praeerat,
644 591 873 634 excellenti
895 591 1084 632 virtute:
1111 589 1370 647 quingentos
1386 605 1439 630 ex
1458 587 1712 631 Gabinianis

237 649 516 701 Alexandria,
562 650 715 692 Gallos
759 650 1107 705 Germanosque,
1150 664 1256 705 quos
1297 647 1359 690 ibi
1398 648 1453 689 A.
1500 647 1712 689 Gabinius

239 712 424 774 praesidii
457 725 603 753 caussa
643 707 761 765 apud
792 707 959 764 Regem
988 707 1270 748 Ptolemaeum
1297 706 1551 764 reliquerat,
1586 705 1713 748 Pom-

237 773 358 832 peius
378 771 492 813 filius
513 785 612 811 cum
628 767 759 810 classe
779 765 1019 808 adduxerat
1038 779 1048 812 ς
1080 765 1365 823 octingentos,
1388 781 1496 823 quos
1513 781 1566 807 ex
1583 766 1715 808 servis

239 832 324 874 suis
355 837 667 889 pastorumque
699 840 873 868 suorum
895 831 1125 881 coegerat3
1157 832 1372 867 trecentos
1393 823 1714 867 Tarcondarius

243 892 400 934 Castor
434 896 479 930 et
509 885 718 929 Donilaus
739 901 793 926 ex
816 881 1104 939 Gallograecia
1124 880 1344 924 dederant.
1409 882 1583 925 Horum
1603 882 1716 926 alter

241 966 326 993 una
362 954 557 996 venerat,
596 945 709 987 alter
747 942 886 985 filium
923 942 1115 983 miserat.
1199 940 1388 983 Ducenti
1424 956 1480 983 ex
1522 940 1650 999 Syria
1689 957 1716 984 a
1766 952 1772 956 “

244 1010 493 1065 Comageno
527 1003 758 1053 Antiocho,
793 1001 863 1044 cui
897 1015 1052 1057 magna
1081 998 1257 1058 praemia
1295 998 1524 1057 Pompeius
1546 998 1718 1050 tribuit,

241 1067 358 1111 missi
390 1072 544 1113 erant;
573 1063 617 1105 in
647 1062 711 1104 his
748 1060 946 1119 plerique
976 1059 1285 1117 hippotoxotae.
1352 1057 1454 1101 Huc
1476 1057 1718 1112 Dardanos,

245 1127 416 1175 Bessos,
438 1123 598 1182 partim
628 1120 925 1168 mercenarios,
951 1119 1111 1176 partim
1130 1117 1310 1175 imperio
1334 1124 1410 1158 aut
1432 1117 1571 1174 gratia
1603 1132 1714 1159 com-

242 1192 434 1244 paratOS,
465 1183 568 1224 item
593 1180 870 1228 Macedonas,
893 1177 1116 1220 Thessalos
1152 1192 1202 1217 ac
1234 1176 1501 1233 reliquarum
1523 1176 1718 1233 gentium

239 1252 285 1287 et
305 1243 533 1286 civitatum
554 1238 790 1296 adjecerat,
809 1246 940 1295 atque
970 1253 1085 1286 eum,
1111 1251 1240 1293 quem
1259 1249 1389 1293 supra
1409 1233 1718 1277 demonstravi-

243 1319 353 1351 mus,
377 1313 602 1343 numerum
623 1297 891 1355 expleverat.

302 1362 342 1402 5.
377 1356 603 1402 Frumenti
635 1356 724 1397 vim
750 1354 979 1397 maximam
1005 1369 1058 1395 ex
1092 1351 1326 1401 Thessalia,
1362 1351 1480 1401 Asia,
1505 1352 1718 1411 AEgypto,

246 1421 396 1467 Creta,
414 1415 594 1475 Cyrenis
611 1414 876 1471 reliquisque
890 1412 1139 1470 regionibus
1158 1419 1510 1469 comparaverat:
1534 1410 1722 1454 hiemare

247 1475 524 1537 Dyrrhachii,
564 1473 810 1531 Apolloniae
849 1471 1134 1528 omnibusque
1171 1470 1341 1529 oppidis
1369 1470 1594 1513 maritimis
1621 1486 1722 1513 con-

244 1538 464 1585 stituerat,
486 1540 535 1576 ut
562 1548 678 1575 mare
701 1532 915 1575 Caesarem
936 1532 1117 1574 transire
1144 1529 1424 1589 prohiberet:
1457 1529 1634 1588 ejusque
1662 1529 1724 1572 rei

251 1701 306 1733 Sic
325 1697 510 1741 explicavit
530 1701 563 1727 et
579 1694 724 1727 restituit
748 1695 863 1725 locum
888 1703 953 1734 ope

252 1744 408 1776 codicum
438 1743 605 1773 bonorum
637 1738 728 1769 Oud.
755 1749 834 1769 cum
849 1738 952 1778 vulgo

252 1790 429 1821 ederetur:
468 1785 682 1826 funditorum
715 1784 855 1814 cohortes
884 1792 953 1820 ser,

251 1832 478 1864 mercenariam
502 1829 599 1859 duas.
626 1827 718 1857 Idem
745 1825 888 1856 contulit
903 1836 954 1857 co-

251 1879 360 1908 hortes
375 1873 681 1916 quadr—assensimus,
699 1872 954 1911 quinquaqena-

252 1922 333 1956 νίας,
357 1928 433 1959 quae
456 1917 576 1947 eodem
594 1925 689 1946 sensu
708 1913 872 1944 dicuntur.
905 1914 953 1943 M.

255 1965 291 1995 In
309 1963 405 1994 codd.
423 1961 597 2001 legebatur
616 1960 666 1989 Γ]
680 1960 848 1994 canarias,
863 1957 955 1998 quod

254 2017 319 2039 non
340 2001 731 2045 intelligebantlibrarii.
758 2000 856 2032 Conf.
873 2002 954 2032 Dra-

255 2051 361 2083 kcnb.
377 2050 417 2080 ad
435 2048 509 2079 L-iv.
527 2049 558 2083 7,
574 2049 606 2077 7.

303 2095 475 2134 Equitum..
519 2091 716 2123 Addebatur
740 2088 795 2119 hic
820 2088 957 2119 delecto-

257 2150 335 2171 rum
353 2137 396 2168 ab
422 2136 474 2174 iis,
498 2135 556 2177 qui
573 2133 793 2176 pra-cedentia
817 2142 884 2163 non
901 2142 958 2163 ca-

258 2182 408 2225 piebant.

305 2227 505 2266 Quinqentos
532 2223 641 2254 Ariob.
684 2221 736 2252 (tf.
759 2219 908 2262 Appian.
926 2224 958 2259 2,

259 2273 311 2302 71.

306 2315 414 2352 Cotys.
431 2310 485 2342 Sic
502 2309 600 2342 codd.
617 2315 650 2341 et
667 2309 744 2342 NN.
762 2309 831 2341 Alii
850 2311 959 2341 Cocus.

260 2359 314 2391 Cf.
330 2368 360 2388 c.
377 2357 430 2386 36.

310 2401 487 2432 Sadalam.
527 2396 719 2438 Legebamr
738 2398 889 2428 Sasalem
905 2397 960 2428 vel

270 2447 441 2479 Smalmn.
485 2441 649 2473 Restituit
673 2440 834 2472 Ciaccon.
858 2452 875 2471 ε·
892 2441 960 2471 Lu-

264 2501 348 2523 cano
381 2492 412 2525 5,
444 2489 495 2517 54.
544 2486 718 2516 ΒαιΙαΙεηη.
766 2484 856 2515 Oud.
883 2495 961 2515 cum

263 2531 408 2567 Heinsio
423 2541 440 2561 e
456 2529 558 2561 codd.
575 2530 756 2560 Sadalam.

312 2575 540 2615 Rameypolis.
603 2572 656 2604 Sic
694 2573 793 2604 codd.
834 2571 890 2602 hic
929 2576 962 2602 et

264 2623 355 2664 apud
388 2619 516 2650 Lucan.
548 2617 570 2648 1.
596 2627 627 2648 c.
679 2617 713 2648 In
738 2615 814 2648 NN.
840 2615 963 2646 dicitur

261 2664 476 2706 ‘Paoezodvogts.

311 2709 470 2742 Gabinia<
499 2705 717 2736 Ptolemaeum
754 2704 786 2735 in
825 2713 963 2743 regnum

267 2752 401 2794 AEgypti
431 2750 616 2788 reduxerat,
647 2750 755 2790 ejecto
780 2747 963 2784 Archelao,

265 2793 365 2839 quem
397 2793 462 2827 sibi
491 2794 618 2833 Regem
642 2792 862 2824 adsciverant.
887 2790 962 2821 Liv.

267 2841 353 2882 epit.
385 2840 456 2871 105.
501 2837 568 2868 Dio
602 2836 698 2868 Cass.
728 2839 782 2876 39,
813 2840 865 2868 55.
893 2846 964 2876 sqq.

268 2887 388 2919 Dari-3.

314 2930 398 2965 Quos
425 2939 467 2963 av
493 2931 592 2962 sert-is
622 2941 679 2960 -.
695 2926 849 2960 Fortasse
883 2933 963 2958 cum

1020 1692 1140 1735 Lipsio
1158 1692 1191 1724 in
1207 1692 1352 1724 analect.
1366 1693 1407 1724 ad
1425 1692 1582 1734 dialogos
1598 1693 1639 1724 de
1657 1692 1723 1724 mi-

1019 1737 1070 1768 lit.
1091 1738 1192 1768 Rom.
1214 1738 1255 1767 ad
1272 1737 1310 1768 L.
1331 1739 1358 1767 l.
1378 1737 1516 1768 Dia1.2.
1535 1736 1601 1777 legi
1624 1742 1722 1777 pote-

1020 1780 1062 1812 rit
1081 1792 1088 1810 :
1127 1791 1207 1822 quos
1237 1791 1277 1811 ea>
1306 1783 1441 1812 servitiis
1469 1782 1722 1822 pastoribusque

1020 1835 1161 1855 suorum
1175 1830 1338 1865 caasserat.
1370 1824 1468 1855 Conf.
1491 1827 1518 1860 l,
1535 1828 1597 1855 21:
1620 1826 1721 1856 Pom-

1019 1871 1112 1909 peius
1127 1879 1235 1899 servm
1249 1873 1460 1909 pastoresque
1475 1873 1599 1906 armal,
1621 1874 1723 1909 atque

1022 1914 1072 1943 liis
1087 1922 1185 1953 equos
1200 1913 1373 1943 adtribuit.
1401 1912 1451 1943 M.
1477 1913 1597 1943 Forsan
1611 1918 1723 1954 pasto-

1021 1967 1073 1987 res
1090 1956 1144 1986 hic
1162 1963 1235 1986 sunt
1254 1955 1387 1997 pecoris
1410 1955 1575 1997 magistri,
1597 1956 1722 1997 quibus

1023 1999 1259 2031 ministrabant
1274 2002 1360 2030 sort-i
1373 1999 1524 2030 viliores.

1074 2044 1326 2075 Tarcmvlarius
1359 2045 1486 2075 Castor.
1529 2044 1621 2075 Elale
1650 2044 1723 2076 haec

1023 2088 1160 2119 nomina
1177 2088 1392 2128 sejunguntur
1404 2094 1583 2119 commate.
1624 2089 1724 2129 Apud

1025 2132 1133 2164 Strab.
1150 2131 1187 2162 L.
1211 2134 1259 2162 12.
1275 2143 1309 2172 p.
1328 2133 1403 2162 588.
1423 2138 1471 2162 est
1500 2134 1617 2163 Castor
1641 2134 1725 2164 Sao-

1023 2177 1213 2207 cerularius.
1246 2175 1395 2216 vaotari
1411 2186 1523 2215 gener.
1541 2176 1725 2207 Tarcondi-

1025 2225 1154 2251 motum
1170 2219 1261 2250 dedit
1285 2219 1404 2251 Florus
1428 2223 1459 2258 2,
1485 2223 1516 2249 5.
1544 2219 1587 2250 V.
1603 2225 1637 2251 et
1651 2219 1725 2252 Cic.

1025 2265 1065 2295 ad
1085 2263 1160 2294 Div.
1182 2267 1231 2295 15.
1252 2266 1279 2294 1.

1073 2310 1260 2349 Comaqeno
1294 2309 1370 2338 Ant.
1399 2316 1501 2347 quem
1540 2307 1727 2349 Pompeius

1026 2357 1186 2383 extremae
1203 2352 1265 2383 sub
1289 2351 1402 2381 Tauro
1425 2350 1539 2391 Syriae,
1561 2362 1636 2392 quae
1659 2351 1726 2383 Co-

1028 2407 1167 2437 magenc
1185 2395 1320 2433 dicitur,
1334 2401 1574 2435 praeposuerat.
1589 2395 1665 2428 Cic.
1683 2397 1725 2428 ad

1027 2440 1105 2471 Div.
1126 2443 1177 2477 15,
1198 2442 1225 2470 1.
1257 2441 1437 2471 ΟιἸΙανίιις.

1075 2486 1317 2525 Ηίρροίο.νο1ιε.
1337 2482 1428 2513 Curt.
1442 2486 1474 2521 5,
1491 2485 1520 2514 4.
1537 2484 1728 2525 sayissarios

1029 2530 1150 2570 equites
1166 2533 1277 2558 vocat.

1076 2572 1250 2609 Dav-dani,
1267 2571 1413 2612 populus
1424 2570 1559 2602 Moesiae
1571 2570 1725 2612 superio-

1026 2616 1084 2653 ris,
1100 2615 1267 2657 Illyricum
1280 2623 1311 2646 ct
1332 2614 1571 2646 Macedoniam
1587 2625 1704 2646 versus
1719 2626 1727 2645 :

1032 2662 1135 2697 Bessi,
1164 2658 1331 2697 Thracia»,
1369 2658 1403 2690 in
1435 2659 1557 2690 llaemo
1600 2667 1725 2690 monte.

1035 2705 1160 2735 C'ell'ar.

1076 2750 1182 2782 Quem
1197 2758 1303 2788 supra
1323 2747 1500 2779 demonstr.
1531 2748 1580 2777 An
1595 2751 1725 2787 septem

1028 2791 1149 2823 milia?
1179 2792 1229 2822 M.
1285 2791 1327 2822 V.
1357 2791 1526 2823 Plutarch.
1550 2791 1669 2832 Pomp.
1692 2801 1725 2821 c.

1077 2881 1225 2922 Ejusque
1238 2882 1299 2912 νεῖ.
1329 2879 1383 2914 Sic
1401 2880 1500 2914 codd·
1516 2885 1551 2913 et
1565 2878 1643 2912 edd.
1658 2883 1727 2912 vet.

1031 2923 1144 2966 Vulgo
1160 2927 1243 2966 ejtt-s.
