1946 3261
605 196 725 244 ΜΒ.
757 195 816 244 v.
879 197 1019 243 CAP.
1050 194 1244 243 23—25.
1577 189 1668 246 ‘113

178 324 390 369 siccitates
410 325 633 385 angustius
654 335 934 386 provenerat,
955 334 1131 370 coactus
1150 334 1214 370 est
1235 325 1380 376 aliter,
1402 333 1454 370 ac
1471 327 1671 386 superio-

181 384 302 428 ribus
322 385 460 436 annis,
488 385 728 429 exercitum
758 387 803 429 in
835 385 1025 428 hibernis
1057 385 1282 428 conlocare
1314 385 1591 445 legionesque
1627 386 1671 428 in

182 443 330 501 plures
349 444 549 487 civitates
573 444 860 488 distribuere:
893 459 947 487 ex
965 441 1126 500 quibus
1145 458 1275 484 unam
1297 444 1342 486 in
1373 445 1572 488 Morinos
1593 444 1672 488 du-

181 503 360 546 cendam
384 503 437 546 C.
462 501 599 546 Fabio
622 502 791 561 Legato
811 501 956 551 dedit;
987 501 1170 543 alteram
1191 500 1236 542 in
1259 502 1446 546 Nervios
1470 504 1526 554 Q.
1549 503 1673 547 Cice-

181 561 305 609 roni;
338 562 514 604 tertiam
534 561 580 603 in
607 560 767 604 Essuos
802 561 853 603 L.
878 559 1064 608 Roscio;
1097 567 1301 617 quartam
1323 560 1367 601 in
1398 561 1545 605 Remis
1573 578 1673 605 cum

181 618 237 661 T.
269 618 464 663 Labieno
495 619 542 661 in
578 619 762 663 confinio
801 619 1086 662 Trevirorum
1122 617 1311 660 hiemare
1342 618 1495 676 jussit;
1526 621 1606 663 tris
1627 621 1673 664 in

183 677 340 735 Belgio
359 677 628 726 conlocavit;
660 677 725 720 his
761 678 828 720 M.
854 678 1075 726 Crassum,
1101 677 1390 726 Quaestorem,
1427 686 1472 719 et
1493 677 1545 719 L.
1572 680 1675 722 Mu..

180 736 349 780 natium
372 736 581 780 Plancum
601 744 646 779 et
669 737 722 779 C.
747 736 1031 785 Trebonium,
1054 735 1261 793 Legatos,
1283 735 1496 793 praefecit.
1529 737 1678 782 Unam

181 794 412 853 legionem,
450 811 583 853 quam
604 795 802 854 proxime
835 804 954 838 trans
989 794 1154 837 Padum
1175 794 1504 852 conscripserat,
1541 803 1586 837 et
1607 813 1676 839 co-

178 852 327 898 hortes
342 854 537 912 quinque
568 854 614 897 in
635 854 880 905 Eburones,
903 869 1093 912 quorum
1129 869 1230 911 pars
1261 853 1447 896 maxima
1466 861 1532 896 est
1563 853 1678 898 inter

184 912 356 956 Mosam
375 929 425 956 ac
447 912 665 963 Rhenum,
687 914 764 971 qui
783 914 865 957 sub
897 912 1083 972 imperio
1104 912 1374 971 Ambiorigis
1393 921 1439 955 et
1461 912 1679 957 Cativolci

179 981 322 1023 erant,
359 972 490 1016 misit.
555 972 638 1015 His
673 973 884 1016 militibus
923 973 980 1022 Q.
1019 971 1246 1014 Titurium
1287 971 1500 1015 Sabinum
1539 982 1586 1015 et
1623 972 1679 1015 L.

183 1032 533 1075 Aurunculeium
572 1032 767 1082 Cottam,
805 1031 1009 1091 Legatos,
1047 1045 1228 1088 praeesse
1255 1029 1399 1088 jussit.
1462 1029 1536 1073 Ad
1565 1030 1682 1076 hunc

182 1091 360 1134 modum
395 1090 644 1135 distributis
675 1088 937 1150 legionibus,
973 1089 1178 1133 facillime
1200 1089 1357 1148 inopiae
1386 1089 1685 1135 frumentariae

181 1165 272 1193 sese
291 1150 455 1194 mederi
486 1166 610 1209 posse
635 1150 924 1193 existimavit:
958 1158 1092 1207 atque
1125 1148 1279 1191 harum
1310 1156 1457 1192 tamen
1487 1149 1684 1193 omnium

182 1207 403 1267 legionum
437 1209 619 1254 hiberna
641 1209 820 1269 (praeter
841 1224 952 1259 eam,
986 1224 1118 1266 quam
1143 1207 1194 1250 L.
1219 1207 1376 1251 Roscio
1398 1208 1442 1251 in
1463 1208 1684 1266 pacatissi-

182 1282 297 1311 mam
315 1277 361 1311 et
380 1268 690 1326 quietissimam
711 1277 884 1327 partem
903 1267 1144 1311 ducendam
1164 1266 1365 1324 dederat)
1390 1267 1566 1310 milibus
1587 1284 1684 1327 pas-

180 1342 309 1369 suum
347 1336 522 1370 centum
550 1327 904 1370 continebantur.
967 1326 1066 1385 Ipse
1097 1326 1279 1375 interea,
1318 1326 1465 1384 quoad
1488 1326 1682 1384 legiones

182 1385 448 1452 conlocasset
465 1385 721 1443 munitaque
742 1384 923 1428 hiberna
947 1386 1233 1444 cognovisset,
1266 1386 1310 1428 in
1344 1384 1492 1428 Gallia
1520 1387 1685 1430 morari

183 1452 426 1488 constituit.

244 1503 318 1546 25.
352 1503 465 1546 Erat
504 1501 549 1544 in
603 1502 874 1563 Carnutibus
914 1518 1084 1546 summo
1125 1502 1223 1547 loco
1265 1510 1392 1545 natus
1434 1501 1684 1562 Tasgetius,

184 1562 307 1620 cujus
339 1562 524 1619 majores
562 1559 607 1602 in
642 1575 720 1602 sua
758 1560 936 1603 civitate
974 1576 1160 1619 regnum
1202 1561 1497 1604 obtinuerant.
1565 1561 1685 1605 Huic

184 1621 348 1670 Caesar‚
382 1635 465 1679 pro
497 1618 590 1677 ejus
625 1618 791 1661 virtute
823 1627 956 1676 atque
985 1619 1028 1662 in
1055 1635 1099 1661 se
1137 1619 1446 1669 benivolentia,
1484 1619 1605 1677 quod
1638 1621 1684 1664 in

183 1679 384 1723 omnibus
420 1677 546 1722 bellis
574 1676 785 1736 singulari
818 1677 910 1735 ejus
949 1693 1085 1736 opera
1121 1677 1268 1720 fuerat
1305 1693 1423 1728 usus,
1465 1678 1685 1736 majorum

182 1738 328 1782 locum
367 1737 634 1781 restituerat.
698 1735 902 1780 Tertium
938 1737 1029 1797 jam
1069 1736 1184 1780 hunc
1224 1751 1385 1779 annum
1427 1744 1684 1795 regnantem

184 1865 256 1899 rius
280 1865 380 1899 vidit.
425 1866 479 1898 De
503 1865 698 1899 diversitate
722 1864 899 1906 scripturae

189 1910 224 1943 in
246 1912 313 1944 hoc
337 1910 474 1943 nomine
497 1910 576 1942 vide
599 1910 690 1942 viros
713 1910 834 1941 doctos
855 1910 899 1942 ad

187 1958 312 1989 Anton.
330 1954 475 1988 itinerar.
499 1967 534 1997 p.
560 1956 636 1987 380.
684 1954 734 1985 De
760 1953 901 1995 conjec-

185 1999 272 2032 turis
314 1998 566 2042 etymologicis,
619 1999 900 2031 Samarobrivam

187 2054 215 2075 s.
236 2044 524 2086 Samarobriqam
539 2043 730 2085 significare
747 2049 900 2084 pontem,

968 1874 1037 1896 non
1068 1869 1159 1896 tota:
1199 1864 1441 1906 complectitur
1481 1865 1687 1899 Bellovacos

968 1908 1054 1948 (vid.
1070 1919 1101 1941 c.
1115 1910 1186 1949 46),
1202 1909 1391 1949 Atrebates,
1405 1910 1686 1945 Ambianos.vid.

971 1953 1103 1985 Notitia
1131 1954 1207 1985 orb.
1234 1960 1305 1985 ant.
1330 1957 1361 1992 2,
1389 1957 1420 1986 3.
1445 1966 1479 1996 p.
1507 1958 1581 1987 307.
1611 1967 1685 1998 seq.

974 1999 1102 2030 Cellar.
1132 1997 1226 2029 Bene
1244 1998 1362 2038 Belqio
1379 1999 1479 2030 codd.
1493 1999 1635 2041 quidam
1650 2006 1686 2032 et

971 2043 1050 2073 edd.
1089 2041 1220 2084 primae.
1292 2041 1362 2074 Alii
1401 2043 1532 2085 Belqz's.
1581 2044 1685 2077 male.

190 2087 224 2119 in
247 2087 388 2120 flumine
413 2088 549 2120 Samara
579 2088 720 2126 factum,
754 2089 899 2119 Samar-

189 2133 320 2170 brueck,
334 2132 404 2164 vid.
420 2132 544 2164 Cellar.
569 2143 604 2174 p.
628 2133 692 2164 216
717 2136 751 2163 et
776 2133 851 2163 308.
867 2136 902 2162 et

191 2175 316 2208 Ritteri
344 2175 525 2208 hist.Gall.
551 2187 586 2219 p.
602 2178 657 2208 92.
684 2177 736 2208 M,
778 2176 901 2218 Briga,

186 2219 297 2260 briva,
315 2231 411 2262 pons,
422 2219 511 2253 Celt.

235 2266 375 2298 Essuos.
405 2264 498 2303 Quia
525 2273 628 2295 nemo
653 2273 813 2306 umquam
840 2262 904 2294 Es-

189 2318 329 2341 suorum
344 2309 514 2348 meminit,
531 2307 677 2340 Vossius
691 2314 726 2340 et
744 2307 903 2339 Valesius

186 2358 338 2392 censent,
347 2353 478 2386 AEduos
485 2353 667 2395 legendum
675 2363 761 2384 esse.
778 2352 905 2383 Cellar.

188 2396 275 2428 Haec
292 2396 436 2438 probant
458 2397 562 2430 etiam
578 2396 741 2428 Davisius
762 2396 804 2427 ad
827 2396 863 2427 h.
880 2395 905 2428 l.

190 2445 226 2471 et
240 2438 409 2473 Clarkius.
433 2442 485 2473 M.
531 2441 659 2474 Verum
684 2442 725 2472 de
740 2439 901 2483 gentibus

191 2484 251 2516 hic
278 2495 403 2524 sermo,
428 2484 581 2518 inferiori
608 2486 732 2517 Rheno
761 2484 902 2527 propin-

188 2528 279 2569 quis,
295 2534 332 2560 ut
348 2529 435 2560 bene
449 2536 564 2562 monet
576 2530 787 2568 Mannertus,
800 2540 820 2560 a
831 2539 902 2570 quo

193 2573 317 2605 Rheno
340 2572 485 2605 nimium
507 2574 632 2605 distant
646 2574 762 2606 AEdui.
808 2573 901 2604 Idem

191 2616 373 2649 dicendum
416 2618 458 2649 de
495 2617 599 2650 Plinii
645 2621 677 2657 4,
726 2620 777 2649 18.
811 2618 900 2657 (32).

193 2662 338 2700 Atesuis,
360 2671 448 2702 quos
461 2662 497 2694 h.
512 2663 536 2694 l.
566 2661 821 2694 substituendos
837 2672 899 2703 pu-

191 2710 239 2737 tat
261 2704 477 2737 ciacconius.
524 2705 710 2747 Vulgatum
734 2716 813 2747 ergo
832 2716 902 2738 ser-

191 2750 352 2789 vandum,
388 2750 498 2782 donec
525 2749 609 2791 quid
638 2749 764 2781 certius
792 2750 900 2781 detur.

190 2792 218 2824 I.
234 2792 274 2825 C.
291 2794 338 2826 H.
385 2794 518 2826 AEduos
542 2794 619 2825 ideo
645 2794 787 2835 praefert,
809 2795 901 2836 quod

193 2836 244 2869 eis
259 2837 478 2879 potissimum
494 2837 655 2870 convenit
669 2839 742 2871 laus
752 2841 900 2881 pacatis-

191 2883 289 2914 simoe
314 2888 346 2916 et
374 2884 592 2926 quietissimae
616 2885 740 2924 partis,
769 2883 812 2914 de
837 2894 903 2926 qua

195 2935 288 2958 mox.

241 2971 373 3013 Belqio.
419 2971 482 3006 Est
508 2982 585 3016 pars
599 2970 717 3007 Ganiae
739 2971 904 3015 Belgicae,

974 2086 1124 2128 Respice
1147 2088 1190 2118 ad
1208 2097 1238 2118 c.
1260 2086 1311 2117 12.
1329 2086 1420 2118 etcf.
1438 2090 1471 2126 8,
1489 2089 1543 2119 46.
1592 2089 1684 2121 Vide

970 2138 1006 2162 et
1021 2130 1158 2162 Cluver.
1174 2130 1290 2162 Germ.
1305 2135 1374 2162 ant.
1391 2134 1423 2170 2,
1440 2134 1474 2163 2.

1018 2176 1045 2206 Α
1051 2175 1235 2217 rubim-iqis-
1258 2174 1388 2206 Numus
1400 2175 1475 2217 ejus
1483 2180 1592 2208 exstat
1601 2186 1682 2208 cum

968 2219 1086 2251 addito
1111 2228 1247 2251 EBURo.
1296 2219 1339 2251 V.
1359 2220 1494 2252 Eckhel
1522 2220 1565 2251 D.
1581 2220 1624 2251 N.
1638 2220 1682 2252 V.

972 2269 995 2294 t.
1018 2263 1042 2295 i.
1069 2274 1104 2305 p.
1131 2265 1184 2296 76.
1208 2262 1268 2296 ubi
1294 2265 1336 2296 de
1360 2263 1596 2297 terminatione
1623 2268 1682 2297 rix

969 2307 1132 2349 disputat.

1018 2353 1193 2384 Cativolci.
1236 2352 1277 2385 L.
1303 2354 1335 2391 6,
1351 2355 1405 2385 31.
1428 2353 1528 2385 codd.
1552 2353 1680 2386 habent

976 2398 1190 2429 Catuvolcus.
1213 2397 1271 2428 Gr.
1287 2398 1507 2435 Κατίβουλκος.

1015 2441 1157 2473 Milibus
1181 2452 1276 2483 pass.
1305 2448 1452 2475 centum.
1514 2443 1679 2475 Peccatur

970 2483 1027 2516 hic
1043 2485 1191 2517 defectu.
1209 2485 1373 2517 intersunt
1398 2486 1563 2518 CLXXX
1579 2486 1680 2518 milia

969 2540 1144 2571 passuum.
1190 2530 1327 2562 Graecus
1362 2529 1524 2572 interpres
1560 2536 1680 2571 peccat

968 2584 1122 2611 excessu,
1164 2573 1268 2606 habet
1304 2574 1395 2607 enim
1434 2575 1460 2605 ἐν
1497 2572 1676 2614 moinum

967 2615 1091 2649 σταδίων
1105 2619 1236 2662 paneaden.

1015 2664 1240 2695 Conlocasset.
1261 2663 1323 2695 alii
1339 2663 1545 2695 conlocatus.

1013 2707 1060 2739 In
1079 2708 1197 2739 Gallia
1212 2710 1355 2739 morari.
1376 2706 1436 2738 alii
1450 2709 1487 2739 in
1508 2707 1675 2748 Galliam,

965 2752 1058 2793 quod
1083 2750 1169 2782 foret
1193 2750 1278 2783 intra
1298 2750 1456 2783 Galliam.
1503 2751 1558 2784 Cf.
1585 2751 1677 2785 Oud.

965 2796 1008 2828 ad
1024 2795 1096 2826 Afr.
1111 2805 1142 2826 c.
1159 2797 1213 2826 47.

1019 2838 1462 2879 Tertium—interfecmmnt.
1473 2839 1570 2872 Adeo
1582 2851 1680 2883 mag-

968 2893 1012 2915 na
1028 2888 1079 2914 est
1095 2882 1130 2914 in
1147 2882 1200 2914 his
1215 2883 1329 2915 verbis
1343 2883 1503 2915 lectionis
1516 2885 1678 2924 varietas,

969 2928 1118 2959 utrnullo
1133 2927 1238 2959 modo
1254 2934 1408 2959 constare
1422 2927 1532 2970 possit
1547 2930 1590 2961 de
1604 2930 1678 2961 lec·-

967 2972 1065 3009 tione
1086 2982 1180 3008 vexa.
1221 2970 1341 3006 Missis
1355 2972 1586 3051 ceteriS,IJ‘am
1597 2978 1679 3008 ante
