1992 3271
748 155 864 200 LIB.
898 155 935 199 1.
998 156 1136 200 CAP.
1169 157 1328 202 9-11.
1754 165 1780 208 9

373 282 437 325 10.
474 280 636 324 Caesari
653 281 946 331 renunciatur,
969 281 1181 325 Helvetiis
1194 299 1280 326 esse
1293 282 1337 326 in
1354 283 1512 335 animo,
1526 301 1605 344 per
1624 302 1781 347 agrum

311 340 613 398 Sequanorum
630 349 674 382 et
697 340 940 382 AEduorum
968 340 1051 381 iter
1072 340 1116 382 in
1136 342 1376 385 Santonum
1404 343 1506 386 fines
1527 345 1680 396 facere,
1703 349 1781 406 qui

307 414 393 442 non
426 400 554 457 longe
589 416 615 441 a
648 399 917 441 Tolosatium
949 397 1105 440 finibus
1134 399 1306 450 absunt,
1341 418 1438 459 quae
1467 403 1617 447 civitas
1644 415 1707 448 est
1736 407 1779 450 in

311 458 552 500 Provincia.
617 457 667 499 Id
687 459 721 499 si
740 457 876 507 fieret,
907 456 1203 513 intellegebat,
1234 474 1389 516 magno
1419 478 1517 503 cum
1541 463 1780 507 Provinciae

306 516 502 574 periculo
523 516 738 564 futurum,
761 524 811 557 ut
838 515 1028 558 homines
1049 515 1290 565 bellicosos,
1316 517 1474 576 Populi
1502 521 1686 565 Romani
1704 524 1781 566 ini-

304 575 452 624 micos,
475 574 579 617 locis
600 573 852 631 patentibus
877 573 1145 631 maximeque
1166 574 1458 619 frumentariis
1474 578 1692 624 finitumos
1709 581 1780 625 ha-

304 633 442 674 beret.
488 632 562 673 Ob
583 648 651 674 eas
673 648 836 674 caussas
865 632 903 674 ei
925 632 1171 681 munitioni,
1193 649 1324 690 quam
1345 634 1520 686 fecerat,
1551 639 1602 680 Τ.
1629 640 1780 683 Labie-

267 740 271 741 7
303 706 407 733 num
443 690 657 748 Legatum
690 690 909 748 praefecit:
946 691 1037 749 ipse
1070 691 1114 733 in
1144 690 1315 733 Italiam
1349 694 1513 751 magnis
1554 697 1781 743 itineribus

301 749 539 799 contendit,
557 750 749 806 duasque
767 749 827 791 ibi
849 749 1037 807 legiones
1058 750 1290 793 conscribit
1311 760 1355 793 et
1377 753 1470 802 tris,
1500 770 1597 811 quae
1619 757 1781 801 circum

303 807 552 866 Aquileiam
572 807 834 857 hiemabant,
864 824 917 850 ex
948 808 1138 851 hibernis
1170 809 1314 852 educit
1334 818 1393 860 et,
1424 828 1510 869 qua
1533 816 1781 871 pronimum

301 866 385 909 iter
419 867 461 909 in
483 867 744 909 ulteriorum
776 867 964 909 Galliam
989 883 1068 924 per
1098 868 1233 926 Alpes
1254 878 1363 918 erat,
1386 886 1483 912 cum
1504 871 1567 914 his
1589 874 1782 932 quinque.

300 925 544 983 legionibus
566 925 628 967 ire
647 925 883 968 contendit.
947 924 1016 967 Ibi
1047 926 1287 969 Ceutrones
1316 936 1360 970 et
1385 929 1603 974 Graioceli
1625 942 1669 975 et
1701 934 1782 976 Ca-

302 984 482 1042 turiges,
511 984 615 1026 locis
643 984 942 1042 superioribus
973 985 1210 1042 occupatis,
1239 986 1393 1029 itinere
1421 990 1657 1033 exercitum
1681 1009 1781 1050 pro-

298 1043 447 1084 hibere
465 1052 691 1085 conantur.
757 1043 1072 1100 Compluribus
1100 1043 1163 1085 his
1185 1045 1352 1102 proeliis
1374 1047 1524 1103 pulsis,
1550 1049 1606 1091 ab
1630 1050 1781 1101 Ocelo,

301 1101 419 1160 quod
439 1110 502 1144 est
524 1101 736 1144 citerioris
757 1101 995 1144 Provinciae
1009 1111 1265 1152 extremum,
1286 1104 1328 1145 in
1342 1103 1444 1147 fines
1466 1106 1783 1152 Vocontiorum

300 1160 520 1202 ulterioris
557 1160 796 1203 Provinciae
825 1160 893 1202 die
922 1161 1106 1219 septimo
1138 1163 1357 1219 pervenit:
1395 1163 1491 1206 inde
1513 1165 1556 1208 in
1576 1167 1781 1211 Allobro-

299 1235 404 1275 gum
433 1219 551 1268 fines,
582 1220 638 1261 ab
669 1219 989 1277 Allobrogibus
1018 1220 1061 1262 in
1098 1220 1357 1278 Segusiauos
1386 1224 1625 1268 exercitum
1645 1227 1781 1269 ducit.

302 1278 363 1320 Hi
386 1287 486 1320 sunt
506 1287 628 1319 extra
649 1278 921 1320 Provinciam
943 1287 1061 1320 trans
1084 1277 1344 1321 Rhodanum
1365 1282 1512 1338 primi.

363 1339 429 1379 ll.
467 1337 659 1378 Helvetii
689 1336 776 1393 jam
810 1352 888 1394 per
909 1337 1128 1394 angustias
1160 1346 1205 1379 et
1237 1337 1340 1381 fines
1364 1340 1668 1398 Sequanorum
1689 1360 1785 1388 suas

300 1396 445 1453 copias
467 1395 797 1437 transduxerant
811 1404 854 1436 et
871 1395 913 1436 in
934 1395 1179 1437 AEduorum
1192 1395 1294 1438 fines
1313 1410 1599 1454 pervenerant
1615 1418 1784 1445 eorum-

297 1471 382 1511 que
423 1469 550 1511 agros
592 1453 934 1511 populabantur.
1000 1453 1148 1502 AEdui,
1188 1470 1325 1511 quum
1365 1472 1408 1497 se
1447 1474 1609 1515 suaque
1646 1460 1703 1503 ab
1735 1462 1785 1505 iis

297 1512 523 1554 defendere
544 1527 629 1553 non
653 1520 840 1568 possent,
877 1512 1042 1568 legatos
1063 1512 1117 1553 acl
1141 1512 1355 1554 Caesarem
1376 1515 1559 1558 mittunt
1580 1528 1786 1576 rogatum

296 1571 531 1613 auxilium:
570 1578 597 1595 ‘⁶
618 1570 678 1611 ita
699 1586 741 1611 se
763 1570 880 1611 omni
902 1578 1098 1627 tempore
1117 1570 1169 1611 de
1196 1570 1368 1628 Populo
1391 1571 1588 1616 Romano
1610 1578 1788 1622 meritos

298 1636 326 1654 “
349 1646 452 1678 esse,
487 1636 538 1671 ut
573 1644 693 1686 paene
730 1628 774 1669 in
808 1638 1043 1686 conspectu
1083 1628 1296 1671 exercitus
1330 1631 1466 1672 nostri
1491 1633 1586 1689 agri
1608 1638 1785 1687 vastari,

297 1695 324 1714 “
349 1687 475 1730 liberi
509 1703 659 1730 eorum
693 1686 737 1729 in
757 1687 1011 1729 servitutem
1044 1686 1217 1736 abduci,
1252 1689 1415 1746 oppida
1435 1694 1677 1747 expugnari
1698 1711 1785 1739 non

298 1755 327 1774 ‘⁶
350 1746 624 1790 debuerint.'’
685 1745 851 1788 Eodem
880 1754 1078 1804 tempore
1102 1746 1326 1796 Ambarri,
1359 1747 1583 1792 necessarii
1613 1761 1658 1794 et
1687 1769 1785 1797 con-

344 1891 587 1922 Renunciatmn
650 1889 762 1931 Vulgo
811 1891 1006 1927 nnncz‘otur,

298 1939 412 1966 contra
428 1935 527 1965 codd.
543 1935 592 1973 (et
607 1935 683 1964 edd.
699 1935 782 1973 vet.)
798 1933 1005 1975 Significatio

298 1979 333 2010 h.
351 1979 371 2009 l.
389 1977 474 2009 nihil
489 1978 626 2019 quidem
651 1977 782 2016 differt3
806 1979 863 2009 sed
884 1977 1006 2019 quaeri-

296 2027 360 2061 tur,
383 2033 457 2063 quae
474 2033 553 2053 vera
567 2021 668 2053 lectio
685 2022 738 2053 sit.
770 2024 820 2053 M.

343 2068 408 2101 Qui
423 2077 487 2098 non
496 2068 590 2108 [onya
604 2083 647 2088 ——
661 2069 696 2098 in
709 2068 894 2098 Provincia.
912 2066 1009 2097 Glos-

298 2110 399 2142 satori
417 2111 488 2141 haec
515 2110 631 2141 deberi
646 2110 836 2142 arbitratur.
861 2111 885 2141 Ι.
902 2109 942 2142 C.
959 2111 1006 2142 H.

341 2155 780 2195 Munitioni,qnamsecerat.
791 2154 844 2185 Cf.
859 2165 889 2185 c.
907 2158 938 2186 S.
955 2156 1005 2185 M.

342 2199 490 2230 Italiam.
515 2198 658 2229 Galliam
676 2198 880 2229 citeriorem.
904 2198 957 2229 Cf.
975 2209 1004 2228 e.

295 2245 350 2281 24,
368 2241 425 2273 ubi
442 2242 494 2273 hae
510 2242 660 2283 legiones
675 2243 831 2274 dicuntur
846 2242 879 2273 in
895 2242 1006 2273 Gallia

295 2286 451 2318 citeriore
476 2286 689 2327 conscriptae.
736 2287 786 2317 De
802 2286 1005 2327 legionibus,

294 2330 418 2371 quibus
432 2329 543 2362 Caesar
558 2330 591 2362 in
608 2331 672 2361 hoc
688 2330 780 2361 bello
797 2341 876 2361 usus
887 2336 949 2368 est,
962 2331 1004 2361 de
1038 2358 1042 2362 .

295 2385 409 2405 earum
425 2374 629 2413 nominibus,
653 2376 694 2405 de
710 2385 830 2415 genere
846 2373 1003 2413 militum,

295 2417 418 2458 quibus
442 2419 652 2457 constabant,
676 2419 717 2449 de
741 2429 855 2449 earum
873 2418 1001 2449 fortitu·

296 2460 374 2492 dine
403 2467 437 2492 et
470 2463 570 2493 rebus
599 2462 715 2503 gestis.
741 2468 849 2494 exstat
872 2462 1003 2493 erudite

297 2504 423 2546 scripta
438 2505 622 2547 disputatio
640 2506 672 2537 in
688 2506 789 2541 libro.
813 2505 869 2547 qui
887 2505 1004 2537 inscri-

296 2548 398 2588 bitur,
426 2549 613 2582 Memoires
633 2550 794 2591 critiques
815 2556 847 2581 et
870 2550 1004 2582 histori-

294 2604 378 2634 ques
395 2604 448 2624 sur
473 2594 641 2634 plusieurs
666 2594 776 2636 points
791 2594 1004 2636 d’antiquites

295 2636 473 2668 militaires
489 2648 548 2678 par
561 2637 699 2670 Charles
709 2638 895 2676 Guichard,
908 2649 1004 2670 nom-

294 2680 350 2711 me
381 2680 526 2718 Quintus
555 2682 682 2714 Icilius.
713 2682 812 2713 Tom.
830 2686 860 2714 3.
890 2694 923 2724 p.
943 2685 1004 2713 l—

298 2726 372 2756 130.
397 2724 550 2765 inprimis
564 2727 651 2757 Sect.
669 2727 694 2757 I.
711 2732 744 2757 et
760 2727 800 2757 11.
829 2728 879 2758 M.

343 2770 515 2800 Graioceli.
545 2770 621 2800 Hoc
652 2769 811 2801 Davisius
839 2781 899 2812 pro
913 2771 1005 2813 vulg.

301 2814 449 2844 Garocelc'
478 2812 633 2844 restituit.
658 2814 790 2844 Nomen
815 2815 1005 2847 habuerunt

293 2856 338 2888 ab
356 2856 500 2897 Alpibus
515 2856 624 2888 Graiis
639 2862 671 2888 et
687 2857 807 2889 Ocelo.
831 2860 881 2890 M.

343 2902 511 2942 Complar.
527 2902 575 2932 lze's
586 2913 642 2943 pr.
654 2903 767 2943 pulsis.
823 2902 887 2934 Rei
904 2904 1004 2945 hujus

295 2944 451 2977 meminit
466 2945 656 2987 Polyaenus,
678 2948 710 2984 8,
725 2949 780 2979 23.
802 2948 861 2980 sed
883 2959 1002 2993 perpe-

1077 1899 1147 1921 ram
1185 1889 1295 1929 uadit,
1339 1891 1506 1923 Caesarem
1550 1894 1668 1936 ἀμαχὶ,
1713 1896 1785 1929 sine

1078 1945 1200 1975 pugna,
1216 1935 1323 1976 Alpes
1340 1941 1592 1973 transgressum.

1124 1980 1225 2010 Ocelo.
1263 1979 1393 2017 Strabo,
1410 1980 1469 2011 lib.
1486 1982 1518 2011 4.
1543 1993 1576 2022 p.
1599 1985 1670 2015 179.
1696 1984 1786 2017 Oce-

1076 2023 1145 2053 lum
1162 2023 1261 2054 finem
1278 2029 1372 2054 terrae
1393 2024 1496 2055 Cottii
1513 2025 1609 2065 dixit,
1630 2039 1705 2068 quae
1722 2029 1787 2061 fuit

1076 2066 1108 2097 in
1126 2066 1273 2107 Alpibus
1288 2067 1422 2098 Cottiis.
1452 2068 1527 2099 Fuit
1543 2081 1624 2108 ergo
1641 2071 1783 2105 Ocelum

1075 2110 1151 2141 finis
1167 2110 1346 2152 Cisalpinae
1362 2111 1479 2143 Galliae
1498 2113 1529 2144 in
1545 2110 1709 2156 Alpibus3
1735 2118 1785 2149 vi-

1076 2165 1149 2193 cus,
1172 2165 1213 2186 an
1239 2155 1416 2196 oppidum,
1445 2167 1511 2188 non
1542 2158 1659 2200 liquet.
1706 2163 1784 2194 Cell.

1078 2199 1222 2237 Ocelum,
1245 2199 1329 2231 alias
1362 2201 1523 2239 Uoeellum,
1548 2212 1632 2234 nunc
1657 2206 1783 2237 Uoeeau.

1078 2243 1119 2273 V.
1149 2244 1318 2275 d’Anville
1355 2244 1388 2275 in
1424 2245 1501 2276 Not.
1532 2247 1574 2277 de
1603 2248 1635 2278 la
1663 2248 1781 2289 Gaulo,

1074 2297 1108 2328 p.
1127 2289 1202 2319 501.

1125 2332 1364 2369 Vocontiorum,
1387 2332 1498 2374 Caput
1525 2334 1706 2368 Vasionem
1722 2347 1781 2368 no-

1073 2374 1178 2406 minat
1205 2376 1298 2407 Mela
1323 2380 1355 2415 2,
1380 2381 1411 2416 5,
1438 2378 1525 2409 unde
1550 2381 1647 2412 sedes
1676 2381 1782 2413 mani-

1072 2419 1169 2450 festa.

1118 2464 1327 2504 Sequse‘anos.
1348 2464 1442 2496 Male
1457 2466 1514 2498 alii
1533 2467 1737 2499 Sebzm‘cmos.

1118 2508 1252 2540 illei-ilos
1269 2519 1344 2539 esse.
1394 2510 1434 2540 V.
1449 2521 1480 2541 c.
1493 2514 1546 2541 43.
1561 2519 1595 2542 et
1611 2511 1741 2548 Strabo,
1758 2511 1780 2543 l.

1072 2551 1104 2580 4.
1122 2553 1224 2591 p.92.
1268 2551 1406 2584 'I‘aeitus
1430 2556 1515 2585 Ann.
1536 2556 1586 2593 11,
1611 2558 1665 2586 25.
1709 2555 1780 2586 Eu-

1071 2595 1175 2625 menii
1192 2606 1310 2637 paneg.
1326 2596 1546 2636 Constantini,
1569 2609 1600 2629 c.
1616 2603 1646 2629 2.

1119 2639 1227 2670 AEdm·
1243 2641 1408 2672 Ambarri.
1454 2642 1540 2673 Edd.
1556 2642 1669 2683 vulgg.
1688 2642 1778 2673 hunc

1072 2681 1186 2714 locum
1214 2683 1261 2714 sic
1282 2685 1464 2715 exhibent:
1490 2686 1614 2717 Eodem
1628 2692 1778 2728 tempore,

1072 2736 1136 2767 quo
1151 2727 1271 2765 ΔκΕιΙιιί,
1288 2729 1443 2759 Ambarri
1456 2731 1691 2771 quoque—Sed
1705 2730 1779 2761 nul-

1072 2769 1125 2800 lus
1139 2771 1246 2801 codex
1263 2771 1365 2802 habet
1379 2782 1443 2812 quo
1459 2778 1493 2803 et
1508 2783 1648 2814 quoque.
1687 2775 1778 2815 Ergo

1073 2813 1343 2846 suasitClarkius
1369 2816 1453 2847 hanc
1479 2817 1678 2848 lectionem:
1711 2819 1778 2849 Eo-

1071 2858 1144 2888 dem
1168 2863 1263 2898 temp.
1296 2860 1404 2891 AEdm'
1434 2861 1589 2893 Ambarri
1615 2872 1779 2893 ‘neces-3.—

1072 2911 1172 2942 quam
1203 2901 1463 2945 Oudendorpius
1495 2904 1642 2946 recepit:
1679 2910 1779 2946 atque

1064 2945 1117 2977 ita
1131 2949 1206 2978 sunt
1219 2946 1375 2980 Ambarri
1391 2959 1466 2991 pars
1482 2948 1630 2982 civitatis
1646 2949 1780 2989 AEduae,
