1946 3261
679 218 796 261 LIB.
861 220 999 263 CAP.
1038 219 1104 269 19,
1126 221 1198 263 20.
1583 220 1672 264 485

189 344 252 387 nis
289 346 508 403 servisque
537 345 864 404 conscripserat,
896 355 1141 390 armaverat
1165 363 1367 406 equoque
1404 348 1470 393 uti
1501 349 1674 393 frenato

186 405 492 447 condocuerat.
544 405 774 447 Praeterea
797 405 938 463 Regia
959 405 1145 455 auxilia,
1164 407 1414 464 elephantes
1434 417 1609 451 centum
1629 416 1678 452 et

185 463 359 520 viginti,
397 465 702 521 equitatusque
739 463 1084 506 innumerabilis:
1141 464 1311 516 deinde,
1350 467 1540 525 legiones
1576 483 1676 510 con-

182 523 354 580 scriptae
391 539 443 564 ex
477 522 798 581 cujusquemodi
834 536 992 578 genere
1031 522 1216 580 amplius
1254 524 1499 569 duodecim.
1578 526 1678 569 Hac

181 597 258 639 spe
292 590 426 637 atque
459 597 509 623 ea
541 581 715 623 audacia
750 579 1036 623 inflammatus
1066 581 1297 633 Labienus,
1325 600 1426 626 cum
1452 585 1677 642 equitibus

187 639 326 682 Gallis
350 639 665 695 Germanisque
689 638 847 687 MDC,
873 640 1164 682 Numidarum
1182 640 1270 683 sine
1292 641 1422 684 frenis
1443 653 1543 693 octo
1564 644 1676 687 mili-

184 698 281 747 bus,
317 705 546 755 praeterea,
587 697 816 739 Petreiano
851 698 1012 741 auxilio
1048 698 1263 749 adhibito,
1301 700 1524 758 equitibus
1561 702 1674 753 MC,

182 755 383 814 peditum
403 771 452 798 ac
475 755 580 798 levis
600 764 831 797 armaturae
860 766 1018 814 quater
1039 765 1179 807 tanto,
1206 758 1442 816 sagittariis
1462 775 1511 802 ac
1531 761 1676 804 fundi-

181 814 348 858 toribus
369 813 754 872 hippotoxotisque
773 816 1086 873 compluribus.
1129 816 1216 859 Hic
1236 817 1367 875 copiis
1389 818 1531 876 pridie
1555 820 1674 863 Non.
1702 814 1705 817 ’

180 874 282 915 Jan.
319 882 418 931 post
448 874 561 916 diem
600 874 797 923 tertium,
837 891 967 931 quam
1002 875 1200 918 Africam
1228 877 1406 934 adtigit,
1435 876 1479 920 in
1513 878 1676 936 campis

180 932 433 991 planissimis
461 932 782 990 purissimisque
817 934 873 975 ab
895 932 1002 976 hora
1023 934 1107 976 diei
1127 935 1308 992 quincta
1332 951 1470 992 usque
1497 936 1555 979 ad
1575 936 1676 979 solis

179 1007 375 1034 occasum
412 1000 476 1033 est
510 991 795 1033 decertatum.
873 991 924 1033 In
961 1008 1012 1034 eo
1050 994 1207 1051 proelio
1246 993 1445 1035 Petreius
1481 995 1678 1052 graviter

177 1050 289 1092 ictus
310 1065 363 1091 ex
378 1051 468 1091 acie
491 1051 676 1091 recessit.

239 1109 310 1150 20.
347 1108 490 1150 Caesar
518 1108 691 1150 interim
726 1116 868 1150 castra
889 1109 1056 1150 munire.
1078 1108 1346 1166 diligentius,
1371 1110 1572 1168 praesidia
1603 1112 1676 1155 fir-

181 1183 298 1209 mare
321 1167 560 1224 majoribus
579 1166 728 1224 copiis,
762 1166 1014 1224 vallumque
1039 1167 1096 1209 ab
1122 1167 1287 1225 oppido
1317 1168 1516 1227 Ruspina
1537 1187 1676 1230 usque

178 1226 234 1269 ad
254 1242 369 1268 mare
386 1226 602 1268 deducere
624 1234 668 1267 et
688 1242 713 1268 a
737 1225 884 1267 castris
897 1225 1084 1267 alterum
1105 1226 1275 1277 eodem,
1293 1243 1383 1285 quo
1400 1229 1539 1272 tutius
1556 1231 1679 1274 ultro

179 1285 380 1343 citroque
418 1300 659 1327 commeare
690 1284 937 1341 auxiliaque
965 1284 1052 1326 sine
1084 1285 1279 1342 periculo
1310 1286 1390 1328 sibi
1420 1304 1679 1332 succurrere

180 1352 376 1402 possent:
415 1344 503 1386 tela
524 1352 830 1400 tormentaque
857 1359 909 1384 ex
931 1343 1114 1385 navibus
1133 1343 1178 1385 in
1205 1353 1346 1387 castra
1367 1356 1645 1405 comportare
1661 1363 1674 1390 :

181 1403 395 1459 remigum
424 1411 595 1460 partem
626 1418 679 1444 ex
706 1402 853 1449 classe,
892 1402 1138 1451 Gallorum,
1173 1402 1447 1447 Rhodiorum
1477 1406 1675 1465 epibata-

182 1478 367 1519 rumque
403 1477 572 1503 armare
605 1470 649 1502 et
683 1461 725 1503 in
753 1469 893 1502 castra
915 1476 1113 1509 evocare,
1145 1461 1227 1511 uti,
1260 1463 1294 1504 si
1323 1472 1483 1521 posset,
1521 1465 1675 1511 eadem

181 1521 363 1570 ratione,
386 1536 474 1578 qua
496 1519 749 1569 adversarii,
773 1519 879 1561 levis
895 1528 1118 1562 armatura
1134 1520 1363 1579 interjecta
1378 1522 1491 1566 inter
1509 1525 1679 1582 equites

181 1597 278 1623 suos
317 1580 704 1638 interponeretur:
766 1578 1087 1637 sagittariisque
1129 1595 1182 1621 ex
1226 1581 1426 1624 omnibus
1474 1584 1674 1634 navibus,

181 1639 354 1696 Ityreis,
391 1639 528 1697 Syriis
565 1646 609 1680 et
642 1638 851 1696 cujusque
885 1639 1053 1695 generis
1082 1637 1226 1681 ductis
1254 1639 1298 1681 in
1319 1648 1459 1683 castra
1480 1643 1676 1701 complu-

180 1698 315 1747 ribus,
339 1697 649 1754 frequentabat
670 1713 766 1739 suas
787 1695 932 1754 copias
952 1711 960 1737 :
1010 1696 1234 1752 (audiebat
1259 1698 1388 1749 enim,
1423 1700 1676 1759 Scipionem

180 1765 280 1815 post
301 1756 415 1799 diem
435 1756 616 1798 tertium
635 1755 725 1813 ejus
747 1755 847 1804 diei,
871 1771 958 1812 quo
978 1756 1184 1813 proelium
1205 1757 1368 1800 factum
1384 1767 1496 1809 erat,
1517 1760 1678 1819 adpro-

177 1816 408 1875 pinquare,
444 1815 588 1874 copias
615 1830 713 1857 suas
745 1830 842 1856 eum
879 1815 1075 1858 Labieno
1106 1824 1151 1858 et
1190 1816 1364 1860 Petreio
1396 1819 1676 1878 conjungere,

227 1962 415 1993 Duodecim
427 1961 571 1992 milibus.
598 1958 749 1990 Verbum
761 1959 894 1990 milibus

181 2012 268 2037 stare
286 2016 352 2037 non
370 2016 481 2046 posse,
498 2010 574 2045 post
589 2002 748 2044 Lipsium
765 2002 894 2041 (Elect.

182 2055 214 2089 2,
231 2051 289 2090 22)
305 2048 435 2081 monuit
449 2047 635 2079 Cellarius:
667 2056 746 2077 nam
770 2046 895 2078 Labie-

182 2105 246 2126 nus
278 2093 400 2125 habuit
431 2091 583 2133 legiones
618 2090 770 2131 amplius
808 2092 895 2122 duo-

182 2137 307 2170 decim.
354 2136 409 2168 Sic
426 2147 487 2178 pro
503 2137 634 2177 ymeris
650 2145 727 2165 cum
748 2134 892 2175 quibus-

182 2184 259 2214 dam
275 2182 364 2213 codd
400 2181 529 2221 legetur
550 2189 681 2220 ywere,
709 2183 740 2209 et
769 2178 895 2210 intelli-

181 2234 278 2270 getur
292 2228 478 2258 hominum.
505 2225 556 2255 M.
609 2222 747 2253 Scilicet
768 2222 894 2262 legitur

181 2272 284 2313 vulgo
299 2281 341 2301 ea:
356 2272 517 2311 cujusque
532 2269 660 2309 yenerLs·
673 2268 777 2307 ampl.
792 2267 893 2298 duod.

183 2317 332 2347 milibus.
358 2314 422 2345 Sed
438 2313 573 2344 milibus
584 2312 677 2342 deest
691 2321 710 2342 a
722 2311 822 2341 codd.
833 2311 894 2341 tri-

182 2360 247 2391 bus
270 2358 382 2390 citatis
404 2368 423 2388 a
439 2356 600 2388 Goduiuo
624 2361 656 2385 et
680 2364 742 2395 pro
765 2356 894 2396 generis

183 2404 283 2435 codd.
294 2403 409 2434 Petav.
419 2407 453 2432 et
466 2399 605 2432 Norvic.
619 2398 749 2430 habent
760 2409 892 2439 [lenere.

185 2448 238 2479 Sic
248 2445 389 2478 Cellarii
400 2444 503 2476 lectio
513 2444 693 2484 habetquo
704 2453 737 2474 se
751 2448 893 2481 tueatur,

183 2501 326 2533 eamque
343 2489 490 2531 recipio.
535 2489 606 2519 Nec
625 2486 783 2528 inprobat
801 2486 891 2517 Oud.

229 2538 338 2578 Atque
366 2545 407 2565 ea
435 2534 595 2565 audacia.
649 2531 806 2562 Tollatur
841 2541 892 2567 ea,

181 2581 273 2623 quod
313 2590 333 2611 a
368 2577 478 2609 tribus
518 2574 753 2616 Oudendorpii
792 2575 891 2606 codd.

181 2625 293 2657 abest.
319 2624 369 2655 M.

234 2668 463 2701 Numidarum
476 2665 675 2706 sinesrem'S.
719 2662 772 2694 Sic
788 2661 893 2694 soliti.

183 2713 236 2746 Cf.
255 2713 315 2744 Sil.
337 2713 457 2750 1,195.

232 2759 357 2792 Quater
380 2760 485 2787 tanto.
530 2753 605 2784 Hoc
621 2751 717 2783 dedit
737 2751 858 2783 Clarke
875 2762 893 2782 e

185 2803 287 2833 codd.
305 2799 450 2832 firmavit
475 2797 566 2828 Oud.
583 2807 625 2828 ex
641 2796 731 2828 aliis.
778 2795 892 2837 Vulgo

184 2846 361 2887 legebatur
376 2846 488 2876 tantis.

234 2891 353 2923 Pridie
386 2889 475 2920 Non.
506 2886 586 2919 Jcm.
657 2885 716 2917 Est
745 2884 819 2916 dies
852 2886 892 2917 16

964 1958 1138 1998 Octobris,
1152 1965 1188 1990 ut
1204 1958 1357 1993 Usserius
1372 1960 1406 1993 in
1424 1962 1545 1995 Annal.
1560 1974 1594 2006 p.
1609 1966 1675 1997 478

962 2003 1106 2034 monuit.
1139 2004 1190 2034 De
1207 2014 1308 2036 causa
1325 2005 1395 2036 vid.
1420 2017 1522 2048 supra
1535 2009 1577 2040 ad
1593 2019 1623 2041 c.
1645 2012 1675 2042 1.

963 2049 1015 2079 M.
1072 2047 1194 2078 Potius
1228 2047 1308 2080 VIII
1338 2049 1557 2084 Novembris.
1618 2054 1677 2086 Cf.

962 2090 1132 2123 Chronol.

1008 2136 1159 2176 Africam
1175 2136 1300 2179 adeiqit
1323 2137 1397 2170 scil.
1422 2138 1558 2171 Caesar:
1583 2144 1676 2184 quod

961 2190 1086 2211 nomen
1114 2180 1149 2211 h.
1175 2181 1199 2211 l.
1229 2182 1319 2213 male
1346 2182 1511 2215 omissum
1542 2192 1604 2226 est,
1636 2193 1677 2219 ut

961 2224 1102 2255 omnino
1133 2224 1292 2266 periodus
1320 2230 1391 2257 tota
1418 2228 1650 2269 perturbatior
1666 2244 1675 2263 :

964 2269 1030 2299 His
1045 2270 1145 2309 copiis
1163 2269 1442 2304 Labienus—est
1456 2273 1676 2308 decertatum.

961 2313 1012 2343 M.
1049 2313 1213 2345 Labienus
1224 2331 1268 2336 —
1278 2320 1324 2346 est
1337 2315 1555 2348 decertatum.
1586 2319 1675 2351 Ἀναι-

961 2355 1115 2395 κῦλου-ὓσν,
1129 2358 1229 2398 quale
1243 2364 1275 2389 et
1286 2369 1317 2390 C.
1335 2361 1408 2390 125.
1423 2359 1503 2392 item
1515 2360 1556 2391 C·
1573 2366 1604 2401 3,
1622 2366 1673 2395 19.

961 2399 1025 2431 Cui
1052 2401 1177 2442 volupe
1197 2402 1311 2441 fuerit,
1335 2403 1460 2443 videat,
1481 2415 1550 2445 quo
1566 2409 1672 2439 modo

961 2450 1068 2476 totum
1084 2445 1173 2477 hunc
1188 2447 1302 2478 locum
1315 2447 1454 2490 refingat
1471 2449 1636 2483 Jurinius.

1007 2491 1214 2523 Commeare.
1257 2491 1387 2529 Quidni
1404 2492 1519 2534 potius
1534 2505 1553 2524 e
1569 2496 1672 2528 codd.

961 2540 1165 2566 commeatus
1180 2537 1408 2578 auxiliaque?
1435 2537 1584 2570 sublatis
1599 2550 1674 2571 ver-

959 2576 1026 2616 bis,
1042 2581 1112 2610 sine
1120 2581 1282 2620 periculo.
1309 2582 1361 2611 Μ.

1009 2624 1235 2663 Comportare.
1252 2622 1330 2656 scil.
1345 2625 1463 2666 coepit.

1008 2667 1129 2707 Syriis.
1152 2667 1224 2698 Alii
1241 2669 1352 2709 Syris,
1368 2675 1403 2700 ut
1420 2669 1547 2713 Vulgo.

1008 2712 1274 2752 Frequentabat.
1298 2713 1457 2753 augebat,
1479 2717 1674 2758 frequentes

961 2754 1134 2785 reddebat.
1150 2754 1199 2786 sic
1216 2755 1307 2787 Suet.
1333 2757 1420 2799 Aug.
1445 2760 1499 2790 46.
1530 2761 1671 2794 Italiam

964 2800 998 2830 X
1002 2800 1035 2830 X
1045 2800 1059 2829 1
1063 2800 1096 2830 'I
1097 2800 1119 2830 I
1121 2799 1144 2829 I
1151 2801 1241 2830 colon
1247 2802 1506 2835 iammnumero
1507 2804 1672 2847 frequen-

963 2845 1056 2874 tacit.
1112 2842 1244 2874 Colum.
1275 2844 1316 2876 R.
1345 2845 1389 2876 R.
1419 2848 1469 2886 10,
1501 2850 1578 2881 213.
1598 2851 1671 2893 fre-

961 2891 1094 2929 quentet
1107 2889 1198 2929 prole
1213 2898 1301 2920 nova
1315 2891 1494 2924 mun-dum.
