1946 3261
240 209 325 254 578
674 211 728 254 C.
759 208 927 254 JULII
959 207 1241 254 CAESARIS

249 351 332 396 DE
365 353 413 394 C.
436 349 602 394 JULH
635 351 918 396 CAESARIS
950 349 1275 396 EPISTOLIS
1306 344 1720 393 TESTIMONIA.

248 452 499 494 EP1s'roLAE
523 468 697 511 quoque
739 454 832 512 ejus
859 454 913 497 ad
951 455 1158 496 Senatum
1185 458 1397 499 exstant:
1424 464 1530 507 quas
1557 449 1723 514 primus

248 509 423 553 videtur
450 511 504 554 ad
555 511 719 570 aginas,
739 520 784 555 et
806 513 987 556 formam
1008 511 1263 554 memorialis
1282 508 1418 553 libelli
1438 515 1722 574 convertisse:

249 584 348 610 cum
379 577 505 612 antea
524 527 737 614 ἓοῐιειύθε
755 579 799 614 et
821 572 964 615 Duces
995 586 1080 613 non
1100 569 1177 614 nisi
1200 577 1441 612 transversa
1459 566 1609 610 charta
1628 572 1727 608 mit·

252 634 395 672 terent
416 628 611 688 scriptas.
633 637 805 672 exstant
833 638 879 671 et
898 629 954 672 ad
977 629 1250 677 Ciceronem;
1282 629 1386 670 item
1403 625 1458 669 ad
1480 624 1727 672 familiares,

250 684 495 730 domesticis
521 687 576 730 de
611 689 752 732 rebus.
790 687 833 730 in
861 689 1021 745 quibus
1046 688 1080 730 si
1115 703 1202 746 qua
1233 685 1444 730 occultius
1477 682 1731 743 perferenda.

251 752 391 794 erant,
414 761 490 803 per
510 754 635 789 notas
656 747 841 804 scripsit,
864 745 908 788 id
926 755 1006 796 est,
1027 746 1084 788 sic
1105 753 1272 789 structo
1292 745 1540 787 litterarum
1562 742 1729 790 ordine,

252 810 305 845 ut
323 803 493 847 nullum
513 805 697 848 verbum
729 806 838 848 effici
873 813 1035 864 posset:
1068 821 1164 862 quae
1199 803 1233 846 si
1265 803 1362 859 quis
1395 801 1652 868 investigare
1685 807 1732 841 et

255 862 455 918 persequi
489 863 635 912 vellet,
665 871 867 921 quartam
898 863 1207 906 elementorum
1241 861 1448 909 litteram,
1490 858 1537 901 id
1570 867 1650 908 est,
1685 857 1732 900 D

254 934 336 976 pro
352 920 408 970 A,
424 928 469 964 et
486 921 662 979 perinde
677 922 864 980 reliquas
882 920 1269 966 commutet—Ea:
1285 918 1400 962 Suet.
1419 917 1467 962 in
1486 916 1589 962 C'aes.
1608 932 1644 960 c.
1662 915 1734 960 56.

318 1035 533 1088 Scribere,
567 1045 613 1079 et
643 1037 784 1095 legere
821 1038 962 1087 simul,
991 1039 1153 1081 dictare
1190 1046 1236 1080 et
1272 1036 1422 1080 audire
1459 1035 1634 1079 solitum
1669 1051 1737 1077 ac-

259 1093 466 1150 cepimus.
506 1095 708 1152 epistolas
745 1111 847 1140 vero
876 1105 1095 1140 tantarum
1129 1112 1273 1141 rerum
1306 1104 1537 1153 quaternas
1574 1094 1738 1153 pariter

258 1152 445 1253 linlrariils
471 1152 670 1252 §limares
697 1162 790 1205 aut,
828 1155 860 1198 si
896 1155 1001 1198 nihil
1036 1155 1155 1200 aliud
1194 1163 1359 1214 ageret,
1395 1153 1740 1212 septenas—Ea*

326 1223 384 1252 m.
440 1242 451 1260 ,
471 1219 479 1228 ·
501 1224 543 1252 ο.

323 1309 426 1352 Non
445 1308 621 1360 dubito,
653 1311 758 1369 quin
781 1312 865 1355 tuis
892 1312 1125 1368 (Caesarem
1153 1311 1424 1368 adloquitur)
1445 1310 1618 1362 litteris,
1639 1326 1746 1369 qua-

263 1383 361 1411 rum
392 1369 638 1427 exemplum
673 1370 775 1437 legi,
810 1387 916 1428 quas
953 1371 1008 1413 ad
1029 1387 1129 1414 eum
1165 1369 1467 1427 (Deiotarum)
1501 1370 1746 1414 Tarracone

266 1425 365 1469 huic
398 1426 610 1471 Blesamio
635 1428 810 1479 dedisti,
844 1446 886 1472 se
913 1429 1048 1486 magis
1067 1429 1197 1472 etiam
1229 1430 1431 1480 erexerit,
1467 1429 1526 1473 ab
1545 1428 1747 1486 omnique

266 1484 555 1530 sollicitudine
584 1487 870 1531 abstraxerit:
899 1488 1024 1546 jubes
1061 1488 1173 1531 enim
1205 1504 1303 1532 eum
1327 1496 1355 1516 “
1379 1488 1489 1532 bene
1511 1503 1683 1546 sperare
1702 1495 1750 1530 et

268 1550 297 1569 “
321 1543 434 1587 bono
455 1562 544 1588 esse
566 1545 754 1596 anim0,''
788 1547 906 1605 quod
928 1547 1012 1589 scio
1036 1555 1079 1589 te
1098 1562 1184 1590 non
1211 1547 1374 1591 frustra
1395 1547 1583 1591 scribere
1598 1545 1748 1590 solere.

269 1603 461 1660 ——Apud
482 1603 731 1648 Ciceronem
752 1604 799 1648 in
825 1605 940 1647 Orat.
970 1620 1050 1663 pro
1071 1605 1297 1659 Deiotaro,
1331 1620 1363 1649 c.
1393 1605 1457 1649 14.

335 1705 623 1754 Πομπήϊος-
647 1707 794 1748 ἐκέλευε
828 1711 906 1748 τοῖς
937 1709 1069 1763 πεζοῖς
1101 1716 1184 1749 etc.
1221 1707 1447 1764 Appianus
1471 1707 1570 1752 Civ.
1601 1708 1646 1757 2,
1680 1707 1753 1751 79.

275 1764 409 1806 refert
430 1772 690 1822 strategema
714 1764 924 1822 Pompeii,
954 1765 1008 1807 de
1035 1780 1123 1821 quo
1153 1765 1273 1823 apud
1296 1766 1506 1808 Caesarem
1535 1766 1588 1810 C.
1612 1768 1656 1817 3,
1679 1767 1750 1810 92.

275 1821 404 1879 idque
426 1821 468 1864 in
488 1821 645 1865 litteris
666 1821 748 1865 suis
769 1823 980 1866 Caesarem
1001 1822 1248 1881 inprobasse
1269 1823 1435 1867 scribit.

341 1941 483 1990 Quam
529 1940 859 1996 (Britanniam)
895 1942 1053 1992 Caesar,
1106 1941 1178 1984 ille
1213 1951 1363 1986 auctor
1400 1942 1530 1985 vestri
1561 1942 1758 1995 nominis,

280 2015 417 2057 quum
440 1999 734 2043 Romanorum
756 2000 918 2058 primus
939 2001 1152 2050 intrasset,
1169 2001 1301 2044 alium
1318 2018 1360 2044 se
1380 2002 1531 2045 orbem
1547 2010 1760 2045 terrarum

285 2057 458 2115 scripsit
479 2058 700 2116 reperisse,
731 2067 861 2101 tantae
891 2059 1196 2116 magnitudinis
1225 2059 1477 2107 arbitratus,
1505 2067 1557 2102 ut
1577 2075 1662 2103 non
1682 2061 1761 2104 eir-

285 2115 478 2158 cumfusa
497 2117 687 2167 Oceano,
707 2117 779 2160 sed
799 2117 1021 2176 complexa
1043 2118 1182 2177 ipsum
1211 2119 1448 2168 Oceanum,
1469 2119 1763 2164 videretur.—

287 2173 359 2216 Esc
380 2173 588 2218 Eumenia·
607 2175 656 2218 in
677 2176 899 2234 Panegyr.
924 2176 1168 2219 Constantii
1189 2176 1287 2220 Caes.
1312 2192 1345 2218 c.
1376 2178 1441 2221 ll.

344 2281 417 2324 Ἐν
435 2283 556 2339 ἐκείνῃ
575 2282 623 2340 δῂ
641 2290 694 2341 τῇ
717 2288 900 2342 στρατείᾳ
916 2286 1217 2343 προσεξήσκησεν
1238 2288 1498 2343 ἱππαζόμενος
1517 2287 1589 2330 ταὶς
1615 2289 1766 2330 ἐπιστο-

293 2339 368 2382 λὰς
391 2344 633 2398 ὑπαγορεύειν
659 2343 722 2384 καὶ
746 2343 843 2386 δυσὶν
876 2347 971 2393 ὁμοῦ
1000 2355 1203 2402 ’γξαφσυσιν
1238 2344 1419 2401 ἐξαρκεῖν·
1451 2349 1501 2387 ὡς
1531 2345 1569 2388 δὲ
1581 2344 1768 2389 ’'Ovoesc's

295 2408 400 2452 φησι,
420 2399 485 2440 καὶ
501 2401 663 2442 πλείοσι.
697 2404 854 2451 λέγεται
876 2402 915 2445 δὲ
935 2403 999 2444 καῖ
1020 2403 1072 2445 τοὶ
1092 2403 1153 2445 διὰ
1167 2405 1415 2460 «γραμμάτων
1433 2408 1512 2446 τοῖς
1539 2406 1662 2459 φίλοις
1681 2407 1765 2455 ὁμι-

295 2461 411 2556 aaliz]
429 2456 613 2515 Καῖσαξα
645 2464 795 2516 «πρῶτον
827 2460 1286 2516 μηχανήσασθαι.-Ειι“
1308 2460 1544 2506 Plutarcho
1579 2463 1629 2506 in
1662 2461 1765 2506 Coesi

295 2528 331 2557 C.
416 2547 425 2556 .

394 2624 475 2668 EX
507 2624 946 2670 ORATIONIBUS
981 2628 1050 2671 IN
1082 2628 1340 2673 FUNERE
1370 2628 1573 2675 JULIAE
1604 2629 1684 2675 ET

855 2709 1209 2754 CORNELIAE.

309 2794 544 2844 Qnaeswon
567 2799 596 2843 J
602 2799 734 2844 uliam
749 2801 937 2853 amitam,
973 2819 1236 2862 uxoremque
1263 2805 1525 2863 Corneliam,
1552 2806 1785 2852 defunctas

307 2852 504 2901 laudavit
521 2873 546 2901 e
565 2874 684 2903 more
706 2875 786 2919 pro
803 2861 965 2907 rostris,
1005 2862 1077 2908 sed
1099 2862 1304 2910 ixi-amitae
1329 2864 1505 2923 quidem
1532 2865 1782 2913 laudatione
