1946 3261
204 179 291 224 542
542 180 626 224 DE
666 178 870 223 BELLO
911 177 1348 224 HISPANIENSI.

207 306 397 365 Legatos
445 314 545 349 ante
600 304 812 348 exercitui
863 305 1135 363 praefecerat,
1203 306 1257 355 Q.
1309 304 1492 348 Pedium
1537 314 1583 349 et
1628 307 1688 357 Q.

202 364 385 408 Fabium
431 363 691 414 Maximum,
732 363 786 406 de
827 379 905 406 suo
946 364 1145 407 adventu
1198 364 1303 407 facit
1353 364 1574 414 certiores,
1620 374 1689 416 ut,

207 438 335 479 quem
355 422 434 464 sibi
468 423 722 481 equitatum
757 439 811 464 ex
846 423 1072 481 provincia
1104 422 1316 472 fecissent,
1356 423 1555 481 praesidio
1593 424 1690 466 mit-

201 488 356 522 terent.
422 481 493 524 Ad
524 497 637 539 quos
666 481 865 531 celerius,
903 497 1034 539 quam
1067 481 1145 540 ipsi
1186 481 1351 541 opinati
1381 489 1499 532 sunt,
1532 481 1691 541 adpro-

200 538 444 640 piribquavit,
483 555 640 599 neque,
676 549 726 583 ut
765 540 858 599 ipse
894 539 1049 590 voluit,
1092 541 1337 599 equitatum
1369 540 1450 583 sibi
1492 541 1692 599 praesidio

204 598 257 640 ha
291 597 373 640 uit.

259 657 301 698 3.
335 656 447 699 Erat
479 655 595 699 idem
627 658 832 716 temporis
864 658 1022 700 Sextus
1057 657 1287 716 Pompeius
1313 658 1466 708 frater,
1489 658 1687 716 quicum

200 714 398 773 praesidio
421 715 674 759 Cordubam
702 717 897 767 tenebat,
919 715 1039 774 quod
1061 717 1153 775 ejus
1173 717 1405 775 provinciae
1426 725 1561 776 caput
1582 726 1689 760 esset

199 773 553 817 existimabatur:
594 775 685 834 ipse
715 783 862 818 autem
891 775 974 818 Cn.
1013 775 1242 832 Pompeius
1265 775 1512 818 adolescens
1535 776 1685 819 Uliam

200 832 414 891 oppidum
444 833 747 892 obpugnabat,
779 843 823 876 et
855 835 945 877 fere
972 834 1061 893 jam
1091 834 1261 891 aliquot
1287 834 1503 877 mensibus
1535 834 1594 877 ibi
1615 834 1687 877 de-

197 891 437 934 tinebatur.
503 893 601 942 Quo
619 909 672 935 ex
695 893 877 951 oppido,
901 893 1076 951 cognito
1099 892 1280 935 Caesaris
1301 893 1510 943 adventu,
1533 892 1686 950 legati,

199 949 310 992 clam
331 951 529 1009 praesidia
560 951 644 994 Cn.
672 951 882 1010 Pompeii,
908 952 1119 994 Caesarem
1141 968 1278 1009 quum
1295 951 1499 1002 adissent,
1534 960 1684 1010 petere

199 1018 441 1067 coeperunt,
475 1009 540 1052 uti
572 1010 654 1054 sibi
691 1011 831 1077 primo
864 1026 1040 1068 quoque
1078 1020 1275 1069 tempore
1311 1010 1547 1054 subsidium
1589 1010 1687 1052 mit-

200 1075 326 1110 teret.
388 1068 532 1111 Caesar
554 1085 647 1111 eam
668 1069 888 1111 c1vitatem
907 1070 1023 1112 omni
1045 1078 1237 1128 tempore
1257 1070 1419 1128 optime
1439 1069 1494 1113 de
1514 1068 1688 1128 Populo

202 1124 399 1169 Romano
429 1128 626 1169 meritam
659 1143 746 1170 esse
776 1128 926 1178 sciens,
957 1129 1156 1171 celeriter
1176 1145 1249 1171 sex
1282 1128 1479 1172 cohortes
1501 1127 1688 1171 secunda

201 1183 350 1241 vigilia
365 1186 491 1242 jubet
515 1185 726 1244 proficisci
748 1187 932 1245 parique
954 1187 1123 1245 equites
1152 1202 1355 1230 numero:
1396 1187 1556 1244 quibus
1578 1201 1688 1245 prae-

200 1242 304 1286 fecit
324 1242 538 1286 hominem
559 1245 650 1301 ejus
671 1246 901 1304 provinciae
928 1255 1097 1294 notum,
1119 1255 1163 1288 et
1184 1261 1267 1288 non
1290 1261 1445 1304 parum
1466 1245 1686 1295 scientem,

203 1300 252 1342 L.
277 1301 461 1345 ,Iunium
485 1303 722 1346 Paciecum.
789 1305 875 1353 Qui
896 1320 1030 1361 quum
1051 1305 1105 1347 ad
1139 1305 1220 1347 Cn.
1261 1304 1456 1363 Pompeii
1488 1303 1688 1363 praesidia

199 1360 397 1411 venisset,
430 1361 578 1404 incidit
601 1362 712 1405 idem
744 1364 968 1420 temporis,
1001 1371 1051 1405 ut
1072 1372 1327 1421 tempestate
1347 1363 1527 1406 adversa
1560 1361 1686 1405 vehe-

200 1419 421 1476 mentique
454 1429 586 1464 vento
617 1420 915 1464 adflictaretur
952 1421 1122 1464 aditus:
1157 1438 1287 1480 quem
1320 1422 1384 1464 vis
1417 1421 1686 1481 tempestatis

197 1476 259 1519 ita
290 1477 570 1530 obscurabat,
605 1488 654 1522 ut
688 1480 759 1523 vix
792 1481 1037 1538 proximum
1068 1496 1300 1539 agnoscere
1335 1497 1487 1539 posses.
1552 1480 1687 1539 Cujus

199 1536 517 1580 incommodum
533 1554 740 1581 summam
761 1539 996 1582 utilitatem
1015 1540 1117 1598 ipsis
1140 1540 1377 1597 praebebat.
1441 1540 1526 1589 Ita,
1548 1554 1685 1597 quum

199 1595 254 1637 ad
287 1611 386 1638 eum
420 1596 564 1639 locum
594 1606 824 1648 venerunt,
858 1598 986 1656 jubet
1026 1598 1149 1641 binos
1181 1599 1347 1657 equites
1377 1597 1604 1650 incendere
1639 1606 1685 1641 et

199 1662 318 1696 recta
345 1670 426 1712 per
463 1655 805 1699 adversariorum
841 1656 1038 1715 praesidia
1064 1658 1120 1700 ad
1152 1657 1364 1716 oppidum
1396 1657 1679 1701 contendere:

201 1712 439 1771 mediisque
461 1730 611 1757 eorum
631 1715 835 1773 praesidiis
853 1732 990 1773 quum
1004 1725 1290 1773 quaereretur,
1309 1716 1383 1775 qui
1401 1724 1554 1765 essent,
1577 1730 1688 1758 unus

198 1786 251 1813 ex
272 1772 426 1814 nostris
447 1773 694 1840 respondit:
731 1782 760 1800 “
783 1783 834 1817 ut
849 1774 973 1817 sileat
990 1775 1171 1817 verbum
1190 1775 1332 1818 facere
1353 1790 1363 1823 ;
1396 1790 1492 1817 nam
1511 1773 1555 1816 id
1573 1781 1682 1817 tem-

200 1836 228 1856 “
253 1831 370 1889 poris
392 1846 538 1875 conari
560 1832 615 1877 ad
636 1849 805 1876 murum
827 1833 1048 1883 accedere,
1072 1841 1121 1875 ut
1144 1833 1353 1892 oppidum
1379 1832 1608 1892 capiant:'’
1637 1840 1683 1876 et

251 1993 301 2030 Ut,
316 2002 413 2034 quem
429 1994 490 2024 sibi
504 2010 613 2024 ——.
660 1994 769 2025 Codd.
787 1994 904 2025 Petav.
1021 1993 1278 2035 Afflictaremr:
1328 2004 1428 2036 quem
1455 1996 1506 2025 ris
1518 2010 1552 2016 —
1566 2017 1573 2024 .
1645 1994 1680 2025 ln

199 2041 231 2066 et
247 2036 579 2069 Norvic.exhibent:
596 2042 633 2069 ut
648 2040 709 2069 sibi
723 2048 799 2070 cum
810 2040 905 2079 equi·
972 2037 1069 2069 Leid.
1088 2038 1135 2069 sic
1153 2044 1213 2075 est,
1230 2039 1409 2079 aditusque
1424 2039 1481 2069 vis.
1537 2036 1683 2069 ciacco-

200 2085 282 2118 tatu,
308 2083 366 2121 qui
394 2092 435 2113 em
462 2084 632 2123 provincia
658 2082 788 2123 fuisset.
816 2091 904 2123 proe-
974 2081 1049 2113 nius
1076 2082 1136 2115 ait.
1166 2082 1198 2113 in
1231 2093 1293 2114 sno
1321 2082 1423 2113 etiam
1450 2081 1529 2112 addi
1556 2081 1684 2113 odilus.

199 2124 281 2155 sidio
294 2130 407 2156 essene.
455 2127 499 2156 Ac
527 2126 575 2157 ita
597 2126 683 2167 lego.
732 2127 904 2157 Dat-isius.
974 2125 1683 2167 Opinoi·legendnm.adflictat-emradims,

202 2167 387 2208 Vulgatum
433 2169 608 2200 confirmat
662 2169 904 2207 Dorvillianus,
973 2181 1139 2211 quem—.
1198 2172 1278 2202 Haec
1306 2176 1381 2201 sunt
1398 2170 1501 2201 verba
1517 2169 1680 2210 Oud.qui

199 2212 288 2252 quod
304 2222 369 2242 non
387 2217 509 2243 temere
529 2219 636 2244 muto.
675 2214 760 2245 Oml.
793 2213 904 2245 Ceteri
973 2224 1051 2244 mox
1080 2214 1207 2245 mavult
1230 2224 1350 2256 posses.
1382 2215 1433 2244 M.
1479 2213 1568 2250 Quia
1594 2213 1681 2244 Dor-

197 2256 298 2286 codd.
315 2256 408 2287 valde
421 2255 626 2298 discrepant.
651 2258 700 2288 M.
973 2258 1058 2289 villii
1078 2259 1183 2289 codex
1203 2259 1305 2289 habet
1321 2260 1437 2299 possis.
1465 2257 1577 2298 Vulgo
1593 2256 1679 2297 legi-

248 2300 376 2341 Neque,
403 2305 439 2331 ut
461 2303 540 2341 ipse.
586 2300 700 2341 Vulgo
731 2306 840 2343 alque,
869 2306 904 2332 ut
972 2307 1026 2332 tur
1050 2307 1167 2343 posset.
1213 2303 1246 2333 ln
1273 2301 1359 2333 locis
1386 2302 1472 2332 adeo
1501 2300 1681 2342 conruptis

196 2342 277 2384 ipse,
307 2348 425 2376 contra
452 2343 561 2376 libros
589 2344 701 2376 bonos
731 2351 763 2375 et
795 2344 902 2386 ipsam
973 2345 1544 2387 scquendisuntcodices.qunntum
1558 2350 1681 2386 potest,

195 2396 277 2418 rem.
307 2388 357 2418 M.
971 2389 1131 2420 maxime.

248 2433 369 2463 Uliam.
396 2431 451 2464 Sic
468 2432 544 2465 NN.
559 2438 592 2464 et
607 2433 750 2475 lapides.
778 2434 902 2464 Contra
1015 2435 1111 2465 Juhee
1125 2434 1214 2465 binos
1229 2443 1305 2475 equ.
1329 2433 1488 2465 inaniet-e.
1533 2433 1603 2464 Res
1627 2437 1679 2464 est

196 2476 293 2506 codd.
310 2477 398 2508 male
421 2478 543 2509 Ullam.
973 2477 1084 2518 plana.
1146 2477 1256 2509 Altera
1299 2476 1414 2515 lectio,
1449 2477 1678 2514 conscendere,

245 2520 343 2551 C'Iwm
366 2521 542 2562 praesidia.
577 2520 631 2552 Sic
655 2520 743 2553 Scal.
766 2531 784 2552 e
806 2520 903 2550 codd.
971 2521 1102 2553 videtur
1114 2521 1157 2553 ab
1176 2520 1218 2552 iis
1231 2521 1374 2559 invecta,
1388 2519 1608 2562 quiequitem
1620 2521 1676 2552 ὑι-

198 2563 253 2594 Sic
269 2569 301 2595 et
317 2563 457 2596 Plautus
468 2570 502 2596 et
515 2564 706 2597 Terentius.
731 2564 799 2597 Alii
814 2574 903 2604 proe-
969 2566 1138 2597 rodentem
1160 2565 1244 2595 serre
1264 2575 1329 2596 non
1350 2570 1506 2606 possent3
1537 2573 1597 2595 nec
1615 2573 1676 2605 po-

191 2607 286 2639 sidio.
969 2608 1045 2639 ierit
1061 2608 1209 2646 defendi,
1228 2608 1293 2640 nisi
1316 2619 1394 2639 cum
1418 2608 1562 2640 Heinsio
1585 2607 1675 2649 legu-

244 2656 311 2687 Sex
337 2656 494 2688 cohortes.
550 2652 603 2684 Sic
635 2653 735 2685 codd.
765 2657 797 2684 et
825 2651 900 2682 edd.
969 2654 1134 2693 tui-‚jubet
1150 2654 1240 2683 bium
1255 2651 1420 2694 (equitum
1443 2662 1520 2683 cum
1545 2650 1675 2693 pedite)

196 2703 262 2729 vet.
302 2699 415 2741 Vulgo
435 2699 503 2732 XI.
967 2707 1093 2738 equum
1105 2697 1331 2735 conscendere,
1345 2702 1382 2727 ut
1396 2706 1427 2727 c.
1443 2697 1475 2728 4.
1508 2696 1558 2726 M.

244 2743 382 2775 Notum.
399 2742 557 2785 peritum.
603 2739 657 2772 Sic
684 2739 844 2772 Phaedms
871 2739 900 2776 l,
1013 2740 1213 2783 Respondit.-
1239 2746 1339 2772 ut—.
1396 2739 1522 2771 Min-am
1546 2737 1674 2771 Latini-

202 2786 251 2816 ll.
277 2789 402 2827 ignotos
422 2787 526 2827 fallit,
550 2786 651 2816 noctis
670 2789 717 2817 est
744 2784 901 2816 derisuri.
965 2784 1086 2817 tatem!
1119 2785 1168 2816 M.
1210 2783 1389 2817 Barbaries
1405 2794 1506 2816 mera.

197 2831 335 2862 Plautus
361 2831 483 2863 Pseud.
507 2833 540 2868 9,
564 2831 596 2867 4,
621 2830 672 2860 29.
697 2830 784 2866 novi,
815 2828 900 2860 notis

188 2875 368 2917 praeclicas.

1915 653 1920 660 .
1918 596 1919 602 ⁴
1908 444 1921 586 ..ss-.-
1890 122 1921 435 „maffia—⁶
