1946 3261
661 111 778 158 LIB.
816 113 850 156 1.
916 84 1056 159 CAP..
1091 113 1279 158 53—56.
1640 113 1730 161 297

233 246 266 267 “
288 255 338 284 ea
375 241 559 286 transire
605 241 782 293 flumen,
837 257 925 302 qua
974 243 1259 286 transductus
1305 249 1416 287 esset
1463 240 1737 302 equitatus.”

236 300 438 350 Quorum
480 301 622 346 studio
665 311 711 345 et
749 301 929 345 vocibus
963 302 1178 345 excitatus
1220 304 1380 353 Caesar,
1423 303 1504 346 etsi
1548 302 1735 346 timebat

233 367 367 404 tantae
406 360 722 420 magnitudinis
763 361 930 405 flumini
967 361 1209 404 exercitum
1243 362 1448 420 objicere,
1487 361 1734 405 conandum

234 428 380 463 tamen
398 429 532 478 atque
554 421 870 479 experiendum
883 420 1069 478 judicat.
1120 419 1276 477 Itaque
1298 421 1554 465 infirmiores
1573 420 1735 465 milites

231 494 286 521 ex
306 478 507 522 omnibus
528 480 737 523 centuriis
769 479 907 537 deligi
925 479 1071 538 jubet,
1115 495 1306 536 qnorum
1341 489 1419 523 aut
1455 480 1623 524 animus
1654 488 1738 523 aut.

233 537 349 581 vires
370 537 636 581 videbantur
671 539 884 581 sustinere
920 555 1005 581 non
1043 553 1165 596 posse
1190 553 1198 578 :
1233 537 1310 581 hos
1332 555 1430 581 cum
1450 539 1622 599 legione
1644 555 1737 583 una

233 596 434 655 prmidio
453 597 605 640 castris
628 597 837 654 relinquit
857 612 866 637 ε
902 598 1091 655 reliquas
1113 595 1304 654 legiones
1333 597 1557 656 expeditas
1584 598 1738 642 educit

233 670 479 714 magnoque
514 671 696 699 numero
722 656 1024 713 jumentorum
1044 656 1086 699 in
1110 654 1286 698 flumine
1307 673 1442 715 supra
1462 666 1596 714 atque
1618 658 1737 701 infra.

232 714 492 764 constituto,
516 713 763 758 transducit
791 715 1046 758 exercitum.
1112 715 1247 757 Pauci
1271 731 1324 757 ex
1346 715 1410 758 his
1431 715 1658 765 militibus,-
1689 716 1735 760 vi

232 773 421 817 fluminis
454 774 648 832 abrepti,
691 775 749 818 ab
785 775 993 831 equitatu
1025 773 1309 833 excipiuntur
1342 791 1392 818 ac
1414 774 1733 818 sublevant-ur:

232 832 404 876 interiit
425 841 569 877 tamen
592 849 733 877 nemo.
797 833 1075 877 Transducto
1109 832 1313 877 incolumi
1349 833 1561 883 exercitu,
1594 834 1741 892 copias

233 892 411 936 instruit
435 892 742 951 triplicemque
766 893 899 936 aciem
933 893 1094 936 ducere
1127 892 1296 952 incipit.
1362 894 1424 935 At
1446 901 1619 936 tantum
1652 893 1740 936 fuit

235 951 278 995 in
298 951 513 996 militibus
547 952 698 1003 studii,
738 962 804 1004 ut,
843 953 1010 995 milium
1037 951 1100 993 VI
1138 952 1191 995 ad
1223 952 1308 996 iter
1342 952 1493 996 addito
1533 952 1739 1003 circuitu,

234 1027 479 1071 magnaque
509 1012 564 1055 ad
595 1012 755 1055 vadum
797 1011 985 1054 fluminis
1036 1027 1157 1053 mora
1202 1011 1481 1071 interposita,
1526 1027 1615 1063 eos,
1660 1012 1740 1071 qui

234 1069 290 1114 de
321 1071 452 1114 tertia
483 1071 633 1131 vigilia
665 1071 868 1125 exissent,
900 1080 1000 1114 ante
1033 1070 1182 1113 horam
1210 1070 1297 1114 diei
1323 1087 1480 1115 nonam
1503 1086 1738 1131 conseque-

237 1139 408 1174 rentur.
1377 1164 1381 1169 .

295 1190 367 1232 65.
404 1191 524 1241 Quos
544 1190 620 1234 ubi
644 1190 853 1234 Afranius
876 1189 1033 1249 procul
1056 1189 1146 1232 viso
1165 1205 1265 1233 cum
1292 1189 1468 1234 Petreio
1495 1190 1740 1249 conspexit,

236 1264 349 1292 nova
388 1265 434 1293 re
479 1251 744 1308 perterritus
785 1250 889 1293 locis
935 1249 1234 1308 superioribus
1274 1249 1471 1293 consistit
1514 1251 1739 1308 aciemque

236 1308 429 1352 instruit.
507 1309 653 1353 Caesar
691 1309 733 1352 in
764 1309 925 1366 campis
959 1309 1200 1351 exercitum
1241 1308 1398 1360 reficit,
1435 1325 1488 1352 ne
1524 1310 1741 1353 defessum

239 1367 397 1426 proelio
433 1367 628 1426 objiciat.
706 1367 877 1410 Rursus
919 1369 1114 1410 conantis
1162 1368 1371 1426 progredi
1418 1368 1665 1427 insequitur
1696 1378 1744 1412 et

236 1436 446 1471 moratur.
529 1426 601 1470 llli
644 1428 882 1470 necessario
933 1428 1164 1476 maturius,
1219 1443 1351 1484 qnam
1402 1428 1742 1478 constituerant,

238 1495 382 1530 castra
413 1495 616 1545 ponunt:
651 1487 860 1530 suberant
895 1486 1006 1527 enim
1043 1495 1210 1529 montes
1248 1495 1382 1544 atque
1402 1502 1428 1529 a
1449 1487 1624 1531 milibus
1647 1504 1742 1547 pas-

237 1561 363 1589 suum
397 1545 595 1604 quinque
634 1546 792 1588 itinera
826 1545 1021 1587 difficilia
1053 1555 1187 1603 atque
1226 1554 1412 1602 angusta
1444 1546 1538 1589 exci
1577 1546 1742 1591 iebant.

239 1604 337 1648 Hos
373 1605 490 1648 intra
523 1613 694 1648 montes
730 1621 773 1646 se
815 1604 1100 1662 recipiebant,
1137 1613 1186 1647 ut
1219 1605 1468 1661 equitatum
1496 1563 1746 1663 efiiilgerent

240 1663 441 1713 Caesaris‚
494 1664 794 1722 praesidiisque
845 1663 885 1705 in
933 1663 1144 1721 angustiis
1197 1663 1449 1713 conlocatis,
1498 1664 1744 1710 exercitum

238 1722 393 1767 itinere
427 1723 733 1783 prohiberent,
774 1722 854 1781 ipsi
898 1722 987 1765 sine
1031 1722 1232 1781 periculo
1275 1739 1324 1766 ac
1364 1723 1519 1766 timore
1561 1723 1744 1768 Iberum

237 1783 384 1842 copias
406 1782 773 1826 transducerent:
809 1782 929 1839 quod
954 1782 1038 1824 fuit
1061 1782 1144 1825 illis
1178 1783 1421 1826 conandum
1453 1791 1587 1841 atque
1624 1785 1742 1828 omni

239 1843 409 1886 ratione
446 1841 738 1886 efficiendum.
805 1842 892 1884 Sed
927 1842 1061 1885 totius
1098 1842 1183 1884 dici
1224 1858 1371 1901 pugna
1405 1850 1538 1900 atque
1579 1843 1745 1887 itineris

239 1900 392 1945 labore
413 1901 588 1953 defessi,
620 1917 712 1944 rem
750 1900 793 1944 in
831 1910 1052 1959 posterum
1093 1901 1207 1944 diem
1246 1901 1530 1946 distulerunt.
1595 1902 1744 1948 Caesar

241 1977 420 2019 quoque
445 1961 487 2004 in
510 1961 710 2020 proximo
733 1959 843 2004 colle
863 1970 1003 2003 castra
1027 1961 1165 2018 ponit.

301 2021 372 2064 66.
411 2020 564 2064 Media
584 2020 760 2064 circiter
784 2029 909 2064 noete
945 2020 1008 2070 iis,
1033 2020 1108 2078 qui
1128 2019 1374 2079 adaquandi
1403 2035 1552 2064 caussa.
1571 2020 1743 2082 longius

291 2169 347 2200 Ea
375 2170 534 2201 transire.
576 2166 615 2197 Τὲ
639 2178 677 2200 ea
705 2165 803 2199 abest
819 2177 838 2199 a
857 2167 959 2199 codd.
1028 2179 1086 2209 ger
1103 2167 1169 2199 huc
1191 2167 1375 2207 transtulit,
1404 2179 1482 2200 cum
1500 2168 1533 2201 in
1550 2168 1652 2200 codd.
1667 2168 1740 2202 sine

243 2217 278 2245 et
294 2212 372 2244 edd.
389 2218 459 2244 vet.
488 2218 560 2243 tum
590 2218 623 2243 et
655 2223 718 2253 quo
745 2211 868 2253 legitur
892 2222 956 2253 pro
1029 2223 1130 2245 sensu
1151 2214 1341 2254 legerentur
1357 2219 1435 2244 ante
1452 2215 1610 2245 circuitu.

246 2268 328 2300 qua.
348 2259 352 2262 ’
1077 2259 1156 2296 Eos,
1171 2261 1230 2300 qui
1241 2275 1285 2281 —
1297 2261 1451 2289 exissent.
1467 2257 1571 2290 Conf.
1585 2268 1663 2300 cap.
1681 2259 1735 2289 36.

293 2301 492 2343 Erpa-ditas,
520 2300 608 2334 nihil
625 2299 691 2332 nisi
709 2309 803 2332 arma
821 2304 957 2342 gestan·
1030 2302 1081 2334 M.

248 2352 308 2378 tes.
340 2346 381 2378 M
1078 2347 1177 2379 Hora
1208 2358 1309 2381 mma.
1358 2347 1419 2379 Est
1449 2347 1590 2380 circiter
1618 2353 1739 2390 quarta

297 2392 411 2432 Supra
429 2396 532 2433 atque
548 2390 638 2432 infm
657 2395 759 2421 const.
788 2390 842 2421 Cf.
860 2390 898 2421 B.
916 2389 956 2421 G.
1031 2391 1280 2433 pomeridiana.
1313 2393 1365 2424 M.

248 2437 282 2474 ⁷,
297 2437 350 2467 56.
385 2435 436 2466 M.
1075 2437 1199 2468 Procul
1215 2440 1310 2469 risos.
1356 2439 1407 2469 An
1436 2437 1619 2468 delendum
1642 2438 1740 2475 ωἐοε,

301 2480 518 2522 I'r'fluminis.
532 2477 593 2510 alii
608 2479 808 2521 influmine.
819 2478 957 2510 vitioso.
1029 2486 1064 2511 ut
1077 2481 1288 2513 Ciacconius
1302 2481 1456 2514 monuit?
1472 2480 1630 2513 Clarkius
1643 2486 1741 2521 putat

299 2525 477 2566 Triplicem
496 2526 612 2555 aciem.
628 2523 700 2555 vid.
717 2524 791 2556 lnd.
810 2523 843 2555 in
860 2526 960 2556 acies.
1029 2536 1102 2557 esse
1116 2526 1318 2567 idem,qu0d
1331 2527 1532 2569 adparentes
1547 2524 1738 2565 (φανέντας);

252 2570 305 2602 M.
1030 2580 1098 2601 non
1129 2576 1245 2612 putem
1283 2572 1383 2612 plane
1426 2570 1518 2602 idem
1556 2580 1642 2601 esse.
1686 2570 1739 2602 M.

298 2613 418 2645 studii.
443 2612 491 2644 sic
521 2613 610 2644 codd
637 2611 734 2644 boni.
762 2612 876 2654 Vulgo
894 2619 962 2646 sm-
1033 2614 1214 2646 Abundat-e
1229 2615 1371 2647 videtur.

246 2658 357 2690 dium.
1079 2662 1240 2690 Cannis-tit.
1256 2660 1316 2691 alii
1331 2662 1486 2692 constitit.

298 2703 350 2735 Ad
380 2704 456 2732 iter.
503 2702 582 2733 llaec
611 2701 716 2731 verba
741 2702 819 2732 edd.
845 2703 957 2736 vulgar.
1075 2705 1183 2735 Jis—
1201 2707 1375 2745 ronrvptis.
1419 2703 1571 2741 Quidam
1594 2704 1697 2736 codd.
1715 2709 1740 2739 ii

250 2748 448 2785 omiserant,
479 2753 595 2778 contra
621 2746 720 2777 codd.
768 2746 816 2777 M.
865 2747 959 2779 Male
1026 2765 1070 2771 —-
1084 2751 1225 2789 correpti
1240 2760 1253 2786 ;
1279 2749 1364 2780 unde
1382 2748 1602 2779 Marclandus
1618 2748 1650 2780 in
1670 2750 1740 2783 Ex-

249 2790 439 2833 subpressit
457 2790 545 2822 Scal.
1029 2792 1145 2834 plicat.
1158 2800 1225 2823 vet.
1238 2800 1329 2825 auct.
1343 2804 1376 2834 p.
1391 2795 1468 2828 966,
1484 2795 1508 2824 ii
1522 2798 1617 2834 putat
1626 2800 1739 2827 ortum

297 2837 350 2871 Arl
370 2835 507 2868 mulum.
541 2835 622 2868 Haec
636 2834 738 2867 verba
760 2834 832 2868 ιῙοε.
850 2836 959 2870 Scali-
1028 2843 1135 2870 enota
1150 2837 1278 2869 numeri
1290 2839 1370 2870 ILet
1381 2848 1453 2870 esse
1466 2838 1650 2880 legendum
1661 2840 1739 2873 duo.
