1946 3261
151 184 240 230 408
605 179 691 226 DE
722 177 928 225 BELLO
960 175 1174 223 CIVILI.

156 317 403 372 coeperunt.
468 309 567 358 Qua
597 322 644 351 re
674 306 988 358 animadversa,
1021 308 1166 351 Caesar
1195 303 1338 366 copias
1365 319 1462 350 suas
1487 304 1649 356 divisit,

155 380 414 431 partemque
436 367 657 426 legionum
680 367 724 410 in
744 367 893 410 castris
926 368 1124 425 Pompeii
1146 382 1364 410 remanere
1384 365 1527 425 jussit,
1551 380 1652 423 par-

156 439 246 473 tem
268 430 310 471 in
331 443 410 469 sua
429 435 571 468 castra
591 425 754 469 remisit
771 442 781 475 ;
814 434 1005 485 quatuor
1023 442 1170 469 secum
1190 426 1380 484 legiones
1396 425 1524 468 duxit
1540 438 1653 466 com-

154 487 438 543 modioreque
459 484 612 528 itinere
638 485 907 543 Pompeianis
924 501 1154 528 occurrere
1172 485 1305 544 coepit
1321 492 1380 534 et,
1402 498 1654 542 progressus

156 546 275 590 milia
310 560 515 603 passuum
548 561 639 595 sex,
682 544 816 587 aciem
849 544 1069 587 instruxit.
1135 544 1234 594 Qua
1263 560 1310 586 re
1340 542 1653 591 animadversa,

158 603 412 662 Pompeiani
450 603 710 661 in'quodam
740 611 884 646 monte
918 603 1220 646 constiterunt.
1295 602 1428 645 Hunc
1465 608 1657 644 montem

157 664 319 707 flumen
357 662 611 706 subluebat.
693 661 854 711 Caesar,
898 662 1056 704 milites
1096 661 1364 711 cohortatus,
1403 660 1484 703 etsi
1523 659 1658 702 totius

155 722 241 765 diei
282 721 519 764 continenti
555 721 705 764 labore
741 729 865 764 erant
907 721 1110 771 confecti,
1143 737 1316 779 noxque
1343 721 1431 779 jam
1462 719 1656 767 suberat,

154 789 302 824 tamen
331 780 571 823 munitione
602 780 761 822 flumen
791 796 817 822 a
847 789 992 823 monte
1023 780 1211 830 seclusit,
1244 796 1297 823 ne
1334 787 1466 822 noctu
1502 777 1657 836 aquari

158 839 413 898 Pompeiani
436 847 622 897 possent.
658 839 757 888 Quo
775 839 862 897 jam
885 839 1081 898 perfecto
1103 855 1248 898 opere,
1270 838 1333 881 illi
1355 839 1409 881 de
1424 836 1659 886 deditione,

156 899 292 942 missis
312 898 482 956 legatis,
505 914 633 957 agere
655 906 896 956 coeperunt.
974 898 1107 940 Pauci
1130 898 1290 941 ordinis
1314 895 1548 945 Senatorii,
1583 894 1661 952 qui

155 973 200 1000 se
221 973 322 1003 cum
342 957 391 999 iis
410 957 740 1016 conjunxerant,
764 966 889 1000 nocte
913 956 1019 1014 fuga
1041 958 1224 1000 salutem
1246 956 1483 1015 petierunt.

217 1017 289 1060 98.
325 1016 474 1058 Caesar
495 1016 636 1075 prima
656 1016 753 1058 luce
775 1031 919 1058 omnes
942 1031 1029 1065 eos,
1049 1016 1125 1074 qui
1146 1016 1189 1058 in
1202 1025 1348 1058 monte
1366 1013 1661 1063 consederant,

159 1091 217 1118 ex
237 1074 538 1134 superioribus
556 1075 660 1117 locis
683 1074 725 1116 in
748 1075 972 1133 planitiem
995 1075 1253 1118 descendere
1270 1083 1402 1131 atque
1422 1089 1543 1117 arma
1563 1088 1663 1132 pro-

153 1134 289 1192 jicere
307 1134 448 1193 jussit.
515 1133 645 1182 Quod
676 1133 751 1175 ubi
776 1134 862 1175 sine
896 1135 1166 1177 recusatione
1199 1133 1415 1183 fecerunt,
1448 1131 1666 1191 passisque

158 1193 332 1252 palmis,
366 1191 552 1250 projecti
584 1191 638 1234 ad
672 1199 850 1242 terram,
883 1192 1032 1235 flentes
1054 1193 1110 1235 ab
1133 1209 1184 1235 eo
1205 1193 1387 1234 salutem
1411 1192 1662 1250 petierunt;

156 1252 400 1295 consolatus
422 1266 683 1309 consurgere
702 1251 829 1308 jussit
851 1260 912 1301 et,
934 1267 1074 1310 pauca
1096 1251 1214 1308 apud
1231 1266 1301 1292 eos
1320 1249 1373 1291 de
1391 1250 1569 1292 lenitate
1586 1264 1666 1291 sua

154 1310 345 1359 locutus,
369 1325 459 1367 quo
480 1309 646 1351 minore
671 1318 810 1351 essent
839 1309 1013 1358 timore,
1046 1324 1193 1351 omnes
1223 1308 1524 1357 conservavit;
1556 1307 1666 1350 mili-

157 1368 368 1427 tibusque
397 1368 482 1409 suis
521 1367 855 1417 commendavit,
890 1383 942 1411 ne
974 1368 1048 1424 qui
1083 1383 1233 1410 eorum
1259 1367 1547 1417 violarentur,
1582 1382 1667 1410 neu

158 1427 270 1485 quid
311 1427 376 1469 sui
414 1425 725 1468 desiderarent.
790 1426 887 1468 Hac
921 1426 1117 1469 adhibita
1147 1426 1389 1485 diligentia,
1425 1442 1479 1469 ex
1515 1425 1668 1469 castris

154 1485 237 1529 sibi
258 1486 450 1544 legiones
471 1484 577 1527 alias
599 1487 827 1527 occurrere
846 1494 890 1527 et
911 1502 996 1536 eas,
1034 1502 1141 1543 quas
1161 1502 1306 1528 secum
1327 1484 1530 1535 duxerat,
1562 1484 1667 1528 invi-

158 1560 251 1587 cem
272 1544 542 1602 requiescere
564 1552 697 1601 atque
720 1545 762 1586 in
784 1553 928 1587 castra
952 1545 1113 1588 reverti
1138 1545 1288 1603 jussit:
1334 1544 1575 1603 eodemque
1595 1544 1667 1587 die

168 1603 385 1646 Larissam
408 1602 624 1660 pervenit.

223 1662 295 1704 99.
330 1660 382 1702 In
403 1675 454 1702 eo
477 1660 635 1719 proelio
658 1676 743 1703 non
767 1662 952 1721 amplius
973 1662 1181 1706 ducentos
1202 1662 1361 1705 milites
1381 1659 1669 1710 desideravit;

161 1720 237 1764 sed
259 1720 564 1769 Centuriones,
588 1719 721 1762 fortes
743 1721 872 1771 viros,
906 1722 1079 1764 circiter
1102 1722 1285 1779 triginta
1312 1721 1465 1764 amisit.
1530 1720 1669 1763 Inter-

163 1780 305 1823 fectus
343 1786 408 1821 est
449 1779 580 1820 etiam
618 1778 848 1822 fortissime
883 1797 1080 1839 pugnans
1125 1780 1366 1829 Crastinus,
1399 1779 1521 1837 cujus
1552 1795 1668 1822 men-

166 1839 330 1882 tionem
352 1853 488 1896 supra
507 1837 702 1887 fecimus,
727 1838 876 1896 gladio
895 1840 936 1882 in
955 1856 1000 1882 os
1016 1840 1247 1882 adversum
1268 1839 1477 1897 conjecto.
1514 1838 1672 1897 Neque

166 1964 320 2007 Scaliger
337 1971 370 1996 et
381 1964 543 1997 Davisius
556 1975 595 1996 ea
609 1965 798 1997 omittenda
810 1977 884 1998 esse

167 2015 317 2041 censent.
351 2010 462 2049 (Addo.
489 2010 730 2041 Robortellum
750 2011 834 2042 Adn.
853 2014 885 2048 2,

167 2056 224 2085 48.
256 2059 290 2084 et
317 2053 432 2094 Sigon.
463 2055 541 2086 Em.
572 2056 601 2088 1,
627 2054 697 2092 43.)
728 2055 885 2086 Clarkius
942 2057 946 2062 “

168 2099 262 2139 (post
292 2094 462 2129 Wassium
485 2099 526 2129 ad
555 2098 635 2129 Sall.
663 2098 736 2129 Cat.
763 2109 795 2130 c.
829 2101 887 2138 44)

158 2143 257 2184 Juyis·
273 2143 318 2172 ets·
333 2141 401 2179 legi
420 2142 554 2173 maluit.
574 2143 609 2173 h.
628 2153 658 2173 υ.
677 2153 738 2183 ροι-
751 2143 828 2184 jug-«1
845 2154 884 2174 ea

169 2187 213 2225 (s.
230 2195 271 2216 ex
284 2185 379 2226 jugis
392 2185 471 2225 eis).
509 2187 559 2217 Ex
572 2185 650 2217 aliis
665 2186 885 2222 lectionibus,

169 2231 256 2262 vires
269 2232 353 2270 ejus,
371 2231 451 2260 viris
464 2232 549 2268 effus,
567 2236 599 2260 et
620 2233 770 2261 unit-ersi
784 2233 888 2262 simul

174 2274 365 2310 Larissam,
390 2272 478 2304 nihil
495 2278 607 2314 potest
624 2274 710 2312 crui,
734 2275 797 2306 etsi
813 2275 888 2316 qui-

172 2319 252 2349 dam
267 2319 350 2348 viris
360 2320 456 2358 equis
472 2316 538 2357 logi
555 2317 746 2349 voluerunt.
794 2319 891 2350 Non-

172 2363 253 2393 dum
274 2366 359 2402 puto
389 2367 555 2402 repertam
584 2372 656 2393 esso
680 2372 794 2394 veram
823 2364 889 2395 lec-

175 2405 319 2437 tionem.
344 2406 394 2436 M.
434 2405 550 2437 Davis.
569 2405 760 2448 suspicatur
777 2408 890 2443 lezzen-

177 2451 258 2481 dum
270 2451 419 2480 unit-ersi
431 2453 604 2481 exercitus.
650 2451 701 2481 Ea
718 2452 890 2483 vocabula

178 2493 340 2525 confundi
359 2494 489 2532 solent3
519 2494 614 2535 cujus
631 2494 678 2525 rei
695 2496 890 2535 exemplum

177 2549 209 2569 c.
227 2539 281 2569 73.
335 2538 369 2569 In
386 2537 578 2569 subsidium
596 2544 697 2569 vocat
712 2549 742 2569 c.
760 2541 812 2569 63.
827 2538 894 2571 ubi

177 2581 227 2613 sic
244 2583 630 2624 Pompeianieavrcitws.
650 2581 783 2614 Victor.
795 2582 819 2612 V
830 2606 838 2614 .
850 2583 892 2616 L.

178 2628 211 2664 9,
228 2629 283 2657 24.
304 2629 475 2667 ejusjuris
492 2626 643 2667 explicat
661 2637 720 2667 per
735 2627 805 2668 ejus
822 2626 893 2659 sor-

177 2675 266 2701 tunae
298 2669 355 2701 vel
380 2669 600 2702 conditionis.
655 2670 801 2702 Manutii
835 2671 892 2703 vel

179 2713 324 2745 Puteani
343 2713 457 2755 potius
472 2716 563 2748 rimie.
579 2717 688 2756 equis,
704 2714 760 2746 cui
778 2714 893 2746 simile

178 2756 286 2788 habet
301 2757 422 2789 Cicero
437 2759 477 2789 de
493 2757 561 2789 Off.
587 2761 617 2792 3.
635 2760 689 2790 33.
739 2761 820 2791 Cum
839 2760 892 2791 leis

174 2803 270 2839 viris,
280 2804 452 2843 equisque,
467 2808 502 2833 u!
512 2803 645 2841 (licitur,
656 2803 899 2834 decertandum

177 2850 237 2876 est.
253 2844 402 2885 itemque
422 2846 513 2876 Phil.
536 2849 569 2884 8,
585 2849 617 2876 7.
643 2849 763 2885 (tt-mix,
787 2849 889 2888 equis

173 2890 256 2923 viri.»¹
271 2890 319 2923 D·
334 2890 438 2924 Bruto
448 2890 708 2930 subveniremus,
720 2891 794 2934 jure
807 2901 898 2934 prze-

964 1967 1075 2008 placet
1093 1968 1260 2007 Bmsseio,
1273 1979 1333 2000 nec
1348 1967 1448 1999 video
1458 1967 1538 2009 quid
1549 1967 1672 2006 obstet,

963 2013 1054 2053 quod
1072 2023 1151 2044 mox
1169 2012 1317 2054 sequitur
1328 2013 1547 2044 commodiore
1557 2015 1672 2044 {littere

968 2057 1180 2098 Pae›mp(⁷ianis
1192 2068 1366 2088 occurrere
1377 2059 1482 2098 coepit.
1527 2056 1671 2097 Cujacio

964 2111 1102 2141 quoque
1118 2101 1291 2132 adridebat
1314 2104 1406 2140 vir-Le,
1429 2103 1536 2142 equis.

966 2151 1077 2175 autem
1096 2144 1184 2176 Oud.
1202 2145 1295 2177 malit
1310 2148 1387 2184 riri,
1402 2148 1495 2187 equi.

1013 2191 1088 2223 Qua
1123 2200 1157 2220 re
1194 2190 1311 2228 (MSS.
1342 2190 1411 2221 fere
1441 2199 1570 2227 omnes,
1600 2190 1673 2231 spe)

967 2233 1214 2267 ammath-muca.
1237 2235 1420 2266 Caesar—.
1446 2235 1561 2265 Potest
1574 2234 1673 2264 codd.

966 2276 1069 2308 lectio
1083 2278 1271 2318 explicari3
1296 2279 1353 2309 sed
1370 2289 1435 2309 non
1450 2278 1522 2308 sine
1537 2277 1674 2309 duritie.

967 2322 1019 2352 Μ.
1067 2321 1156 2352 Oud.
1174 2328 1266 2363 putat
1280 2333 1336 2364 spe
1351 2321 1556 2363 compendio
1567 2322 1673 2364 scrip-

968 2370 1037 2395 tum
1068 2376 1132 2406 pro
1160 2370 1276 2408 specie.
1322 2366 1475 2397 Victorio
1505 2366 1528 2397 l.
1557 2376 1589 2397 c.
1618 2377 1675 2409 spe

969 2410 1122 2440 olm-istem
1139 2411 1190 2440 τοῦ
1201 2411 1297 2452 tlg‘ffiw'
1310 2421 1382 2442 esse
1398 2411 1540 2441 videtur.
1564 2410 1676 2443 Nimis

968 2460 1126 2493 argutum
1145 2454 1278 2485 videtur
1295 2455 1326 2486 id
1345 2454 1501 2486 Oudend.

1014 2498 1116 2529 Milic.
1153 2500 1413 2531 cmnmendm-ie.
1479 2498 1534 2529 Sic
1575 2499 1675 2530 codd.

968 2551 1092 2580 magno
1109 2553 1248 2574 numero
1265 2544 1311 2580 (et
1327 2544 1404 2574 edd.
1427 2543 1524 2581 veh),
1539 2553 1600 2575 nec
1616 2543 1675 2575 ad-

970 2592 1078 2625 paret,
1100 2588 1188 2618 unde
1216 2587 1393 2629 inrepserit
1408 2587 1510 2619 lectio
1527 2588 1674 2629 vulg-ata,

968 2631 1249 2673 militibusjussit,
1267 2631 1348 2663 satis
1363 2632 1420 2663 ina
1444 2630 1579 2673 indigna
1602 2631 1675 2662 Cae-

970 2683 1054 2705 sare.
1080 2676 1129 2706 M.

1582 2100 1672 2132 Tum

1020 2719 1069 2750 lvo
1085 2722 1155 2761 qm‘.
1182 2719 1250 2751 Alii
1266 2730 1307 2752 ne
1321 2722 1394 2762 quis
1408 2721 1602 2752 violaretur·

1017 2763 1091 2795 Neu
1108 2765 1194 2805 quid
1210 2767 1275 2795 mi.
1313 2764 1530 2796 Marclandus
1547 2775 1582 2806 p.
1600 2765 1676 2795 278.

969 2806 1024 2837 dat
1044 2811 1131 2841 usui.
1149 2815 1183 2838 nt
1199 2808 1240 2839 G.
1257 2810 1288 2847 4,
1306 2811 1358 2839 129.
1375 2808 1415 2839 C.
1431 2812 1464 2847 9,
1480 2810 1534 2839 35.

1016 2852 1204 2886 Crastinus.
1226 2852 1279 2884 Cf.
1295 2863 1326 2885 c.
1343 2855 1399 2886 91.
1421 2853 1475 2887 M.
