1992 3271
273 201 324 244 12
668 195 750 238 DE
783 193 983 237 BELLO
1017 193 1307 237 GALLICO.

265 332 294 351 <⁵
317 340 461 367 rerum
480 322 667 369 doleant,
702 335 809 377 quos
834 334 915 376 pro
943 317 1098 360 scelere
1125 333 1275 360 eorum
1306 317 1451 360 ulcisci
1484 319 1632 369 velint,
1661 319 1725 363 his

265 391 293 409 ‘⁶
316 383 580 425 secundiores
620 377 834 420 interdum
877 392 941 418 res
985 385 1028 418 et
1073 375 1387 418 diuturniorem
1439 377 1725 435 inpunitatem

266 450 294 468 ‘⁶
317 441 556 483 concedere.
621 437 767 485 Quum
795 451 842 476 ea
871 435 931 477 ita
959 435 1057 483 sint,
1080 442 1236 483 tamen,
1258 435 1291 475 si
1313 434 1476 476 obsides
1497 436 1552 477 ab
1572 436 1621 477 iis
1641 436 1723 478 sibi

265 508 293 525 ‘⁶
315 500 486 546 dentur,
521 494 585 537 uti
607 510 670 543 ea,
693 510 789 551 quae
812 493 1113 551 polliceantur,
1142 492 1331 535 facturos
1352 492 1596 549 intellegam
1628 502 1671 535 et
1689 494 1724 536 si

264 566 292 583 ‘⁶
318 557 466 598 AEduis
498 555 550 597 de
582 553 761 609 injuriis,
795 567 900 609 quas
932 551 1033 608 ipsis
1063 550 1270 607 sociisque
1302 567 1451 592 eorum
1483 551 1724 600 intulerint,

262 624 290 641 ‘⁶
314 616 418 656 item
444 614 478 656 si
502 611 816 668 Allobrogibus
837 609 1109 657 satisfaciant,
1138 624 1224 650 sese
1255 625 1352 650 cum
1383 608 1432 650 iis
1462 625 1610 666 pacem
1638 625 1725 651 esse

263 682 290 700 ‘⁶
312 673 570 714 facturum.”
622 670 777 712 Divico
795 667 1035 725 respondit:
1070 675 1098 692 ‘⁶
1116 666 1182 708 Ita
1206 666 1429 709 Helvetios
1449 683 1473 708 a
1491 667 1724 724 majoribus

260 741 288 759 ‘⁶
312 731 397 773 suis
417 730 636 773 institutos
657 744 757 776 esse,
790 727 855 768 uti
877 725 1041 768 obsides
1060 725 1267 782 accipere,
1301 740 1385 767 non
1403 725 1520 774 dare,
1551 741 1723 767 consue-

260 799 288 817 “
312 790 419 832 rint:
453 789 542 846 ejus
562 787 623 829 rei
648 785 866 843 Populum
889 784 1131 826 Romanum
1151 799 1235 824 esse
1256 785 1449 825 testem.’'

321 849 384 889 15.
422 847 518 889 Hoc
540 860 740 903 responso
761 844 878 891 dato,
895 842 1095 883 discessit.
1160 841 1337 883 Postero
1353 841 1421 883 die
1440 848 1577 883 castra
1598 857 1649 882 ex
1670 857 1721 883 eo

257 908 351 950 loco
388 914 580 947 movent:
627 903 737 944 idem
769 901 872 942 facit
912 900 1054 941 Caesar
1086 898 1414 956 equitatumque
1452 915 1634 948 omnem,
1669 900 1723 941 ad

256 980 481 1008 numerum
508 969 697 1019 quatuor
714 959 896 1006 milium,
916 974 1042 1014 quem
1060 973 1111 998 ex
1129 957 1241 999 omni
1263 957 1488 999 Provincia
1508 966 1551 998 et
1571 957 1723 999 AEduis

254 1033 386 1080 atque
406 1037 555 1063 eorum
577 1019 698 1060 sociis
718 1025 913 1059 coactum
934 1016 1136 1063 habebat,
1159 1016 1403 1072 praemittit,
1436 1015 1510 1072 qui
1534 1015 1721 1063 videant,

255 1097 360 1138 quas
383 1080 425 1121 in
444 1087 587 1136 partes
606 1076 746 1116 hostes
767 1075 849 1115 iter
870 1074 1040 1114 faciant.
1105 1073 1206 1120 Qui,
1229 1074 1426 1130 cupidius
1447 1073 1722 1114 novissimum

253 1154 421 1196 agmen,
445 1135 637 1182 insecuti,
663 1133 800 1173 alieno
823 1131 917 1171 loeo
945 1144 1042 1169 cum
1063 1129 1260 1185 equitatu
1285 1131 1587 1173 Helvetiorum
1609 1146 1721 1187 proe-

253 1197 359 1238 lium
381 1194 677 1237 committunt:
711 1198 755 1232 et
774 1188 900 1246 pauci
932 1187 983 1228 de
1014 1186 1170 1228 nostris
1201 1186 1372 1228 cadunt.
1436 1190 1535 1238 Quo
1565 1189 1722 1245 proelio

252 1255 413 1296 sublati
437 1251 644 1298 Helvetii,
678 1248 796 1306 quod
817 1245 1061 1302 quingentis
1089 1243 1307 1300 equitibus
1341 1252 1501 1286 tantam
1523 1246 1720 1287 multitu-

250 1313 392 1354 dinem
428 1310 625 1368 equitum
668 1305 969 1364 propulerant,
1002 1302 1201 1343 audacius
1238 1301 1482 1350 subsistere,
1514 1319 1721 1345 nonnum-

251 1386 382 1427 quam
403 1385 455 1410 ex
471 1366 697 1410 novissimo
717 1363 884 1420 agmine
903 1360 1059 1418 proelio
1076 1368 1242 1401 nostros
1260 1358 1459 1400 lacessere
1480 1370 1719 1417 coeperunt,

253 1429 396 1469 Caesar
416 1443 514 1468 suos
534 1441 559 1466 a
581 1422 736 1481 proelio
756 1419 1003 1462 continebat
1021 1434 1068 1458 ac
1086 1417 1184 1458 satis
1205 1415 1392 1458 habebat
1412 1417 1454 1458 in
1477 1419 1720 1474 praesentia,

249 1485 413 1527 hostem
434 1482 611 1540 rapinis,
635 1476 988 1537 pabulationibus
1010 1474 1452 1532 populationibusque
1474 1475 1718 1532 prohibere.

250 1544 316 1586 Ita
338 1543 426 1585 dies
447 1540 618 1583 circiter
639 1535 881 1595 quindecim
899 1535 981 1575 iter
998 1534 1207 1580 fecerunt,
1229 1532 1293 1574 uti
1316 1533 1426 1574 inter
1446 1534 1720 1579 novissimum

247 1601 435 1644 hostium
468 1613 620 1655 agmen
653 1605 696 1637 et
718 1602 912 1635 nostrum
945 1592 1134 1648 primum
1167 1605 1251 1632 non
1272 1591 1455 1647 amplius
1481 1592 1622 1648 quinis
1642 1602 1720 1636 aut

245 1659 354 1701 senis
375 1652 549 1698 milibus
566 1668 767 1712 passuum
788 1652 1021 1693 interesset.

314 1717 376 1758 16.
412 1714 591 1756 Interim
639 1710 832 1769 quotidie
876 1709 1019 1749 Caesar
1060 1707 1222 1749 AEduos
1271 1706 1551 1756 frumentum,
1602 1710 1720 1765 quod

246 1783 384 1816 essent
405 1772 579 1831 publice
605 1768 804 1828 polliciti,
827 1766 1040 1823 flagitare:
1074 1781 1172 1806 nam
1195 1773 1376 1822 propter
1399 1765 1577 1822 frigora,
1600 1768 1719 1824 quod

251 1833 395 1874 Gallia
424 1831 504 1872 sub
529 1826 924 1886 septemtrionibus,
957 1832 1007 1865 ut
1028 1832 1126 1865 ante
1147 1823 1326 1871 dietum,
1362 1824 1501 1880 posita
1522 1833 1600 1873 est,
1632 1840 1717 1868 non

246 1891 374 1932 modo
411 1889 625 1930 frumenta
661 1887 704 1927 in
738 1884 851 1941 agris
884 1891 1053 1925 matura
1090 1897 1175 1923 non
1207 1889 1343 1929 erant,
1382 1881 1453 1922 sed
1483 1897 1533 1922 ne
1565 1883 1717 1939 pabuli

247 1949 420 2005 quiden]
448 1946 548 1988 satis
568 1959 722 2001 magna
742 1942 867 1999 copia
897 1939 1177 1998 subpetebat:
1219 1955 1269 1981 eo
1305 1947 1449 1980 autem
1482 1940 1715 1990 frumento,

247 2007 365 2063 quod
385 2005 557 2047 flumine
581 1999 710 2044 Arari
738 2000 918 2042 navibus
939 1999 1211 2046 subvexerat,
1236 2006 1469 2054 propterea
1489 1997 1628 2040 minus
1650 1999 1717 2041 uti

246 2073 436 2121 poterat,
471 2062 589 2119 quod
621 2061 702 2102 iter
734 2059 790 2100 ab
813 2059 950 2099 Arare
982 2055 1172 2098 Helvetii
1205 2064 1465 2103 averterant,
1499 2072 1524 2096 a
1556 2056 1716 2113 quibus

207 2158 209 2161 ,
244 2122 457 2165 discedere
476 2120 663 2162 nolebat.
729 2117 856 2159 Diem
873 2131 925 2158 ex
940 2115 1008 2157 die
1025 2115 1179 2156 ducere
1198 2113 1351 2161 AEdui;
1384 2113 1583 2162 conferri,
1603 2131 1714 2157 com-

246 2179 430 2238 portari,
454 2179 593 2220 adesse
613 2177 767 2218 dicere.
831 2174 923 2216 Ubi
944 2189 985 2215 se
1005 2172 1168 2214 diutius
1187 2172 1285 2214 duci
1308 2171 1518 2213 intellexit
1539 2181 1583 2214 et
1603 2173 1715 2215 diem

245 2240 418 2286 instare,
451 2253 539 2294 quo
560 2235 627 2277 die
649 2235 913 2275 frumentum
942 2231 1154 2273 militibus
1175 2229 1316 2272 metiri
1340 2238 1583 2286 oporteret:
1617 2246 1713 2273 con-

245 2296 406 2338 vocatis
426 2310 576 2337 eorum
594 2291 877 2349 principibus,
896 2305 1083 2347 quorum
1101 2304 1298 2345 magnam
1317 2287 1483 2344 copiam
1505 2288 1548 2329 in
1568 2289 1715 2331 castris

244 2354 447 2402 habebat,
485 2353 529 2394 in
565 2350 628 2392 his
658 2349 876 2392 Divitiaco
904 2357 947 2390 et
979 2347 1118 2396 Lisco,
1156 2347 1231 2404 qui
1265 2361 1429 2388 summo
1458 2346 1713 2402 magistratu

290 2501 399 2531 Alieno
413 2499 488 2529 loco.
535 2493 726 2536 Opponitur
738 2501 795 2523 3110
812 2490 942 2521 Sallust.

246 2544 324 2584 Jug.
351 2545 403 2573 61.
428 2541 506 2578 i.e.,
529 2544 728 2580 opportuno.
756 2535 797 2565 V.
820 2541 853 2565 et
868 2534 942 2564 Liv.

245 2589 298 2618 42.
314 2590 366 2617 ¹13.

291 2632 344 2660 Em
358 2631 471 2659 vor-ivs.
486 2629 627 2666 aqmine.
674 2623 742 2654 Alii
758 2627 798 2653 el.

290 2673 569 2703 Palmlationibus.
628 2669 702 2698 Hoc
732 2666 870 2696 verbum
899 2664 942 2695 ab

243 2716 318 2745 edd.
344 2716 453 2755 vulga.
477 2715 584 2750 abest,
611 2712 710 2752 culpa
737 2708 862 2740 vossii.
894 2709 943 2738 ΣΠ.

247 2758 403 2789 Restituit
420 2758 531 2788 Daris.

288 2804 368 2833 Dies
382 2802 528 2841 quimlec.
552 2798 620 2831 Alii
636 2798 814 2829 duodecim.

290 2847 466 2876 Passnmn.
492 2845 523 2874 in
543 2843 621 2874 aliis
635 2843 737 2872 deest.
763 2849 826 2869 non
843 2837 942 2873 male,

243 2889 292 2921 sic
309 2894 341 2918 et
355 2886 437 2919 alibi
454 2887 573 2923 Cacsar,
592 2892 627 2915 ut
643 2896 672 2915 c.
690 2886 743 2914 41.
760 2887 791 2919 2,
808 2885 859 2914 30.
875 2886 940 2912 etc.

294 2934 331 2963 Ul
342 2931 557 2962 antedictum.
572 2932 620 2961 An
633 2926 770 2968 respicit
778 2926 877 2957 verba
887 2935 941 2956 ca-

243 2975 323 3017 pitis
334 2974 447 3017 primi:
466 2976 563 3016 vergil
574 2971 875 3013 azlseptemtrc'ones?
891 2969 940 3000 M.

1059 2490 1208 2530 Conferrz'
1221 2494 1253 2520 et
1263 2491 1456 2530 comportari
1468 2499 1532 2520 non
1545 2488 1714 2520 subtiliter
1752 2482 1760 2507 ’ἶ

1010 2533 1234 2572 distinxerim3
1259 2539 1372 2573 putem
1396 2538 1504 2563 tamen
1528 2533 1668 2564 conferri
1691 2543 1712 2564 a

1010 2577 1160 2618 singulis.
1187 2575 1383 2617 comportari
1417 2576 1448 2606 in
1474 2587 1576 2607 unum
1599 2577 1711 2607 locum

1012 2620 1056 2658 id,
1079 2621 1167 2661 quod
1191 2619 1310 2661 singuli
1326 2620 1543 2650 contulerant.
1588 2620 1623 2650 In
1640 2630 1710 2650 me-

1012 2665 1118 2704 taphr.
1129 2664 1183 2694 Gr.
1194 2669 1244 2695 est
1254 2663 1444 2705 ἀθριίζεσθαι
1454 2669 1487 2693 et
1497 2664 1639 2702 ἄγεσθαι.
1658 2663 1708 2693 AI.

1058 2710 1097 2738 Se
1111 2708 1195 2738 duci.
1239 2706 1293 2738 Sic
1315 2706 1446 2736 Terent.
1467 2707 1602 2737 Phorm.
1620 2709 1651 2743 3,
1676 2709 1707 2741 2,

1016 2752 1064 2781 15.
1092 2757 1123 2781 ut
1137 2752 1315 2791 phaleratis
1329 2750 1428 2780 verbis
1440 2750 1540 2781 [lucas
1554 2760 1616 2780 me.

1056 2795 1267 2834 ΔἨτιιιγιῖε-ἱι-(ιιξιι,
1289 2792 1399 2823 dativo
1416 2803 1491 2824 casu
1509 2792 1579 2823 sine
1592 2801 1708 2822 acces-

1010 2836 1101 2867 sione
1116 2837 1243 2868 vocalis
1265 2838 1288 2874 i,
1309 2837 1398 2876 quod
1421 2836 1569 2866 solemne
1584 2833 1706 2865 Caesari

1009 2880 1123 2917 fuisse,
1153 2880 1282 2911 Gellius
1305 2880 1346 2910 N.
1372 2881 1413 2911 A.
1437 2882 1468 2916 4,
1497 2880 1545 2915 !6,
1569 2878 1706 2908 demon-

1009 2923 1131 2954 stravit.
1150 2925 1267 2955 Cellar.
1291 2924 1389 2954 Plura
1402 2922 1557 2962 exempla
1571 2920 1706 2951 Ouden-

1008 2966 1144 3011 dorpius
1166 2966 1317 3009 collegit.
1361 2966 1411 2998 De
1434 2975 1563 2999 summo
1579 2964 1706 2997 AEduo-
