1946 3261
681 228 796 272 LIB.
862 230 997 272 CAP.
1032 228 1216 272 ‘za-..24
1518 268 1520 270 ,
1587 233 1673 276 437

216 350 343 394 nendi
364 367 390 394 a
408 353 766 410 periculosissimis
787 363 923 396 essent
943 354 1298 407 dimicationibus,
1319 371 1449 415 quam
1468 354 1676 402 incitandi

213 409 268 450 ad
290 411 581 467 pugnandum.

272 466 342 509 23.
378 467 671 516 Alexandrini,
704 482 837 523 quum
871 465 1083 510 Romanos
1114 479 1156 510 et
1189 472 1378 515 secundis
1411 473 1539 516 rebus
1567 489 1667 517 con-

212 522 372 566 firmari
385 534 429 566 et
446 525 634 567 adversis
646 525 815 566 incitari
832 523 1040 571 viderent,
1059 539 1193 578 neque
1210 529 1346 571 ullum
1363 530 1467 572 belli
1489 532 1668 575 tertium

213 596 356 624 casum
376 592 561 630 nossent,
583 598 670 639 quo
692 590 861 639 possent
882 597 968 623 esse
988 579 1210 628 firmiores,
1234 592 1285 623 ut
1304 589 1548 644 conjectura
1569 605 1670 633 con-

213 640 334 695 sequi
357 655 590 696 possumus,
612 647 688 681 aut
707 639 914 681 admoniti
933 654 957 679 a
980 638 1111 695 Regis
1131 638 1288 687 amicis,
1320 636 1396 696 qui
1418 647 1461 687 in
1491 647 1670 690 Caesaris

214 706 337 739 erant
355 697 575 754 praesidiis,
597 706 673 738 aut
693 713 771 739 suo
793 697 938 754 priore
966 696 1157 744 consilio,
1180 712 1261 753 per
1281 698 1469 741 occultos
1493 706 1671 748 nuncios

214 752 324 808 Regi
344 755 544 812 probato,
566 756 731 811 legatos
751 756 805 797 ad
828 755 1040 796 Caesarem
1058 754 1281 803 miserunt,
1316 762 1344 780 “
1365 762 1415 796 ut
1435 756 1674 805 dimitteret

177 832 179 835 ·
214 804 243 836 ‘²
268 810 446 869 Regem,
488 814 755 870 transireque
795 812 850 854 ad
891 827 986 853 suos
1028 820 1277 869 pateretur:
1327 821 1522 870 paratam
1560 819 1672 862 enim

213 875 242 894 “
265 884 432 912 omnem
449 871 771 913 multitudinem
792 887 893 918 esse,
917 870 1155 912 confectam
1176 870 1303 912 taedio
1331 870 1502 928 puellae,
1523 871 1672 916 fiduci-

213 934 241 952 “
265 928 357 970 ario
383 928 550 986 Regno,
582 929 868 972 dominatione
898 927 1186 970 crudelissima
1218 927 1494 987 Ganymedis,
1530 929 1673 973 facere

213 992 240 1010 “
265 985 323 1035 id,
342 987 459 1042 quod
481 987 576 1029 Rex
595 987 868 1045 imperasset:
903 1003 989 1043 quo
1011 987 1043 1028 si
1063 994 1240 1028 auctore
1271 986 1314 1028 in
1341 987 1518 1029 Caesaris
1542 986 1674 1030 fidem

213 1050 241 1069 “
264 1043 580 1102 amicitiamque
600 1046 768 1087 venturi
791 1053 942 1094 essent,
964 1044 1122 1086 nullius
1138 1045 1325 1102 ,periculi
1346 1045 1545 1087 timorem
1564 1046 1674 1088 mul-

189 1125 191 1127 ·
212 1110 240 1128 “
264 1102 440 1144 titudini
463 1104 554 1145 fore
576 1103 879 1160 inpedimento,
903 1119 990 1159 quo
1012 1103 1148 1144 minus
1170 1119 1211 1144 se
1233 1102 1483 1145 dederent.”

226 1190 230 1193 -
268 1160 337 1201 24-
402 1161 558 1211 Caesar,
580 1162 659 1204 etsi
680 1161 878 1203 fallacem
899 1170 1071 1218 gentem
1098 1176 1350 1218 semperque
1379 1161 1463 1203 alia
1484 1161 1678 1220 cogitan-

212 1225 314 1266 tem,
337 1218 419 1260 alia
439 1219 720 1268 simulantem,
743 1220 851 1262 bene
872 1219 1090 1275 cognitam
1110 1218 1299 1261 habebat
1318 1234 1329 1268 ;
1360 1227 1502 1261 tamen
1522 1227 1675 1277 peten-

212 1274 327 1317 tibus
347 1275 447 1318 dare
465 1279 647 1326 veniam,
670 1278 776 1319 utile
800 1294 885 1319 esse
902 1277 1078 1318 statuit:
1112 1277 1246 1334 quod,
1270 1278 1303 1318 si
1323 1293 1410 1334 quo
1432 1285 1561 1335 pacto
1582 1293 1675 1320 sen-

212 1333 341 1375 tirent
357 1349 420 1382 ea,
438 1350 534 1390 quae
547 1335 831 1392 postularent,
848 1350 1094 1376 mansurum
1114 1335 1157 1376 in
1173 1334 1256 1377 fide
1276 1336 1490 1377 dimissum
1509 1335 1678 1393 Regem

211 1391 442 1438 credebat;
485 1392 564 1441 sin,
595 1393 639 1435 id
670 1393 787 1450 quod
817 1393 950 1449 magis
980 1392 1154 1434 illorum
1182 1401 1347 1435 naturae
1375 1394 1676 1442 conveniebat,

211 1448 362 1491 ducem
385 1449 439 1490 ad
458 1450 616 1491 bellum
641 1450 877 1505 gerendum
899 1450 1064 1507 Regem
1090 1450 1248 1492 habere
1280 1451 1458 1500 vellent,
1487 1450 1677 1509 splendi-

210 1506 306 1548 dius
325 1516 453 1564 atque
474 1504 686 1549 honestius
706 1524 793 1549 sese
815 1517 962 1549 contra
985 1507 1164 1564 Regem,
1195 1524 1323 1564 quam
1354 1517 1505 1551 contra
1523 1524 1679 1555 conve-

210 1579 362 1607 narum
383 1581 431 1606 ac
453 1565 740 1622 fugitivorum
760 1581 946 1613 manum,
968 1565 1132 1606 bellum
1150 1581 1235 1606 esse
1251 1574 1488 1622 gesturum.
1521 1566 1680 1624 Itaque

213 1621 378 1678 Regem
399 1622 662 1670 cohortatus,
697 1630 724 1647 ‘⁶
750 1630 798 1663 ut
821 1621 1060 1663 consuleret
1082 1621 1236 1678 Regno
1256 1630 1453 1678 paterno,
1477 1632 1678 1679 parceret

211 1686 239 1705 “
263 1680 589 1736 praeclarissimae
623 1681 790 1737 patriae,
825 1695 922 1737 quae
958 1678 1214 1735 turpissimis
1240 1678 1441 1720 incendiis
1468 1688 1512 1720 et
1544 1681 1681 1724 ruinis

211 1745 239 1762 “
262 1746 369 1779 esset
387 1737 644 1786 deformata,
666 1738 778 1780 cives
798 1753 893 1779 suos
916 1739 1104 1795 primum
1118 1736 1172 1778 ad
1189 1736 1414 1790 sanitatem
1436 1746 1677 1788 revocaret,

210 1802 237 1821 “
256 1795 409 1838 deinde
446 1804 730 1842 conservaret,
767 1790 893 1838 fidem
932 1794 1100 1851 Populo
1137 1794 1333 1836 Romano
1367 1794 1535 1852 sibique
1566 1811 1678 1853 prae-

211 1860 239 1878 “
261 1861 396 1896 staret
413 1868 424 1901 ;
456 1869 588 1911 quum
610 1855 700 1912 ipse
723 1862 891 1896 tantum
907 1853 945 1895 ei
968 1852 1178 1901 crederet,
1196 1861 1245 1894 ut
1262 1852 1317 1894 ad
1334 1852 1472 1894 hostes
1487 1862 1676 1897 armatos

211 1918 240 1937 ‘⁶
263 1927 361 1954 eum
373 1912 563 1954 mitteret
575 1914 613 1961 ;’‘
632 1913 785 1955 dextra
797 1912 993 1954 dextram
1010 1920 1171 1960 tenens,
1184 1910 1400 1953 dimittere
1413 1911 1547 1968 coepit
1557 1911 1679 1954 adul-

213 1977 257 2011 ta
273 1971 358 2026 jam
379 1978 504 2011 aetate
524 1986 719 2027 puerum.
781 1972 842 2011 At
863 1970 1026 2027 Regius
1043 1969 1221 2017 animus,
1240 1967 1475 2025 disciplinis
1492 1968 1677 2011 fallacis-

211 2027 324 2068 simis
354 2028 564 2076 eruditus,
597 2044 649 2070 ne
681 2044 706 2069 a
734 2028 871 2086 gentis
902 2045 988 2070 suae
1019 2027 1209 2069 moribus
1240 2025 1536 2083 degeneraret,
1569 2026 1676 2070 flens

212 2100 337 2127 orare
370 2093 519 2127 contra
550 2086 760 2128 Caesarem
790 2087 937 2144 coepit,
971 2093 999 2111 ‘⁴
1021 2101 1074 2127 ne
1095 2100 1138 2126 se
1158 2083 1422 2126 dimitteret:
1456 2099 1542 2126 non
1561 2085 1676 2128 enim

213 2150 242 2169 “
266 2142 465 2200 Regnum
502 2144 640 2201 ipsum
677 2144 757 2186 sibi
793 2153 1025 2202 conspectu
1064 2141 1240 2185 Caesaris
1276 2157 1364 2184 esse
1400 2141 1678 2200 jucundiuS.”

16 2476 30 2554 ἃ

18 2650 21 2666 Ι

260 2271 438 2303 Λάπιοηὶίὶ.
459 2273 557 2303 codd.
571 2272 707 2314 quidam
718 2273 855 2304 incitati.

260 2316 327 2346 Suo
353 2318 464 2356 priore
489 2319 631 2348 consilio.
689 2316 744 2347 Sic
773 2315 909 2356 quidem

215 2357 370 2396 codices3
395 2360 451 2389 sed
476 2359 689 2391 Alexandrini
714 2359 777 2390 hoc
801 2359 910 2390 consi-

216 2401 300 2432 lium
345 2403 491 2433 nondum
528 2408 695 2444 ceperant.
755 2402 909 2434 Clarkius

216 2443 365 2484 explieat
379 2444 440 2482 sic,
455 2445 533 2478 illos
555 2447 647 2486 prius
671 2446 802 2476 dedisse
828 2456 909 2477 con-

219 2487 346 2525 silium,
359 2498 460 2528 quam
474 2489 517 2520 ab
532 2490 610 2521 aliis
632 2489 853 2530 accepissent,
876 2496 908 2520 et

217 2531 265 2562 sic
282 2530 352 2562 dici
363 2531 396 2561 h.
414 2531 437 2562 l.
450 2536 554 2573 prius,
564 2533 660 2574 quasi
669 2538 767 2570 esset,
780 2533 909 2573 priores

217 2574 360 2606 consilio
395 2585 454 2606 suo
495 2576 662 2608 miserunt.
721 2577 794 2616 Ego
829 2587 907 2608 vero

219 2618 325 2659 probo
342 2627 399 2648 eas
410 2618 586 2658 editiones,
610 2620 643 2650 in
665 2619 788 2660 quibus
801 2625 910 2660 suopte

219 2662 362 2698 con-silio,
383 2661 418 2692 h.
442 2672 472 2692 e.
496 2674 556 2694 suo
581 2663 730 2703 ipsorum
753 2663 909 2701 consilio,

218 2704 352 2745 legitur.
363 2721 407 2728 —-
419 2706 565 2737 Pertinet
580 2707 646 2737 huc
661 2706 726 2737 Dio
743 2705 841 2738 Cass:
854 2709 908 2745 42,

265 2792 351 2831 Rem·
362 2793 510 2832 probato.
551 2792 677 2824 Melior
692 2798 740 2824 est
756 2792 825 2825 haec
841 2793 908 2825 Iec-

217 2834 267 2866 tio
281 2835 483 2876 altera‚quae
507 2836 607 2867 habet
632 2838 740 2877 Reyis.
785 2838 820 2870 In
847 2836 910 2871 ista

220 2878 357 2920 plurimi
373 2880 471 2914 codd.
486 2880 707 2914 consentiunt.

1025 2271 1164 2308 Pueltae,
1175 2270 1345 2302 Arsinoes.
1377 2269 1477 2303 Conf.
1493 2281 1525 2302 c.
1539 2273 1574 2303 4.
1597 2272 1651 2304 M.

1022 2316 1213 2346 Fiduciam
1236 2316 1358 2355 Refflw.
1381 2314 1396 2345 I
1400 2325 1458 2355 pse
1474 2315 1563 2353 Rex,
1577 2325 1676 2356 puer,

977 2358 1009 2390 in
1027 2363 1189 2399 potestate
1212 2356 1365 2389 Caesaris‘
1378 2363 1461 2396 erat,
1476 2369 1496 2389 a
1508 2369 1576 2399 quo
1592 2358 1675 2390 dili-

974 2402 1166 2442 gentissime
1181 2401 1432 2432 custodiebatur
1453 2401 1511 2441 (de
1526 2402 1566 2433 B.
1581 2401 1621 2432 C.
1641 2406 1675 2440 3,

980 2446 1055 2484 109)
1086 2444 1238 2482 Arsinoe,
1256 2444 1359 2485 Regis
1376 2455 1480 2483 soror,
1495 2450 1565 2476 erat
1579 2447 1672 2486 apud

976 2488 1172 2526 exercitum,
1196 2493 1232 2518 ut
1257 2487 1379 2519 interea
1403 2488 1567 2519 exercitui
1583 2494 1673 2521 esset

975 2532 1109 2563 nomine
1121 2539 1154 2564 et
1164 2532 1241 2562 loco
1255 2531 1360 2572 Regis
1369 2532 1416 2570 (v.
1433 2531 1515 2562 ibid.
1525 2537 1559 2562 et
1571 2531 1672 2574 hujus

975 2575 1054 2607 libri
1071 2587 1101 2606 c.
1118 2575 1166 2614 4).
1198 2575 1280 2606 Haec
1298 2574 1398 2615 igitur
1413 2575 1562 2605 habebat
1578 2575 1673 2615 Reg-

973 2629 1053 2650 num
1076 2618 1300 2656 fiduciarium,
1328 2617 1362 2648 h.
1378 2628 1407 2648 e.
1423 2618 1466 2648 ad
1487 2622 1620 2659 tempus
1635 2618 1670 2650 ei

975 2663 1149 2700 creditum,
1185 2662 1289 2692 donec
1326 2660 1480 2702 legitimo
1517 2661 1668 2700 domino,

975 2717 1090 2747 puero,
1142 2705 1384 2737 restitueretur.
1464 2704 1668 2746 Exemplum

975 2750 1281 2788 verbificluciarius
1295 2747 1363 2777 vid.
1380 2747 1419 2777 B.
1435 2745 1473 2777 C.
1490 2751 1521 2783 2,
1542 2750 1590 2779 17.
1613 2749 1667 2779 M.

1020 2794 1238 2826 Posmlarenc.
1284 2790 1304 2820 J
1308 2790 1435 2822 urinius
1457 2790 1551 2823 malit
1573 2792 1671 2835 polli-

975 2843 1134 2870 ceremur.

1021 2882 1145 2923 Regias
1160 2881 1304 2914 animus.
1327 2877 1398 2913 Alii
1412 2879 1523 2922 Reges.
