1946 3261
149 345 251 389 satis
272 344 414 388 firmas
436 341 480 385 II
502 342 692 401 legiones
707 340 870 385 habere
887 341 1177 385 existimabat.
1241 340 1294 384 T.
1320 339 1560 384 Labienum
1575 341 1632 384 ad

146 422 191 448 se
211 411 378 453 evocat,
400 402 703 460 legionemque
723 400 829 452 XII,
865 417 962 459 quae
994 417 1091 443 cum
1121 417 1172 444 eo
1194 400 1339 443 fuerat
1361 401 1404 443 in
1425 400 1633 451 hibernis,

144 465 189 507 in
211 464 426 520 Togatam
450 461 640 503 Galliam
658 460 813 510 mittit,
846 460 902 502 ad
932 459 1120 503 colonias
1139 460 1299 502 civium
1333 459 1633 502 Romanorum

146 521 356 570 tuendas;
387 535 440 563 ne
472 520 592 578 quod
623 519 759 562 simile.
791 519 1114 562 incommodum
1133 518 1353 562 accideret
1372 518 1629 561 decursione

145 580 450 630 barbarorum,
473 595 524 622 ac
544 579 770 637 superiore
803 587 951 622 aestate
985 578 1253 635 Tergestinis
1283 577 1520 627 accidisset,
1554 577 1632 635 qui

147 639 378 698 repentino
395 638 623 681 latrocinio
638 646 772 695 atque
791 637 943 695 inpetu
963 652 1114 679 eorum
1132 647 1256 679 erant
1273 635 1486 695 obpressi.
1532 635 1632 695 Ipse

143 698 200 741 ad
222 697 451 741 vastandos
468 696 885 756 depopulandosque
908 695 1012 739 fines
1032 695 1302 755 Ambiorigis
1323 695 1632 754 proficiscitur,

144 773 277 815 quem
308 757 596 816 perterritum
628 772 678 800 ac
711 755 953 813 fugientem
985 770 1122 813 quum
1143 755 1282 813 redigi
1303 755 1487 813 possein
1509 771 1630 798 suam

178 824 408 859 otestatem
438 815 723 874 desperasset,
756 815 1002 873 proximum
1026 830 1114 857 suae
1143 813 1373 872 dignitatis
1392 829 1482 857 esse
1501 813 1633 858 duce-

145 833 240 926 gat,
259 875 366 918 adeo
386 874 490 918 fines
509 875 601 932 ejus
623 883 791 918 vastare
812 874 995 924 civibus,
1014 871 1215 922 aedificiis,
1250 888 1421 931 pecore,
1453 881 1503 915 ut
1531 873 1632 916 odio

144 949 324 979 suorum
347 934 594 984 Ambiorix,
626 933 660 976 si
688 949 797 992 quos
831 932 1007 976 fortuna
1041 933 1208 974 fecisset
1228 933 1434 990 reliquos,
1459 931 1630 975 nullum

146 993 337 1038 reditum
360 1003 544 1052 propter
566 1001 708 1036 tantas
730 993 996 1035 calamitates
1016 991 1199 1034 haberet
1221 992 1263 1034 in
1284 991 1522 1034 civitatem.

205 1053 277 1094 25.
314 1053 463 1103 Quum
484 1052 528 1095 in
550 1053 685 1094 omnis
707 1061 853 1111 partes
873 1050 1022 1094 finium
1050 1051 1319 1109 Ambiorigis
1343 1060 1421 1093 aut
1443 1051 1632 1108 legiones

145 1120 224 1156 aut
240 1112 401 1154 auxilia
421 1111 663 1161 dimisisset,
685 1120 818 1168 atque
838 1111 981 1153 omnia
1000 1109 1203 1160 credibus,
1223 1109 1445 1159 incendiis,
1472 1109 1634 1168 rapinis

145 1180 370 1221 vastasset,
402 1186 559 1227 magno
593 1185 774 1213 numero
816 1168 1035 1212 hominum
1079 1170 1310 1211 interfecto
1351 1177 1429 1211 aut
1468 1177 1598 1228 capto
1618 1184 1628 1210 :

148 1230 389 1273 Labienum
407 1245 503 1272 cum
519 1229 691 1272 duabus
715 1228 955 1285 legionibus
978 1229 1020 1271 in
1039 1228 1245 1270 Treviros
1266 1228 1419 1276 mittit,
1442 1243 1632 1284 quorum

143 1290 311 1339 civitas,
341 1297 526 1347 propter
550 1287 798 1331 Germania}
820 1287 1090 1330 vicinitatem
1111 1286 1372 1344 quotidianis
1394 1287 1634 1329 exercitata

146 1349 288 1397 bellis,
310 1348 435 1390 cultu
458 1355 502 1389 et
525 1348 702 1389 feritate
724 1362 810 1389 non
842 1345 1031 1388 multum
1060 1361 1086 1387 a
1117 1345 1346 1387 Germanis
1377 1345 1632 1396 differebat,

143 1423 285 1464 neque
309 1407 525 1465 imperata
547 1421 773 1463 umquam,
797 1404 875 1447 nisi
897 1404 1091 1446 exercitu
1113 1413 1281 1454 coacta,
1305 1404 1511 1448 faciebat.

201 1465 273 1507 26.
308 1465 490 1508 Interim
526 1465 578 1508 C.
605 1464 829 1513 Caninius,
866 1463 1075 1522 Legatus‚
1112 1479 1250 1521 quum
1282 1479 1480 1522 magnam
1519 1463 1631 1507 mul-

142 1525 376 1568 titudinem
417 1525 664 1567 convenisse
706 1522 895 1566 hostium
953 1523 995 1565 in
1037 1522 1140 1565 fines
1193 1523 1424 1566 Pictonum
1471 1522 1633 1567 litteris

141 1585 394 1642 nunciisque
436 1583 612 1626 Duratii
653 1591 951 1640 cognosceret,
990 1582 1066 1639 qui
1106 1590 1325 1641 perpetuo
1362 1582 1404 1625 in
1443 1582 1633 1625 amicitia

143 1643 442 1686 Romanorum
488 1650 784 1690 iermanserat,
816 1657 953 1698 quum
988 1657 1090 1699 pars
1112 1640 1310 1700 qutedam
1331 1641 1519 1684 civitatis
1539 1641 1632 1699 ejus

139 1702 365 1745 defecisset
386 1717 396 1750 ;
438 1659 493 1743 ad
532 1700 746 1759 oppidum
779 1699 1018 1742 Lemonum
1055 1700 1296 1743 contendit.
1361 1701 1461 1750 Quo
1491 1715 1630 1758 quum

139 1761 415 1810 adventaret,
454 1768 588 1817 atque
628 1775 682 1801 ex
719 1759 903 1817 captivis
940 1758 1102 1801 certius
1145 1767 1440 1817 cognosceret,
1482 1759 1633 1801 multis

139 1819 362 1863 hominum
403 1818 578 1862 milibus
622 1834 647 1860 a
685 1818 931 1867 Dumnaco,
971 1818 1096 1860 Duce
1136 1817 1344 1868 Andium,
1391 1818 1629 1861 Duratium

137 1879 332 1923 clausum
355 1878 532 1921 Lemoni
555 1877 805 1936 obpugnari
827 1893 836 1925 ;
860 1893 999 1934 neque
1020 1877 1209 1920 infirmas
1229 1877 1417 1936 legiones
1434 1876 1630 1920 hostibus

137 1938 411 1981 committere
429 1937 639 1985 auderet;
671 1946 812 1979 castra
833 1937 1000 1978 munito
1021 1936 1116 1980 loco
1139 1936 1297 1995 posuit.
1355 1937 1627 1986 Dumnacus,

135 2013 272 2055 quum
305 1996 662 2056 adpropinquare
695 1995 926 2038 Caninium
956 1996 1244 2054 cognovisset,
1267 1995 1404 2054 copiis
1426 1995 1628 2039 omnibus

136 2056 193 2098 ad
215 2057 404 2114 legiones
428 2055 661 2104 conversis,
698 2063 838 2097 castra
878 2053 1174 2097 Romanorum
1212 2055 1472 2113 obpugnare
1511 2054 1630 2097 insti-

135 2115 239 2158 tuit.
303 2116 451 2166 Quum
479 2114 726 2174 complures
760 2113 851 2156 dies
883 2113 926 2156 in
963 2113 1293 2172 obpugnatione
1327 2114 1630 2157 consumsisset

137 2183 198 2224 et,
219 2189 376 2231 magno
399 2190 573 2217 suorum
608 2173 888 2223 detrimento,
929 2173 1094 2215 nullam
1131 2183 1300 2231 partem
1340 2173 1631 2216 munitionum

135 2233 380 2277 convellere
402 2233 630 2291 potuisset,
653 2249 801 2275 rursus
820 2232 875 2275 ad
895 2231 1183 2275 obsidendum
1203 2231 1442 2275 Lemonum
1463 2231 1595 2275 redit.

187 2338 271 2379 Toy.
307 2338 397 2369 Gall.
447 2346 525 2378 qum
553 2346 585 2366 c.
619 2338 673 2366 23.
705 2335 846 2366 citerior

135 2381 228 2414 dicta
245 2387 307 2420 ost,
322 2387 355 2413 et
370 2387 512 2423 propter
527 2379 705 2411 civitatem
726 2381 841 2410 (lutam

135 2437 155 2458 a
185 2432 275 2467 togae
305 2437 366 2457 usu
398 2436 520 2457 nomen
553 2430 678 2465 togata·
710 2424 844 2454 habuit.

139 2472 314 2503 cellarius.
342 2470 463 2511 Neque
479 2475 591 2501 tamon
610 2479 653 2499 ea
669 2467 768 2509 liujus
785 2479 847 2498 no-

138 2515 240 2546 minis
256 2525 359 2546 causa
378 2513 608 2556 pr-aetoronnda
627 2518 690 2546 est,
711 2523 786 2552 qua·
803 2523 844 2542 ex

138 2560 204 2591 hoc
224 2559 299 2601 ipso
323 2560 401 2590 loco
428 2557 577 2599 intelligi
605 2562 728 2598 potest.
754 2556 847 2586 colo-

136 2604 211 2635 nias
226 2603 357 2636 civium
389 2604 624 2635 Romanorum
653 2599 701 2631 ibi
729 2600 844 2631 fuisse.

185 2694 390 2724 Det-ursione
420 2691 516 2722 barb.
562 2690 617 2722 Sic
645 2695 678 2721 et
703 2688 757 2721 Al.
789 2689 844 2719 42).

135 2736 207 2772 Alii
221 2737 262 2768 (Ιν
278 2738 474 2767 incursione.

187 2781 399 2821 Ter-qeslinis.
432 2779 556 2811 Nullus
572 2784 736 2811 vetorum.
750 2778 843 2819 quod

137 2824 257 2857 sciam.
274 2824 374 2865 hujus
386 2824 495 2855 cladis
511 2822 676 2855 meminit.
703 2824 844 2853 sossius.

135 2868 316 2907 Tergeste.
338 2868 557 2900 Carniconun
588 2867 771 2909 oppidum,
801 2866 843 2898 ad

137 2911 373 2945 Hadriaticum
390 2923 497 2945 mare.
524 2913 697 2946 cellarius.

963 2335 1081 2376 Rerliqi
1093 2346 1197 2377 lmese.
1223 2335 1257 2366 In
1271 2333 1350 2366 aliis
1365 2334 1501 2377 &posse
1515 2333 1625 2365 deest.

915 2389 975 2411 nec
994 2380 1043 2411 ita
1058 2381 1158 2411 male.

968 2425 1117 2457 sas-mre.
1135 2423 1374 2454 vacuefacere.
1390 2421 1460 2453 vid.
1477 2423 1551 2454 lnd.
1575 2421 1626 2454 M.

961 2469 1078 2499 Omnis
1091 2469 1346 2509 partes-finium.
1375 2466 1544 2504 Enallaze
1564 2477 1627 2508 pro

914 2523 993 2545 omn
1004 2523 1027 2543 ‘s
1036 2514 1122 2552 fiows
1135 2513 1283 2554 partium
1306 2518 1338 2541 ct
1363 2510 1412 2542 sic
1428 2511 1529 2542 codd.
1543 2511 1624 2553 qui-

914 2558 992 2587 dam
1010 2555 1190 2587 exhibent.

963 2602 1152 2632 Emm'mm
1169 2600 1273 2630 bellis.
1298 2598 1366 2630 Alii
1382 2601 1537 2630 etet-rim.

962 2644 1134 2685 Dap-cisso!
1154 2656 1166 2681 ;
1212 2642 1268 2673 liic
1304 2642 1626 2685 interpungendum,

915 2699 981 2720 non
1001 2695 1075 2730 post
1095 2688 1236 2719 verbum
1255 2693 1500 2727 ,mr-mamerae.

962 2733 1156 2764 Lemonum.
1218 2730 1299 2764 Alii.
1337 2730 1531 2763 Limonum.
1572 2729 1624 2760 M.

915 2778 990 2808 Hoc
1010 2777 1143 2818 przefert
1164 2775 1358 2806 D‘Anville.

962 2823 999 2852 1η
1019 2821 1274 2863 obpuymue'ow‘.
1304 2819 1367 2851 alii
1386 2822 1423 2851 in
1443 2819 1623 2863 obpuqna—

913 2868 1048 2898 tionem.
