1946 3261
301 244 390 288 274
758 234 843 281 DE
875 233 1079 280 BELLO
1111 233 1331 281 CIVILI.

304 371 505 425 citroque
523 362 670 414 missiS‚
697 379 796 421 quae
815 363 1093 423 ignorabant,
1123 363 1176 407 de
1200 363 1251 407 L.
1275 361 1459 408 Domitii
1484 361 1590 422 fuga
1610 373 1785 420 cognos-

307 435 425 472 cunt.
488 424 642 482 Itaque
674 437 818 465 omnes
851 439 938 465 uno
968 423 1143 466 consilio
1166 422 1423 474 Domitium,
1456 422 1723 482 productum
1743 419 1788 463 in

306 483 546 545 publicum,
587 480 910 523 circumsistunt
949 489 994 523 et
1033 480 1288 524 custodiunt
1326 481 1583 540 legatosque
1621 495 1677 523 ex
1711 493 1789 521 suo

306 556 484 586 numero
507 539 564 583 ad
587 538 800 582 Caesarem
820 538 1023 587 mittunt;
1058 545 1089 564 “
1108 554 1196 581 sese
1217 547 1392 597 paratos
1412 555 1500 582 esse
1521 546 1669 598 portas
1689 552 1791 597 ape-

305 610 337 629 “
360 601 463 651 rire,
485 614 668 658 quaeque
688 596 986 656 imperaverit,
1008 596 1150 641 facere
1169 605 1214 640 et
1238 596 1288 640 L.
1313 597 1561 643 Domitium
1578 598 1727 642 vivum
1745 595 1790 638 in

304 668 337 689 “
359 661 451 718 eius
472 664 735 719 potestatem
756 656 1022 699 transdere.’'

364 710 437 762 21.
477 716 649 767 Quibus
679 715 812 758 rebus
849 713 1048 773 cognitis,
1090 714 1252 765 Caesar,
1290 714 1371 759 etsi
1403 715 1549 775 magni
1585 714 1790 759 interesse

305 775 623 825 arbitrabatur,
644 790 776 832 quani
796 774 987 832 primum
1008 772 1173 833 oppido
1195 774 1347 833 potiri,
1366 773 1653 834 cohortesque
1674 773 1730 817 ad
1746 788 1791 816 se

306 839 350 881 in
367 843 508 878 castra
524 834 820 884 transducere,
843 848 895 876 ne
916 849 1003 892 qua
1020 841 1098 876 aut
1114 832 1437 891 largitionibus,
1456 842 1534 877 aut
1551 833 1677 876 animi
1692 847 1791 876 con-

305 893 560 943 firmatione,
594 901 672 936 aut
704 892 821 936 falsis
841 893 1008 935 nunciis
1049 893 1333 936 commutatio
1367 892 1496 936 fieret
1533 891 1789 940 voluntatis,

305 952 428 1014 quod
447 968 557 1011 saepe
578 951 623 996 in
643 950 760 994 bello
784 951 929 1011 parvis
950 951 1178 995 momentis
1212 951 1359 1010 magni
1396 968 1517 996 casus
1550 948 1789 994 intercede-

305 1021 431 1063 rent;
462 1019 606 1055 tamen
626 1010 809 1061 veritus,
842 1026 895 1053 ne
922 1011 1112 1054 militum
1143 1010 1328 1055 introitu
1363 1019 1407 1054 et
1440 1011 1643 1054 nocturni
1678 1017 1788 1053 tem-

306 1071 425 1132 poris
469 1070 645 1114 licentia
693 1069 908 1129 oppidum
958 1070 1244 1129 diriperetur,
1294 1086 1383 1121 eos,
1434 1069 1512 1129 qui
1561 1062 1789 1118 venerant,

305 1129 540 1175 conlaudat
571 1137 703 1186 atque
742 1130 785 1172 in
820 1128 1030 1188 oppidum
1050 1129 1259 1177 dimittit;
1291 1137 1442 1188 portas
1463 1144 1696 1186 murosque
1716 1126 1789 1170 ad·

305 1189 471 1233 servari
503 1188 646 1246 jubet.
708 1187 809 1247 Ipse
845 1188 895 1230 iis
937 1188 1160 1247 operibuS‚
1202 1204 1298 1246 quae
1340 1189 1482 1231 facere
1523 1188 1788 1235 instituerat,

304 1248 463 1292 milites
478 1246 686 1306 disponit,
707 1262 792 1291 non
811 1247 938 1290 certis
955 1265 972 1290 s
1008 1247 1104 1289 atiis
1121 1247 1382 1297 intermissis,
1405 1255 1455 1290 ut
1476 1255 1570 1289 erat
1590 1245 1787 1304 superio-

305 1310 405 1351 rum
426 1306 597 1349 dierum
610 1306 896 1355 consuetudo;
919 1264 1005 1348 sed)
1014 1305 1238 1364 perpetuis
1252 1306 1409 1363 vigiliis
1421 1304 1786 1363 stationibusque,

305 1373 358 1408 ut
379 1366 634 1422 contingant
654 1366 766 1407 inter
795 1381 837 1407 se
866 1372 999 1421 atque
1033 1379 1201 1406 omnem
1233 1364 1515 1408 munitionem
1550 1363 1756 1422 expleant
1774 1377 1787 1404 z

307 1424 528 1468 Tribunos
561 1422 750 1466 militum
771 1431 816 1465 et
839 1422 1070 1466 Praefectos
1092 1423 1393 1466 circummittit
1413 1431 1546 1481 atque
1567 1421 1790 1471 hortatur,

305 1483 393 1527 non
413 1483 552 1527 solum
581 1482 639 1525 ab
667 1481 971 1541 eruptionibus
1004 1489 1201 1532 caveant,
1241 1481 1315 1524 sed
1349 1482 1479 1524 etiam
1517 1481 1791 1539 singulorum

305 1542 527 1586 hominum
547 1541 741 1584 occultos
762 1542 902 1584 exitus
919 1540 1159 1583 adservent.
1207 1541 1364 1598 Neque
1378 1556 1481 1584 vero
1502 1548 1592 1582 tam
1613 1539 1790 1583 remisso

307 1612 358 1659 ac
379 1599 586 1659 languido
615 1601 757 1643 animo
779 1601 1007 1658 quisquam
1039 1600 1230 1643 omnium
1252 1599 1353 1650 fuit,
1377 1599 1453 1658 qui
1475 1615 1526 1642 ea
1542 1607 1669 1642 nocte
1691 1613 1789 1641 con-

309 1659 557 1718 quieverit:
591 1666 714 1701 tanta
735 1667 829 1701 erat.
849 1673 1015 1701 summa
1042 1674 1191 1701 rerum
1220 1659 1504 1717 exspectatio,
1530 1665 1581 1700 ut
1606 1658 1716 1700 alius
1745 1657 1789 1700 in

307 1718 438 1761 aliam
461 1724 632 1776 partem
653 1725 798 1760 mente
819 1725 951 1775 atque
973 1716 1116 1759 animo
1139 1715 1404 1767 traheretur,
1427 1715 1533 1774 quid
1555 1717 1657 1775 ipsis
1681 1714 1790 1758 Cor-

307 1776 572 1826 finiensibus,
606 1775 714 1834 quid
737 1775 949 1825 Domitio,
973 1773 1080 1833 quid
1103 1774 1306 1826 Lentulo,
1345 1775 1451 1835 quid
1485 1774 1663 1834 reliquis
1683 1774 1790 1817 acci-

311 1835 452 1886 deret,
470 1834 546 1893 qui
570 1849 766 1892 quosque
787 1842 966 1877 eventus
988 1833 1251 1892 exciperent.

369 1894 442 1936 22.
485 1894 656 1942 Quarta
690 1892 863 1934 circiter
895 1892 1045 1950 vigilia
1083 1892 1294 1934 Lentulus
1333 1889 1542 1950 Spinther
1580 1890 1633 1934 de
1664 1907 1791 1935 muro

310 1964 409 1996 cum
456 1951 615 2009 vigiliis
656 1950 995 2009 custodibusque
1036 1952 1191 1993 nostris
1211 1951 1508 2008 conloquitur,
1542 1958 1570 1976 “
1595 1950 1722 2000 velle,
1759 1950 1792 1992 si

313 2019 343 2038 ‘⁶
366 2011 449 2054 sibi
469 2010 545 2052 fiat
577 2017 783 2069 potestas,
823 2009 1036 2053 Caesarem
1070 2010 1340 2053 convenire-”
1401 2009 1534 2052 Facta
1555 2016 1790 2068 potestate,

312 2087 368 2113 ex
390 2068 555 2128 oppido
582 2068 791 2119 mittitur,
833 2084 974 2127 neque
1014 2069 1071 2112 ab
1113 2086 1164 2111 eo
1202 2069 1323 2127 prius
1361 2067 1601 2111 Domitiani
1636 2067 1792 2110 milites

310 2128 553 2177 discedunt,
575 2143 705 2185 quam
730 2127 772 2170 in
795 2136 1071 2186 conspectum
1097 2128 1275 2171 Caesaris
1302 2126 1559 2169 deducatur.
1622 2133 1651 2152 “
1677 2126 1792 2169 Cum

315 2190 346 2214 ‘⁶
369 2203 421 2230 eo
453 2185 507 2228 de
539 2187 677 2229 salute
724 2203 801 2229 sua
840 2195 937 2229 orat
977 2195 1110 2245 atque
1150 2187 1365 2235 obsecrat,
1406 2185 1487 2229 sibi
1528 2193 1578 2227 ut
1620 2191 1788 2244 parcat,

363 2282 446 2315 Qum
460 2280 672 2321 iynorabanr.
712 2281 879 2320 Jurinius,
895 2285 966 2325 qui.
983 2289 1020 2314 ut

1138 2282 1328 2314 ..idm-rent.
1377 2280 1446 2313 Alii
1484 2281 1662 2319 observent,
1698 2281 1790 2322 quod

316 2326 359 2357 ad
375 2324 506 2356 Mal'SOS
521 2324 691 2355 referatur.

1091 2326 1181 2357 Oud.
1197 2326 1325 2357 mallet.

367 2370 480 2400 Animi
504 2370 710 2408 cmzfir‘matio
737 2368 791 2399 vel
817 2375 868 2400 est
898 2369 1019 2405 oratio,

316 2423 385 2455 qua
400 2411 512 2444 moesti
530 2411 702 2452 eriguntur
725 2413 766 2442 ad
789 2423 897 2453 spem,
922 2414 1022 2444 dubi-

320 2462 497 2497 tantesque
514 2455 729 2486 dubitatione
746 2455 947 2497 libo1-antur;
967 2458 1020 2489 vel

321 2500 387 2532 erit
401 2499 617 2531 contumacia
632 2509 761 2537 eorum,
781 2500 839 2540 qui
857 2500 923 2532 sibi
944 2512 1020 2542 pro-

322 2550 456 2587 ponunt
488 2543 603 2584 utiquo
641 2554 786 2584 pugnare
811 2549 869 2574 aut
896 2545 1020 2586 perire.

321 2588 447 2620 Malim
469 2588 582 2629 prius3
606 2597 682 2618 nam
697 2588 738 2618 de
756 2587 940 2629 posteriorc
962 2600 1023 2631 po-

321 2633 389 2665 tius
406 2631 547 2663 dixisset
561 2632 755 2672 obfirmatio.
784 2633 836 2663 M.

370 2676 625 2713 Inter-cederent,
636 2673 851 2707 inmiscerent
866 2687 913 2715 se,
929 2676 1021 2708 acci-

323 2721 450 2752 derent.
483 2721 530 2750 M.

371 2765 414 2796 Et
429 2765 582 2795 nocturni
595 2769 618 2795 t.
634 2764 687 2794 lie.
713 2761 769 2794 Sic
786 2763 887 2794 codd.
899 2768 931 2793 et
943 2764 1022 2794 edd.

325 2813 392 2839 vet.
421 2807 581 2839 Ciaccon.
613 2806 707 2838 malit
734 2810 797 2846 in;
830 2806 946 2839 Davis.
966 2817 1017 2838 em.

326 2849 448 2882 Omitti
463 2851 562 2891 jubet
577 2850 744 2881 Clarkins.

371 2894 564 2926 Adservari-
613 2895 652 2924 P.
676 2894 783 2925 Faber
807 2905 826 2925 e
851 2894 949 2928 codd.
965 2895 1021 2926 dat

326 2938 509 2971 observari.
553 2939 731 2974 Seme-ster.
751 2939 780 2977 1,
793 2940 846 2971 20.

1139 2371 1252 2411 Neque
1266 2380 1352 2401 tero.
1370 2368 1424 2400 Sic
1441 2367 1589 2400 Faiimus
1601 2379 1622 2400 e
1637 2368 1791 2400 vet.cod.

1091 2410 1203 2453 Vulgo
1223 2414 1336 2455 Neque
1349 2424 1398 2445 eo.

1137 2459 1278 2489 Summa
1286 2468 1407 2489 rerum.
1497 2480 1504 2487 .
1516 2466 1789 2489 summaererum.

1090 2499 1228 2532 Monuit
1273 2500 1423 2542 Lipsius,
1479 2499 1638 2542 probavit
1698 2500 1789 2532 Oud.

1097 2546 1206 2577 Tama
1222 2555 1354 2576 summa
1369 2544 1528 2586 conjungi
1552 2554 1619 2576 non
1637 2548 1787 2586 possunt.

1092 2589 1142 2620 M.
1170 2589 1289 2620 Posses
1304 2595 1429 2620 struere
1443 2588 1491 2620 sic
1507 2601 1515 2619 :
1531 2599 1667 2620 summa
1677 2598 1788 2620 rerum

1090 2636 1283 2673 «vm-spectatio
1299 2639 1371 2665 era!
1385 2639 1492 2665 (anea.
1531 2634 1678 2665 Summae
1693 2631 1790 2664 malit

1087 2682 1122 2707 et
1135 2676 1287 2708 Jurinus.

1137 2721 1348 2763 Eoeciperem.
1383 2719 1451 2752 Alii
1476 2722 1648 2762 evdpmt.
1676 2718 1790 2751 minus

1089 2770 1190 2795 recte.

1138 2809 1219 2840 Cum
1237 2819 1274 2839 eo
1289 2823 1333 2832 —
1347 2814 1434 2843 orat,
1449 2818 1528 2839 cum
1543 2817 1584 2838 eo
1600 2817 1660 2848 per
1673 2816 1790 2848 preces

1090 2851 1171 2892 agit.
1209 2852 1401 2883 Fomiulam
1417 2850 1575 2894 loquendi
1593 2849 1754 2881 Davisius
1769 2860 1789 2880 e

1091 2895 1201 2931 Plauti
1217 2896 1311 2930 Asin.
1332 2899 1363 2935 3,
1375 2899 1407 2937 3,
1421 2898 1476 2936 72,
1490 2901 1523 2928 et
1537 2894 1675 2928 Curcul.
1687 2896 1720 2933 3,
1735 2895 1790 2937 69,
