1946 3261
264 233 353 277 248
688 231 773 275 DE
804 229 1009 274 BELLO
1043 230 1338 275 GALLICO.

267 356 543 419 paratissimo
563 357 834 402 sustinebant
854 358 1026 401 animo:
1071 374 1137 400 res
1171 358 1284 402 enim
1321 358 1560 415 gerebatur
1594 365 1640 401 et
1677 375 1747 403 ex-

267 419 380 462 celso
401 419 497 461 loco
518 426 564 460 et
581 418 626 460 in
646 426 880 476 conspectu
901 416 1117 460 exercitus
1129 418 1263 461 nostri
1283 433 1293 466 ;
1314 433 1579 476 magnusque
1597 418 1747 461 utrim-

267 493 355 534 que
376 477 538 520 clamor
559 477 800 520 oriebatur.
861 477 931 520 Ita
968 492 1099 533 quam
1137 477 1319 535 quisque
1360 485 1532 534 poterat
1566 476 1748 520 maxime

265 535 459 593 insigniS,
483 553 571 595 quo
587 537 731 579 notior
747 537 1031 594 testatiorque
1045 535 1183 578 virtus
1195 536 1286 594 ejus
1301 545 1427 586 esset,
1442 535 1540 578 telis
1559 534 1748 580 hostium

267 593 537 652 flammaeque
558 612 602 639 se
624 595 899 639 obferebant.

325 653 398 695 43.
432 654 578 697 Caesar
597 668 735 710 quum
755 653 1003 710 complures
1021 668 1120 696 suos
1140 652 1359 696 vulnerari
1380 653 1564 703 videret,
1587 670 1640 697 ex
1659 669 1747 696 om-

260 710 392 755 nibus
413 711 564 771 oppidi
592 711 793 769 partibus
816 711 1016 754 cohortes
1035 721 1227 754 montem
1247 712 1505 756 adscendere
1525 721 1587 762 et,
1620 713 1748 756 simu-

257 769 421 813 latione
461 770 666 812 moenium
708 770 1076 828 occupandorum,
1121 770 1353 814 clamorem
1394 772 1584 829 undique
1620 772 1751 830 jubet

259 828 430 871 tollere.
495 829 595 878 Quo
616 829 732 871 facto
753 829 977 887 perterriti
998 829 1221 888 oppidani,
1239 846 1391 887 quum,
1411 830 1519 888 quid
1539 839 1748 888 ageretur

261 886 308 930 in
330 887 435 930 locis
455 887 651 945 reliquis,
684 896 822 930 essent
855 888 1010 946 ignari,
1039 889 1231 946 suspensi
1268 898 1477 932 revocant
1504 889 1562 932 ab
1590 889 1746 947 inpug-

257 945 411 989 nandis
429 947 637 1005 operibus
653 955 840 990 armatos
867 947 1088 1004 murisque
1107 948 1359 1006 disponunt.
1423 947 1491 990 Ita
1512 949 1648 992 nostri
1663 948 1748 991 fine

262 1005 409 1064 proelii
437 1005 555 1049 facto
587 1006 785 1049 celeriter
814 1022 947 1064 opera
978 1007 1147 1050 flamma
1167 1007 1476 1066 comprehensa
1496 1008 1659 1065 partim
1682 1023 1747 1050 re-

259 1064 509 1123 stinguunt,
540 1065 702 1123 partim
728 1065 1057 1109 interscindunt.
1123 1068 1271 1116 Quum
1309 1067 1590 1125 pertinaciter
1627 1066 1747 1109 resis-

258 1130 406 1166 terent
438 1123 643 1182 oppidani
668 1133 728 1173 et,
753 1125 842 1182 jam
867 1141 1026 1183 magna
1058 1135 1182 1184 parte
1206 1142 1383 1168 suorum
1413 1125 1484 1168 siti
1504 1126 1670 1174 amissa,
1701 1125 1743 1169 in

258 1182 475 1225 sententia
500 1192 821 1241 permanerent,
849 1184 903 1226 ad
933 1193 1198 1242 postremum
1225 1184 1434 1228 cuniculis
1465 1200 1584 1227 venae
1614 1184 1744 1227 fontis

249 1240 464 1284 intercisae
499 1250 601 1284 sunt
635 1251 770 1300 atque
804 1259 976 1285 aversae.
1042 1244 1141 1293 Quo
1167 1244 1284 1286 facto
1307 1243 1538 1285 exhaustus
1566 1253 1744 1301 repente

252 1300 454 1357 perennis
476 1301 649 1344 exaruit
670 1302 764 1344 fons
783 1310 1034 1358 tantamque
1054 1302 1214 1344 adtulit
1235 1301 1461 1360 oppidanis
1481 1302 1631 1344 salutis
1651 1301 1743 1345 des-

251 1359 538 1415 perationem,
570 1368 620 1401 ut
647 1359 690 1402 id
718 1376 802 1403 non
823 1359 1042 1403 hominum
1064 1361 1257 1410 consilio,
1280 1361 1352 1403 sed
1372 1361 1569 1404 Deorum
1591 1360 1743 1404 volun-

249 1423 340 1471 tate
374 1418 540 1461 factum
568 1427 791 1476 putarent.
856 1418 1027 1477 Itaque,
1064 1420 1314 1463 necessitate
1341 1421 1495 1469 coacti,
1529 1436 1572 1463 se
1606 1429 1742 1463 trans-

247 1474 468 1520 diderunt.

304 1535 376 1578 44.
416 1537 576 1587 Caesar,
600 1554 737 1595 quum
757 1554 878 1580 suam
900 1538 1122 1581 lenitatem
1140 1538 1358 1596 cognitam
1376 1538 1575 1581 omnibus
1594 1539 1740 1590 sciret,

244 1608 385 1651 neque
404 1605 645 1646 vereretur,
660 1613 712 1639 ne
729 1598 834 1654 quid
852 1598 1109 1640 crudelitate
1127 1607 1293 1640 naturae
1312 1597 1535 1640 videretur
1547 1598 1740 1657 asperius

240 1651 404 1703 fecisse,
447 1669 588 1711 neque
627 1655 791 1698 exitum
829 1657 1107 1700 consiliorum
1149 1672 1326 1699 suorum
1356 1658 1549 1699 animum
1583 1656 1737 1700 adver-

243 1718 376 1760 teret,
399 1711 433 1754 si
454 1714 532 1755 tali
555 1714 721 1757 ratione
742 1715 921 1757 diversis
950 1716 992 1758 in
1029 1715 1130 1757 locis
1160 1715 1304 1772 plures
1326 1714 1538 1757 rebellare
1559 1716 1737 1759 consilia

241 1768 445 1820 inissent3
487 1773 686 1830 exemplo
708 1773 911 1831 subplicii
934 1773 1216 1816 deterrendos
1245 1774 1435 1830 reliquos
1457 1774 1732 1818 existimavit.

241 1826 400 1886 Itaque
433 1831 650 1880 omnibus,
680 1833 758 1889 qui
779 1848 900 1874 arma
921 1832 1128 1880 tulerant,
1161 1848 1310 1874 manus
1340 1832 1567 1890 praecidit;
1600 1834 1734 1878 vitam

241 1887 467 1937 concessit,
496 1904 584 1945 quo
613 1891 814 1932 testatior
847 1900 955 1933 esset
985 1906 1112 1948 poena
1149 1891 1451 1948 inproborum.
1517 1892 1642 1951 Drap
1676 1911 1735 1943 es,

241 1961 372 2002 quem
394 1955 573 2004 captum
590 1964 676 1990 esse
695 1964 719 1990 a
739 1949 921 1991 Caninio
936 1949 1082 1999 docui,
1102 1950 1189 1991 sive
1209 1949 1506 2007 indignatione
1523 1961 1567 1993 et
1583 1951 1640 1994 do
1659 1969 1733 1995 ore

241 2005 534 2055 vinculorum,
557 2006 646 2048 sive
669 2007 825 2049 timore
851 2009 1062 2065 gravioris
1081 2008 1302 2066 subplicii,
1334 2009 1483 2066 paucis
1511 2009 1666 2053 diebus
1691 2029 1733 2054 se

239 2063 340 2107 cibo
361 2064 571 2108 abstinuit
589 2073 722 2122 atque
744 2066 805 2108 ita
826 2066 1006 2109 interiit.
1078 2066 1244 2110 Eodem
1265 2076 1462 2125 tempore
1486 2067 1732 2119 Lucterius,

239 2138 371 2179 quem
399 2123 644 2181 profugisse
675 2141 727 2166 ex
759 2125 914 2182 proelio
947 2125 1112 2184 scripsi,
1147 2142 1284 2183 quum
1315 2126 1357 2168 in
1395 2135 1642 2171 )otestatem
1665 2145 1735 2172 ve-

239 2181 372 2224 nisset
391 2181 428 2224 E
463 2182 622 2224 asnacti
646 2183 852 2233 Arverni,
885 2185 1059 2239 (crebro
1091 2185 1203 2227 enim
1225 2142 1442 2228 mutandis
1473 2185 1593 2236 locis,
1627 2189 1737 2232 mul-

241 2249 390 2285 torum
412 2198 514 2283 fildei
534 2257 578 2284 se
599 2243 917 2293 committebat,
948 2243 1069 2301 quod
1100 2259 1310 2301 nusquam
1331 2243 1497 2287 diutius
1515 2245 1605 2288 sine
1625 2247 1737 2305 peri·

288 2396 347 2428 Ila
360 2405 466 2438 quam
482 2396 633 2437 quisque.
648 2393 707 2425 alii
727 2394 781 2426 Ita
797 2401 831 2426 m
847 2405 879 2436 q.

288 2440 345 2471 Ex
360 2450 451 2471 omn.
464 2439 578 2480 oppidi
588 2439 749 2480 partibus.
775 2439 868 2470 Idem
883 2445 945 2475 est.

239 2489 277 2515 ut
302 2483 330 2515 si
355 2483 516 2523 dixisset,
536 2493 650 2514 versus
677 2492 799 2514 omnes
824 2483 943 2525 oppidi

238 2534 364 2570 partes.
393 2529 440 2560 M.

289 2574 460 2614 Suspensi,
481 2571 592 2610 dubii,
616 2570 821 2603 haesitantes.
869 2571 942 2602 Non

237 2622 289 2647 est
313 2626 536 2658 synonymum
560 2615 657 2647 verbi
682 2617 833 2657 iynmue,
853 2617 943 2656 quod

239 2659 425 2692 omiserunt
440 2660 477 2699 ii,
500 2659 560 2701 qui
576 2659 800 2701 tautologiam
824 2661 944 2700 opina-

238 2710 307 2735 tam
323 2703 469 2745 effugese
492 2705 683 2736 voluerunt.
730 2704 859 2736 Rursus
880 2704 940 2735 alii

240 2747 388 2779 omisere
405 2748 545 2780 verbum
561 2749 720 2790 suspensi.
745 2749 793 2780 M.

285 2793 361 2823 Sine
375 2792 595 2834 proel'iifactn.
633 2792 707 2823 Hoc
725 2802 767 2823 ne
783 2791 940 2824 Latinum

235 2834 372 2876 quidem
389 2844 459 2867 est:
492 2837 594 2867 altera
610 2835 728 2875 lectio,
743 2840 814 2867 sine
825 2838 941 2878 proele'n

228 2879 331 2920 sacto.
349 2879 481 2911 facilius
505 2879 580 2911 ferri
607 2885 729 2921 potest.
753 2881 803 2913 Μ.
848 2881 940 2922 Lego

235 2933 313 2956 cum
331 2922 422 2956 Oud.
439 2926 508 2957 sine
521 2924 686 2967 pr-faclo.

1072 2396 1266 2428 Resisterem
1277 2395 1454 2428 dolendum
1467 2396 1619 2440 est,quia
1633 2397 1732 2432 abest

1022 2450 1041 2471 a
1063 2440 1232 2482 plerisque
1247 2441 1347 2471 codd.
1373 2442 1423 2472 M.

1073 2487 1209 2525 Et.jmn
1220 2495 1348 2525 masma
1363 2490 1474 2526 parta.
1498 2485 1582 2527 Leg-
1598 2497 1729 2529 vna-qna

1020 2531 1120 2561 etiam
1134 2534 1242 2570 parto.
1290 2528 1343 2560 Sic
1364 2529 1519 2571 plerique
1534 2531 1634 2562 codd.
1662 2532 1711 2562 M.

1069 2573 1305 2613 Evaruitfmi&
1324 2574 1516 2613 'rhosan-1151,
1523 2575 1613 2615 quod
1624 2575 1726 2617 vulgo

1022 2618 1130 2655 deest,
1156 2628 1174 2648 e
1205 2616 1306 2648 codd.
1327 2624 1359 2650 et
1383 2618 1460 2649 edd.
1482 2625 1548 2650 vet.
1578 2618 1726 2650 restituit

1021 2661 1111 2693 Oud.

1068 2707 1148 2737 Reb.
1163 2707 1300 2737 consina
1316 2706 1462 2737 inissent.
1510 2705 1635 2748 Vulgm
1657 2707 1723 2738 reb.

1020 2753 1195 2792 mpisseru.
1232 2751 1282 2781 M.
1340 2749 1558 2782 Constructio
1589 2757 1724 2791 recepta

1020 2794 1200 2826 familiaris
1213 2800 1263 2825 est
1280 2793 1406 2825 Hirtio.
1429 2793 1482 2826 Cf.
1498 2805 1530 2826 c.
1547 2795 1600 2826 49.
1623 2794 1678 2827 Af.
1691 2805 1722 2834 c„

1065 2883 1309 2926 Iticiiynatr'one.
1332 2883 1380 2917 al.
1397 2883 1603 2925 imliqnitaaee.
