1961 3230
852 165 934 208 PR
944 165 1212 210 AEFATIO.
1745 172 1805 216 vii

312 288 513 332 confecto
551 288 672 332 bello
711 289 840 340 civili,
871 307 1070 334 reversus
1106 293 1270 351 quippe
1305 307 1448 337 mense
1486 294 1671 340 Octobri
1703 298 1804 341 anni

313 364 510 408 DCCIX
530 373 574 407 et
596 381 727 408 caesus
748 365 899 408 Idibus
922 367 1096 409 Martiis
1114 383 1153 409 a.
1178 369 1362 412 DCCX.

373 440 538 483 Pendet
556 441 614 482 ab
634 440 713 483 ista
735 441 968 496 quaestione
989 441 1126 483 altera
1146 442 1200 484 de
1223 444 1397 499 epochis
1418 460 1565 487 rerum
1583 462 1608 488 a
1632 447 1800 490 Caesare

308 521 597 562 narratarum,
631 529 736 570 quas
759 515 981 558 Lo-Looz
1003 517 1189 574 putabat
1210 518 1337 559 fuisse
1357 534 1382 560 a
1403 520 1570 562 Caesare
1590 521 1645 563 ad
1666 522 1800 565 fastos

306 602 333 628 a
359 602 402 627 se
427 586 673 628 emendatos
704 587 1070 634 adcommodatas.
1135 592 1284 650 Negat
1316 592 1397 634 hoc
1431 594 1796 648 GUISCHARDUS,

306 661 335 704 l.
355 678 391 704 c.
416 678 459 719 p.
480 662 581 704 540.
614 670 659 705 et
677 680 729 706 ex
743 664 910 708 duabus
927 667 1117 725 epochis,
1137 684 1324 724 quarum
1345 670 1606 712 mentionem
1626 673 1797 716 CAEsAR.

305 738 419 781 clare
440 739 559 790 facit,
591 740 681 783 scil.
705 757 745 783 a.
769 741 813 784 d.
840 741 970 784 VIII.
1006 742 1072 785 Id.
1096 743 1197 786 Jan.
1223 743 1394 787 DCCV
1418 752 1461 787 et
1484 745 1624 803 pridie
1648 748 1797 792 Nonas

303 814 406 857 Jan.
437 816 534 857 anni
570 818 803 874 sequentis,
841 818 1033 862 dilucide
1063 834 1154 862 rem
1185 820 1468 863 demonstrat.
1535 821 1712 864 Scilicet
1757 824 1797 880 1)

303 890 468 947 epocha
500 892 591 935 SC.
625 894 859 952 perscripti
891 894 1022 938 VIII.
1056 895 1123 938 Id.
1149 896 1250 939 Jan.
1276 896 1466 946 DCCV,
1498 913 1628 954 quam
1653 899 1795 942 Caesar

302 965 452 1015 refert,
489 966 542 1008 C.
582 968 619 1017 l,
651 969 694 1009 5.
730 968 878 1010 eadem
912 970 1142 1012 exhibetur
1175 987 1199 1012 a
1236 971 1460 1020 Cicerone,
1499 971 1584 1029 Ep.
1621 973 1687 1022 16,
1726 975 1793 1016 11.

304 1040 448 1082 Nemo
479 1050 627 1084 autem
658 1043 834 1091 dixerit,
867 1044 1095 1101 epistolam
1129 1045 1237 1087 hanc
1267 1054 1366 1102 post
1394 1046 1526 1088 fastos
1547 1048 1796 1091 emendatos

301 1115 520 1172 scriptam.
583 1118 629 1173 2)
662 1119 803 1160 Caesar
826 1118 1004 1168 indicat,
1031 1120 1083 1161 C.
1106 1120 1149 1168 3,
1173 1120 1215 1161 6.
1238 1120 1368 1169 diem,
1404 1137 1489 1178 qua
1514 1138 1643 1165 naves
1665 1124 1795 1167 solvit

302 1190 549 1241 Brundisio,
583 1193 697 1250 prid.
724 1194 841 1235 Non.
867 1194 967 1236 Jan.
993 1194 1206 1237 DCCVI.
1231 1204 1276 1237 et
1299 1204 1475 1253 postero
1505 1196 1574 1237 die
1595 1198 1793 1254 pervenit

300 1267 342 1308 in
365 1268 573 1310 Graeciam
592 1284 601 1316 ς
636 1277 730 1310 tum
751 1268 865 1312 misit
889 1269 1134 1312 Vibullium
1156 1270 1212 1312 ad
1236 1270 1506 1328 Pompeium,
1528 1272 1602 1329 qui
1624 1273 1679 1328 (c.
1705 1273 1793 1330 ll.)

298 1358 399 1384 mox
427 1342 509 1383 iter
538 1359 589 1384 ex
616 1343 871 1385 Macedonia
900 1343 942 1385 in
965 1343 1143 1387 hiberna
1166 1344 1353 1388 habebat
1375 1346 1654 1403 Apolloniam
1677 1347 1790 1406 Dp·-

297 1416 623 1474 rhachiumque.
689 1418 777 1459 Sed
798 1418 915 1459 nulla
938 1418 1049 1460 ratio
1082 1419 1227 1461 fuerat
1263 1419 1470 1476 Pompeio
1505 1428 1594 1463 tam
1623 1437 1718 1464 sero
1747 1423 1791 1465 in

298 1490 476 1532 hiberna
498 1507 539 1532 se
561 1490 819 1548 recipiendi;
854 1491 998 1547 potius
1019 1491 1092 1532 ille
1124 1492 1214 1533 dies
1245 1507 1343 1533 cum
1368 1492 1436 1533 die
1462 1493 1501 1535 V
1527 1494 1790 1538 Novembris

296 1564 392 1606 anni
426 1564 659 1621 superioris
690 1564 907 1606 coincidit.
969 1565 1016 1620 3)
1046 1566 1146 1608 Jam
1181 1566 1312 1608 tertio
1340 1582 1482 1608 mense
1514 1577 1628 1625 post,
1658 1587 1788 1627 quam

296 1639 338 1681 in
382 1640 594 1682 Graeciam
636 1639 934 1682 transfretavit
983 1640 1140 1692 Caesar,
1187 1640 1444 1699 Pompeium
1493 1658 1632 1700 prope
1673 1645 1788 1703 Dyr-

294 1713 519 1756 rhachium
541 1713 712 1771 cingere
746 1714 930 1763 studuit,
961 1723 1006 1756 et
1029 1723 1221 1772 quatuor
1243 1731 1405 1758 menses
1428 1716 1508 1759 hoc
1531 1727 1647 1760 statu
1671 1728 1787 1763 uter-

291 1805 376 1847 que
412 1788 668 1846 permansit;
714 1797 808 1830 tum
845 1790 987 1832 tribus
1026 1790 1370 1834 hebdomadibus
1406 1801 1505 1850 post
1540 1793 1786 1839 Pharsalica

292 1880 437 1922 pugna
469 1864 627 1907 accidit
657 1873 852 1922 tempore
886 1866 1045 1908 messis.
1110 1866 1157 1908 Si
1189 1875 1330 1908 autem
1366 1883 1390 1909 a
1423 1867 1464 1908 V
1499 1868 1616 1911 Nov.
1649 1869 1784 1913 adnu-

292 1956 428 1983 meres
456 1956 619 1983 menses
648 1940 736 1983 VII
770 1956 868 1982 cum
888 1940 1081 1990 dimidio,
1117 1941 1274 1984 incides
1307 1942 1350 1983 in
1374 1941 1502 1985 finem
1523 1944 1551 1985 J
1558 1945 1662 1995 unii,
1693 1962 1783 2002 quo

288 2015 434 2057 messis
465 2015 559 2057 fieri
581 2015 691 2057 solet
719 2014 761 2056 in
782 2014 1015 2057 Thessalia.
1078 2016 1157 2057 Est
1184 2031 1290 2074 ergo
1313 2016 1401 2059 haec
1429 2017 1592 2074 epocha
1621 2036 1783 2078 pugnae

291 2090 560 2140 Pharsalicae,
592 2106 688 2147 quae
710 2097 886 2131 notatur
909 2089 948 2131 V
971 2089 1076 2132 Idus
1103 2091 1290 2132 Sextiles
1311 2107 1351 2132 a.
1378 2091 1593 2134 DCCVI.

347 2166 478 2208 Hisce
509 2164 774 2207 stabiliendis
799 2165 1145 2207 GUISCHARDUS
1178 2174 1315 2208 totam
1338 2174 1527 2224 quatuor
1547 2183 1776 2223 annorum,

287 2241 446 2298 quibus
477 2240 640 2282 bellum
664 2240 788 2283 civile
821 2250 991 2298 gestum
1019 2249 1098 2290 est,
1123 2242 1274 2284 seriem
1300 2243 1359 2285 ita
1392 2244 1585 2301 exponit,
1616 2253 1668 2287 ut
1697 2247 1778 2290 sin-

287 2315 410 2372 gulas
430 2313 615 2372 epochas
634 2313 810 2356 illorum
826 2329 1053 2363 annorum,
1073 2315 1150 2371 qui
1170 2332 1194 2357 a
1214 2332 1316 2358 vera
1339 2316 1505 2358 ratione
1529 2326 1777 2377 temporum

284 2389 382 2431 anni
410 2389 557 2431 solaris
584 2388 906 2437 aberraverant,
929 2387 984 2430 ad
1015 2388 1138 2438 hanc,
1167 2390 1306 2446 qualis
1333 2405 1435 2433 mox
1462 2399 1526 2433 est
1551 2408 1576 2434 a
1608 2393 1776 2437 Caesare

284 2463 501 2513 restituta,
533 2463 730 2506 reducat.
793 2462 900 2520 Ejus
930 2463 1221 2521 chronologiae
1253 2465 1425 2523 potiora
1445 2478 1662 2513 momenta
1689 2471 1775 2515 lec-

285 2538 453 2581 toribus
495 2539 551 2580 ob
593 2538 741 2581 oculos
784 2538 979 2596 ponenda
1019 2539 1138 2581 duxi.
1205 2541 1417 2599 Sequitur
1455 2554 1603 2587 autem
1643 2562 1772 2590 aeram

283 2615 488 2658 Romanae
518 2615 706 2658 historiae
739 2615 1062 2665 Varronianam,
1096 2632 1148 2658 ex
1177 2633 1263 2675 qua
1296 2618 1400 2661 belli
1431 2620 1567 2663 civilis
1598 2621 1769 2666 initium

279 2690 323 2733 in
352 2691 408 2733 A.
434 2690 494 2733 U.
530 2690 702 2734 DCCV
732 2698 832 2733 ante
864 2691 918 2733 C.
941 2690 1014 2734 49.
1047 2691 1211 2744 incidit,
1245 2694 1470 2752 ponitque,
1497 2703 1548 2738 ut
1577 2697 1770 2742 calculos

280 2764 359 2808 sibi
390 2772 573 2815 constet,
605 2773 649 2808 et
680 2754 840 2827 probat
869 2774 1021 2810 contra
1049 2768 1302 2812 sententiam
1331 2769 1414 2813 viri
1453 2770 1557 2814 clar.
1592 2772 1662 2816 DE
1696 2774 1765 2822 Li
