1946 3261
216 226 306 271 452
457 227 512 268 A.
549 222 749 268 HIRTII
784 218 868 267 DE
901 222 1458 268 BELLOALEXAND.

216 366 302 394 nox
323 349 560 399 dirimeret,
600 358 858 408 tempestate
889 366 1044 408 magna
1079 351 1185 393 velis
1219 351 1430 408 profugit.
1496 350 1693 406 Sequun-

216 419 291 452 tur
316 408 430 450 hunc
458 425 544 451 suae
570 424 699 452 naves
735 409 964 460 nonnullae,
999 425 1106 468 quas
1142 426 1261 452 casus
1295 410 1350 453 ab
1387 409 1465 452 illo
1500 407 1693 466 periculo

215 467 470 510 vindicaret.

234 516 237 528 ’
276 525 347 568 47.
383 526 445 567 At
468 525 681 576 Vatinius,
716 544 764 570 re
784 528 892 570 bene
914 535 1051 584 gesta,
1080 527 1274 585 receptui
1307 523 1484 573 cecinit;
1523 523 1696 592 suisque

217 584 416 626 omnibus
437 584 735 635 incolumibus,
758 586 812 628 Tin
843 602 940 627 eum
969 601 1012 627 se
1034 594 1212 643 portum
1232 587 1372 629 victor
1393 592 1575 641 recep1t‚
1608 598 1695 639 quo

214 658 269 685 ex
290 650 424 701 portu
442 643 583 686 classis
605 644 846 687 Octaviana
867 644 923 686 ad
938 644 1227 687 dimicandum
1249 651 1531 703 processerat.
1566 641 1700 699 Capit

215 716 270 743 ex
292 717 343 744 eo
365 702 522 759 proelio
554 711 777 761 penterem
808 713 951 753 unam,
989 703 1185 747 triremes
1212 704 1333 754 duas,
1365 703 1551 746 dicrotas
1583 709 1698 748 octo,

215 760 548 818 compluresque
569 760 751 819 remiges
777 761 1059 804 Octavianos:
1093 771 1355 820 posteroque
1388 761 1448 804 ibi
1481 760 1566 809 die,
1589 758 1696 800 dum

215 834 312 861 suas
344 819 622 877 captivasque
653 835 783 862 naves
816 820 1028 871 reficeret,
1068 830 1306 872 consumto,
1345 830 1442 879 post
1467 820 1581 862 diem
1612 826 1699 859 ter-

213 876 326 919 tium
360 878 586 921 contendit
620 878 663 920 in
695 878 878 922 insulam
916 879 1060 928 Issam,
1092 880 1211 937 quod
1241 896 1294 922 eo
1325 896 1369 922 se
1405 877 1615 935 recepisse
1646 892 1699 918 ex

216 935 324 993 fuga
352 935 560 979 credebat
589 936 833 980 Octavium.
895 937 1004 981 Erat
1040 938 1083 980 in
1120 955 1170 981 ea
1211 937 1519 981 nobilissimum
1559 934 1701 991 regio-

217 1008 323 1036 num
362 1010 512 1038 earum
552 995 766 1053 oppidum
802 997 1281 1054 conjunctissimumque
1326 995 1524 1038 Octavio.
1600 984 1698 1043 Quo

218 1059 273 1093 ut
334 1053 550 1110 pervenit,
600 1053 803 1111 oppidani
857 1056 1071 1113 subplices
1102 1072 1144 1098 se
1181 1053 1360 1097 Vatinio
1403 1052 1696 1118 dedidel'qnfj

216 1111 536 1169 comperitque,
587 1110 728 1169 ipsum
771 1112 1002 1155 Octavium
1042 1113 1187 1171 parvis
1235 1112 1468 1170 paucisque
1519 1126 1700 1168 navigiis

216 1178 350 1212 vento
388 1169 575 1211 secundo
611 1170 833 1226 regionem
865 1172 1043 1214 Graeciae
1079 1171 1251 1229 petisse,
1289 1171 1385 1213 inde
1415 1178 1465 1212 ut
1495 1169 1699 1221 Siciliam,

216 1227 375 1270 deinde
397 1227 588 1269 Africam
622 1237 815 1285 caperet.
876 1230 947 1272 Ita
965 1230 1089 1272 brevi
1110 1229 1265 1286 spatio,
1302 1246 1348 1271 re
1381 1227 1702 1286 praeclarissime

218 1293 355 1343 gesta,
389 1284 614 1342 provincia
644 1295 819 1344 recepta
857 1295 901 1329 et
924 1287 1157 1330 Cornificio
1178 1286 1367 1337 reddita,
1398 1286 1528 1329 classe
1551 1285 1701 1328 adver-

217 1343 430 1386 sariorum
449 1359 502 1386 ex
520 1343 596 1385 illo
617 1350 712 1386 toto
732 1346 829 1386 sinu
847 1345 1042 1402 expulsa,
1079 1345 1221 1387 victor
1241 1361 1285 1387 se
1309 1344 1605 1394 Brundisium,
1639 1345 1701 1386 in-

218 1402 380 1444 columi
402 1401 596 1444 exercitu
618 1409 663 1444 et
682 1402 828 1452 classe,
852 1403 1029 1461 recepit.

280 1459 353 1501 48.
398 1459 455 1502 Iis
475 1468 624 1503 autem
645 1461 927 1519 temporibus,
948 1462 1107 1518 quibus
1131 1463 1273 1505 Caesar
1294 1462 1350 1504 ad
1381 1461 1703 1520 Dyrrhachium

222 1517 483 1577 Pompeium
503 1518 730 1562 obsidebat
751 1528 795 1562 et
824 1520 1130 1578 Palaepharsali
1165 1536 1254 1562 rem
1288 1519 1473 1562 feliciter
1503 1520 1700 1577 gerebat,

222 1577 586 1634 Alexandriaeque
622 1593 760 1635 quum
797 1579 992 1636 periculo
1025 1593 1198 1636 magno,
1239 1588 1332 1620 tum
1373 1578 1503 1620 etiam
1551 1578 1708 1635 majori

221 1635 409 1693 periculi
442 1635 555 1677 fama
589 1636 838 1686 dimicabat,
880 1638 933 1686 Q.
962 1637 1131 1679 Cassius
1158 1637 1393 1695 Longinus,
1426 1637 1469 1679 in
1491 1637 1702 1694 Hispania

223 1708 308 1750 pro
337 1693 529 1734 Praetore
549 1694 780 1748 provinciae
800 1695 1018 1737 ulterioris
1051 1695 1296 1738 obtinendae
1332 1711 1478 1738 caussa
1510 1695 1702 1744 relictus,

220 1752 311 1794 sive
329 1751 640 1794 consuetudine
660 1760 827 1795 naturae
847 1768 949 1803 suae,
985 1753 1073 1796 sive
1106 1754 1221 1804 odio,
1257 1753 1377 1811 quod
1399 1754 1442 1796 in
1463 1754 1580 1796 illam
1603 1769 1701 1812 pro-

226 1923 336 1957 forma
357 1928 510 1965 angusta,
540 1922 699 1964 oblonga,
725 1930 757 1955 et
782 1935 802 1956 a
815 1936 934 1967 paren,

1000 1926 1073 1967 pidi
1089 1937 1224 1966 nomen,
1249 1929 1342 1969 quod
1366 1929 1476 1971 placet
1502 1929 1642 1962 Davisio
1669 1938 1704 1964 et

226 1968 492 2008 varemfalzren,
508 1967 677 2007 navigare.

999 1971 1151 2002 Clarkio.

279 2013 364 2042 Velis
372 2011 533 2052 profchit.
559 2011 725 2042 Incertum
741 2018 804 2051 est,
819 2018 933 2044 utrum

226 2057 319 2093 ⁴relis,
339 2065 380 2085 an
395 2057 453 2086 υίι·
466 2065 542 2086 vera
557 2055 662 2086 lectio
675 2055 729 2093 sit,
744 2067 786 2087 an
805 2063 935 2088 utrum-

228 2109 295 2139 que
323 2098 464 2130 verbum
481 2098 697 2130 additicium.
739 2101 788 2131 M.
827 2100 933 2131 Codd.

229 2143 311 2173 velis
340 2144 408 2172 vit.
467 2142 558 2173 Hinc
591 2143 702 2173 Bentl.
732 2144 814 2175 velit
842 2146 933 2183 relic,

229 2187 344 2222 remis,
362 2191 396 2215 ut
410 2184 484 2216 Cic.
509 2186 610 2217 Tusc.
629 2189 660 2223 3,
681 2189 715 2217 ll
746 2190 838 2219 omni
857 2199 934 2219 can-

225 2230 380 2266 tentione,
398 2230 492 2267 velis,
516 2234 552 2260 ut
567 2233 614 2261 ita
630 2231 752 2269 (lez-am,
768 2235 933 2274 remisque

218 2273 401 2314 suffiendo-

278 2317 465 2347 Pencerem.
512 2315 567 2346 Sic
585 2315 671 2348 Scal.
687 2328 706 2349 e
723 2319 843 2350 codice
860 2330 934 2350 suo.

230 2360 317 2390 Cod.
335 2359 436 2398 Leid.
447 2363 477 2389 2.
492 2362 664 2399 pentirem.
689 2362 812 2394 Contra
827 2363 886 2395 alii
902 2369 935 2394 ct

232 2403 310 2434 edd.
327 2408 394 2434 vet.
407 2404 639 2444 penta-emam.

278 2449 433 2483 Dieroca.
458 2446 554 2477 navis
585 2446 733 2479 biremis.
764 2459 783 2480 a
815 2450 933 2493 κξοτὲω,

233 2492 346 2532 pulso.
392 2490 521 2521 Neutro
549 2501 668 2531 genere
698 2491 820 2532 leg-itur
843 2495 934 2535 apud

233 2534 307 2566 Cic.
322 2535 363 2565 ad
380 2535 449 2565 Att.
482 2537 513 2573 5,
534 2536 582 2565 11.
604 2536 654 2573 16,
670 2537 699 2565 4.
717 2536 769 2567 Cf.
784 2537 935 2568 Scheffcr

233 2580 275 2610 de
292 2589 326 2609 re
341 2587 415 2608 nav.
435 2581 466 2616 2,
485 2580 516 2608 4.

282 2624 469 2654 Consumto.
504 2621 553 2652 Ita
569 2632 588 2654 e
605 2622 680 2653 cod.
697 2622 833 2655 Norvic.
850 2624 934 2665 legit

232 2665 365 2704 Clarke,
417 2665 565 2706 sequitur
610 2665 762 2697 Oudond.
821 2668 932 2708 Vulgo

233 2709 366 2793 olmisssat
381 2719 465 2740 voce
490 2715 658 2742 consumto
689 2710 809 2750 legitur
834 2724 871 2754 ρ.
890 2714 936 2743 ihi

234 2765 243 2784 ι
261 2764 289 2784 ee
319 2764 351 2783 m
370 2776 376 2782 .

281 2797 326 2827 In
339 2807 391 2827 ea.
425 2796 512 2827 Cod.
541 2797 678 2829 Norvic.
703 2803 736 2828 et
765 2799 840 2829 odd.
868 2805 933 2830 vet.

235 2849 298 2879 pro
316 2842 406 2872 inea
427 2840 572 2873 inserunt
598 2843 746 2881 Macmn,
760 2841 855 2884 quasi
872 2854 935 2884 op-

1047 2016 1225 2053 Reqionem
1255 2017 1394 2048 Gra’ciae
1412 2020 1541 2058 petisse.
1579 2019 1705 2062 Corcy-

1001 2068 1073 2089 ram
1089 2058 1185 2097 fugit.
1220 2059 1287 2090 Dio
1306 2061 1399 2091 Cass.
1417 2065 1469 2099 42,
1491 2065 1540 2092 ll.
1567 2065 1616 2094 M.

1046 2104 1308 2144 Palreplmrsali.
1351 2105 1472 2136 Strabo
1507 2106 1585 2144 (lib.
1611 2109 1642 2138 9.
1667 2118 1702 2149 p.

1001 2147 1080 2185 431)
1095 2146 1176 2177 duas
1194 2154 1357 2180 memorat
1372 2149 1558 2188 Pharsalos,
1570 2153 1706 2182 ταλαὶαν

1001 2191 1053 2219 καὶ
1069 2190 1141 2227 νέαν,
1158 2190 1251 2221 brevi
1274 2192 1388 2232 spatio
1403 2192 1576 2232 distantes,
1593 2204 1626 2225 et
1642 2195 1704 2227 lib.

1006 2234 1054 2271 17,
1077 2245 1110 2274 p.
1129 2235 1193 2264 79ss
1215 2234 1314 2274 dicit,
1343 2236 1544 2277 Pompeium
1571 2239 1706 2270 Paloeo-

997 2278 1154 2318 plmrsalo
1185 2278 1310 2319 fugisse
1340 2280 1526 2312 Pelusium.
1563 2281 1616 2313 Cf.
1634 2283 1704 2313 Eu-

1000 2327 1088 2362 trop.
1116 2323 1146 2359 6,
1182 2324 1231 2352 16.
1288 2322 1333 2354 Ut
1362 2329 1474 2355 autem
1504 2325 1540 2356 hi
1574 2327 1705 2358 Paloeo-

996 2366 1182 2405 pharsalus
1201 2365 1367 2405 scribunt,
1394 2367 1441 2398 sic
1466 2376 1582 2401 noster
1598 2375 1631 2399 et
1648 2369 1706 2400 Li-

1000 2409 1076 2439 vius
1100 2410 1170 2447 (Η,
1192 2410 1222 2448 l)
1250 2411 1535 2452 Palaeplzarsalus.
1581 2414 1704 2445 Cellar.

1001 2452 1052 2482 De
1079 2452 1244 2492 scriptum
1260 2454 1356 2486 verbi
1383 2455 1512 2488 diversa
1528 2457 1595 2488 vid.
1613 2456 1702 2487 Oud.

998 2496 1040 2526 ad
1070 2495 1183 2526 From.
1208 2501 1240 2534 9,
1268 2500 1298 2536 3,
1327 2502 1391 2529 92:
1427 2501 1561 2540 praefert
1587 2506 1700 2531 autem

1001 2539 1204 2580 scripturam
1222 2542 1509 2582 Palceplmrsnlm.
1543 2546 1590 2576 M.

1048 2585 1085 2617 Q.
1113 2585 1203 2615 Cass.
1231 2585 1376 2627 Lonyin.
1422 2586 1474 2617 Cf.
1491 2588 1530 2618 Β.
1544 2588 1585 2620 C.
1600 2590 1632 2628 2,
1647 2589 1702 2618 21.

1001 2626 1268 2667 Distinguendus
1305 2635 1356 2660 est
1388 2640 1407 2661 a
1432 2631 1470 2662 L.
1497 2631 1588 2663 Cass.
1617 2633 1704 2664 Lon-

999 2669 1092 2710 gino,
1124 2671 1166 2701 de
1193 2683 1261 2712 quo
1289 2673 1328 2703 B.
1355 2674 1394 2704 C.
1418 2677 1450 2713 3,
1466 2678 1518 2706 34.
1546 2675 1634 2706 Cum
1649 2676 1703 2706 his

999 2714 1100 2745 rebus
1126 2715 1234 2746 Cassii
1262 2716 1423 2758 Longini,
1447 2729 1551 2759 usque
1568 2719 1608 2750 ad
1626 2730 1702 2760 cap.

1000 2760 1040 2787 65
1068 2759 1218 2792 narratis,
1248 2761 1337 2791 conf.
1364 2761 1430 2792 Dio
1460 2761 1554 2793 Cass.
1572 2765 1625 2795 42.
1655 2765 1704 2802 15,

1003 2803 1051 2831 16.
1078 2802 1127 2831 M.
1168 2801 1207 2831 To'
1226 2806 1263 2838 Q.
1283 2804 1412 2836 addidit
1439 2804 1527 2837 Oud.
1556 2817 1576 2837 e
1603 2808 1702 2839 codd.

999 2844 1081 2876 Mox
1096 2845 1142 2877 al.
1171 2848 1370 2889 Propraecor.
