1946 3261
721 211 839 257 LIB.
903 211 1043 256 CAP.
1076 208 1210 256 5-8,
1637 213 1724 257 427

228 353 279 383 ac
299 336 465 398 saporis
487 353 602 397 aqua
631 339 827 384 dicerent
845 340 930 390 uti,
961 346 1096 398 atque
1116 348 1218 384 ante
1239 348 1539 386 consuessent:
1571 340 1726 402 vulgo·

227 413 315 458 que
351 399 466 442 inter
501 413 544 441 se
577 400 863 442 conferebant
895 408 940 442 et
971 399 1258 457 degustando,
1292 409 1506 458 quantum
1538 401 1653 445 inter
1685 418 1728 446 se

226 458 457 503 differrent
476 473 617 515 aquae,
650 458 981 516 cognoscebant.
1048 458 1192 502 Parvo
1213 475 1317 501 vero
1337 460 1548 520 temporis
1567 461 1728 521 spatio,

229 517 320 562 haec
342 517 531 586 propior
563 517 657 560 bibi
684 518 858 561 omnino
889 533 975 561 non
1001 526 1207 578 poterat;
1240 518 1315 561 illa
1342 518 1522 564 inferior
1542 536 1730 582 conrup-

230 577 318 621 tior
335 592 426 636 Jam
448 575 685 634 falsiorque
707 577 1033 635 reperiebatur.

285 636 328 678 7.
363 635 467 685 Quo
487 634 605 678 facto
625 635 903 679 dubitatione
926 636 1118 687 sublata,
1149 644 1298 680 tantus
1317 637 1488 682 incessit
1507 640 1657 692 timor,
1679 650 1731 687 ut

226 695 282 739 ad
321 689 567 738 extremum
607 709 754 738 casum
808 696 991 754 periculi
1031 711 1177 740 omnes
1231 694 1415 739 deducti
1454 698 1729 754 viderentur,

225 762 361 813 atque
382 753 456 796 alii
475 754 640 797 morari
674 754 890 798 Caesarem
909 756 1121 806 dicerent,
1160 755 1268 814 quin
1292 771 1423 800 naves
1444 761 1731 805 conscendere

218 814 413 874 juberet,
435 813 509 856 alii
528 813 671 870 multo
692 814 870 873 gravius
886 816 1216 858 extimescerent
1237 830 1411 866 casum;
1443 818 1563 875 quod
1588 834 1730 878 neque

222 873 357 916 celari
393 873 700 917 Alexandrinis
736 883 911 932 possent
946 874 990 917 in
1026 874 1279 934 adparanda
1315 875 1436 934 fuga,
1472 892 1609 934 quum
1640 887 1727 924 tam

224 949 363 992 parvo
395 933 539 993 spatio
575 932 791 977 distarent
826 934 884 977 ab
915 933 1044 993 ipsis;
1091 948 1250 991 neque,
1291 934 1376 977 illis
1416 936 1728 982 inminentibus

224 1001 362 1052 atque
382 992 723 1051 insequentibus,
757 993 874 1036 ullus
905 993 950 1036 in
978 1007 1108 1036 naves
1135 1001 1338 1052 receptus
1358 993 1557 1039 daretur.
1620 997 1732 1043 Erat

223 1060 371 1096 autem
393 1067 552 1110 magna
568 1052 809 1096 multitudo
827 1052 1154 1112 oppidanorum
1175 1052 1219 1095 in
1238 1061 1364 1112 parte
1384 1055 1581 1106 Caesaris,
1598 1072 1733 1115 quam

225 1111 453 1155 domiciliis
493 1111 685 1170 ipsorum
717 1126 807 1154 non
839 1121 1054 1161 moverat,
1084 1112 1206 1171 quod
1243 1128 1294 1156 ea
1326 1130 1370 1157 se
1389 1113 1561 1158 fidelem
1583 1117 1732 1176 palam

227 1171 387 1214 nostris
419 1186 508 1214 esse
534 1171 770 1214 simulabat
803 1179 847 1214 et
879 1171 1106 1214 descivisse
1139 1188 1164 1214 a
1183 1172 1269 1215 suis
1302 1173 1565 1224 videbatur:
1598 1184 1664 1227 ut,
1696 1176 1732 1220 si

225 1230 330 1273 mihi
369 1229 630 1274 defendendi
667 1239 808 1274 essent
851 1231 1154 1281 Alexandrini,
1209 1232 1329 1290 quod
1370 1248 1512 1292 neque
1554 1235 1732 1280 fallaces

227 1297 385 1339 essent,
419 1303 557 1346 neque
594 1290 830 1339 temerarii,
869 1291 1008 1333 multa
1040 1291 1183 1334 oratio
1212 1291 1376 1335 frustra
1408 1293 1732 1339 absumeretur.

232 1349 382 1399 Quum
409 1363 514 1391 vero
544 1363 630 1391 uno
653 1356 852 1408 tempore
873 1358 917 1392 et
939 1349 1055 1392 natio
1076 1366 1228 1393 eorum
1250 1359 1296 1394 et
1317 1360 1477 1396 natura
1506 1370 1737 1414 cognosca-

228 1414 332 1457 tur;
363 1407 635 1466 aptissimum
655 1423 746 1451 esse
767 1408 847 1451 hoc
869 1423 1004 1465 genus
1032 1409 1085 1452 ad
1108 1409 1418 1468 proditionem,
1458 1428 1584 1457 nemo
1605 1413 1735 1457 dubi-

232 1475 329 1511 tare
352 1474 514 1526 potest.

292 1527 335 1570 8.
372 1527 516 1570 Caesar
544 1540 723 1569 suorum
754 1525 958 1570 timorem
989 1527 1283 1571 consolatione
1315 1537 1360 1571 et
1385 1530 1551 1573 ratione
1573 1530 1737 1576 minue-

233 1585 326 1630 bat.
394 1586 512 1628 Nam
548 1591 577 1611 “
602 1585 745 1643 puteis
768 1585 888 1628 fossis
907 1603 1063 1645 aquam
1095 1587 1269 1630 dulcem
1300 1604 1425 1646 posse
1454 1605 1500 1632 re
1538 1591 1640 1634 eriri
1663 1592 1737 1636 ad-

235 1651 267 1673 “
290 1645 497 1690 firmabat
515 1658 525 1686 :
558 1644 703 1687 omnia
723 1645 837 1687 enim
870 1645 1002 1688 litora
1025 1647 1282 1690 naturaliter
1303 1661 1428 1704 aquae
1448 1607 1588 1692 dulcis
1609 1665 1740 1695 venas

236 1710 267 1732 “
290 1704 465 1748 habere.
530 1703 660 1753 Quod
679 1704 711 1745 si
733 1704 818 1746 alia
845 1712 957 1748 esset
990 1704 1130 1748 litoris
1167 1705 1368 1767 AEgyptii
1399 1716 1572 1759 natura,
1606 1718 1741 1769 atque

233 1769 266 1792 ‘⁴
290 1763 485 1808 omnium
501 1762 773 1820 reliquorum
790 1779 799 1812 ;
832 1772 995 1815 tamen,
1014 1765 1219 1823 quoniam
1235 1781 1353 1809 mare
1370 1767 1506 1810 libere
1524 1776 1741 1822 tenerent,

237 1830 270 1850 ‘⁶
291 1838 435 1882 neque
456 1821 600 1865 hostes
622 1822 802 1865 classem
831 1822 1060 1874 haberent,
1100 1825 1325 1884 prohiberi
1356 1842 1445 1869 sese
1479 1842 1565 1871 non
1600 1844 1738 1888 posse,

237 1890 268 1910 “
292 1898 380 1942 quo
403 1881 543 1925 minus
564 1881 763 1939 quotidie
785 1899 941 1941 aquam
964 1884 1146 1927 navibus
1171 1894 1389 1944 peterent,
1419 1886 1491 1929 vel
1513 1903 1538 1930 a
1566 1887 1739 1932 sinistra

237 1948 268 1970 “
292 1949 420 2002 parte
452 1956 478 1983 a
510 1940 772 1993 Paraetonio‚
809 1943 880 1986 vel
916 1959 942 1985 a
971 1943 1128 1986 dextra
1156 1945 1213 1987 ab
1248 1945 1411 1994 insula;
1444 1961 1542 2004 quae
1562 1946 1742 1992 diversae

239 2009 271 2029 ‘⁶
295 2000 594 2059 navigationes
627 2015 868 2059 numquam
901 2018 989 2047 uno
1025 2012 1222 2063 tempore
1257 2004 1450 2048 adversis
1472 2006 1612 2049 ventis
1668 2023 1742 2050 rae-

239 2066 272 2088 ‘⁶
295 2060 594 2103 eluderentur.
658 2059 793 2118 Fugae
815 2077 921 2105 vero
946 2063 1114 2106 nullum
1136 2079 1224 2105 esse
1245 2064 1471 2107 consilium
1492 2079 1579 2108 non
1599 2081 1646 2109 so
1670 2083 1742 2110 um

294 2172 442 2212 Propior
453 2170 594 2211 Caesari,
606 2170 640 2203 in
656 2171 890 2214 superioribus
910 2175 962 2206 lo-

246 2215 310 2248 cis.
335 2216 385 2248 M.

296 2261 424 2293 Casum
436 2261 591 2302 pmwli.
632 2258 688 2292 Sic
704 2260 805 2293 codd.
847 2261 961 2304 Vulgo

248 2303 419 2336 omittitur
430 2305 586 2346 periculi.

297 2350 390 2384 Quin
416 2348 491 2390 (qui
518 2358 601 2387 non,
637 2348 719 2391 quia
751 2359 833 2389 non,
867 2352 958 2392 quod

248 2393 334 2433 non)
347 2403 453 2425 naves
469 2403 576 2425 conse.
586 2394 665 2435 jub.
691 2394 781 2436 Ergo
799 2395 825 2426 ii
842 2395 961 2427 dicunt

250 2449 329 2470 eum
346 2436 481 2476 morari,
508 2436 569 2479 qui
583 2445 748 2471 accusant
771 2439 844 2482 ejus
859 2450 964 2472 cunc-

252 2480 430 2515 tationem.
463 2481 514 2513 M.

301 2528 462 2560 Gravt'us.
507 2525 563 2558 Sic
592 2527 693 2558 codd.
722 2533 756 2558 et
787 2528 864 2559 edd.
894 2534 965 2560 vet.

248 2572 359 2604 benet
382 2575 416 2601 et
426 2570 527 2613 hujus
541 2569 733 2613 explicatio
749 2577 802 2603 est
818 2574 964 2614 vulgata,

253 2618 447 2659 qraviorem
480 2625 611 2647 casum.
651 2616 704 2646 M.
762 2616 969 2658 Intelligitur

254 2670 352 2692 casus
369 2659 440 2697 ille,
455 2668 583 2701 aquam
597 2659 725 2692 salsam
732 2660 877 2700 factam.

299 2703 553 2737 Alexandrinis.
599 2703 655 2735 Sic
687 2705 785 2735 codd.
826 2711 860 2736 et
888 2706 966 2738 edd.

254 2754 323 2781 vet.
363 2759 424 2791 pro
454 2757 523 2790 quo
561 2748 667 2790 vulgo
708 2750 968 2783 Alexandrinos.

252 2793 307 2825 Cf.
323 2798 357 2824 et
374 2793 492 2835 Nepos
510 2791 629 2825 Alcib.
645 2797 677 2825 5.
697 2792 848 2832 Quidam
867 2796 970 2828 Alex-

253 2838 411 2871 and-riui.

302 2883 419 2918 Quum
445 2887 519 2915 tam
543 2891 663 2924 parvo.
705 2879 775 2915 Alii
804 2891 912 2926 quum
936 2884 973 2916 1η·

1081 2176 1133 2214 Ut,
1162 2177 1191 2207 εἰ
1213 2178 1615 2212 mihi—absumeretur.
1662 2180 1744 2213 For-

1028 2224 1116 2250 tasse
1147 2219 1181 2251 in
1215 2220 1270 2252 his
1295 2231 1362 2253 non
1405 2223 1573 2255 habemus
1604 2233 1741 2258 manum

1030 2263 1210 2305 scriptoris
1231 2265 1414 2307 genuinam
1431 2280 1438 2299 :
1464 2274 1541 2300 sunt
1556 2268 1647 2300 enim
1664 2270 1744 2311 plu-

1030 2318 1083 2340 res
1111 2309 1212 2341 variae
1246 2309 1424 2350 lectiones,
1451 2322 1526 2354 quae
1549 2323 1681 2355 semper
1706 2313 1741 2345 in

1032 2352 1097 2384 hoc
1111 2353 1191 2385 loco
1206 2354 1399 2387 laboratum
1411 2367 1485 2388 esse
1501 2364 1652 2398 arguant.
1691 2358 1743 2389 M.

1033 2397 1149 2429 Davis.
1176 2409 1237 2439 pro
1253 2403 1430 2432 temerarii
1452 2401 1592 2433 volebat
1616 2407 1744 2434 vetera-

1031 2444 1120 2474 torii.
1168 2442 1304 2476 &Vassio
1324 2445 1478 2477 videntur
1503 2457 1576 2477 esse
1603 2445 1743 2485 falsarii,

1032 2485 1091 2528 qui
1116 2486 1218 2519 fidem
1245 2493 1413 2522 temerant
1437 2496 1472 2521 et
1498 2489 1643 2521 violant.
1688 2491 1743 2523 Eo

1035 2540 1134 2562 sensu
1173 2531 1300 2574 legitur
1341 2539 1518 2567 temerator
1562 2534 1641 2577 Dig.
1686 2536 1742 2575 48,

1039 2577 1091 2614 10,
1116 2578 1170 2607 29.

1082 2620 1198 2655 Quum
1221 2631 1296 2654 vero
1320 2640 1364 2645 —-
1389 2628 1618 2666 coqnoscamr.
1655 2622 1744 2656 Cum

1035 2674 1116 2696 vero
1133 2665 1204 2696 fieri
1221 2666 1343 2704 soleat,
1373 2672 1420 2706 ut,
1445 2667 1473 2698 si
1499 2667 1576 2709 quis
1598 2667 1746 2700 Alexan-

1036 2708 1143 2740 driam
1169 2711 1311 2749 venerit,
1337 2712 1458 2742 eodem
1483 2716 1650 2753 tempore,
1676 2723 1747 2755 quo

1037 2753 1189 2795 primum
1202 2755 1375 2787 nationem
1389 2756 1580 2796 cognoscit,
1593 2762 1748 2789 naturam

1037 2808 1174 2840 quoque
1189 2809 1306 2831 eorum
1323 2805 1510 2842 cognoscat
1534 2819 1590 2833 —-—.
1623 2802 1675 2834 De
1690 2811 1750 2834 eo-

1039 2852 1113 2875 rum
1131 2843 1269 2884 perfidia
1283 2842 1356 2875 vid.
1373 2854 1404 2876 c.
1420 2846 1476 2876 24.
1499 2845 1550 2876 M.

1086 2888 1135 2919 Ab
1159 2888 1286 2928 insula,
1318 2888 1442 2922 Pharo.
1470 2889 1596 2923 Cellaru
