1961 3230
161 183 220 226 xii
572 179 840 224 HENRICI
875 177 1221 222 DODWELLI

156 314 273 350 certe
309 306 520 364 loquitur,
559 305 679 362 quasi
710 303 863 346 saltem
895 318 981 345 uno
1014 303 1159 360 plures
1193 301 1273 344 hoc
1303 300 1416 344 idem
1445 299 1631 343 officium

157 379 450 438 praestiterint.
529 378 729 426 Quonam
765 392 870 420 vero
906 376 951 417 id
993 385 1121 433 pacto
1159 390 1311 417 verum
1346 389 1433 415 esse
1472 373 1632 431 potuit,

155 453 365 511 siquidem
401 451 454 493 ad
494 451 628 507 ipsam
657 450 834 494 Caesaris
864 450 1020 493 caedem
1053 466 1119 492 res
1156 457 1294 508 gestas
1324 447 1503 490 Caesaris
1535 463 1632 504 per-

155 527 332 569 duxerit
362 524 568 567 Hirtius?
643 526 829 583 Nempe,
860 534 909 567 ut
948 525 1117 582 opinor,
1156 524 1275 581 quod
1311 539 1336 564 a
1365 522 1503 564 Hirtii
1529 536 1632 563 non-

156 600 277 642 nulla
320 598 543 656 perierint,
576 599 780 656 suppleta
820 615 845 640 a
874 599 993 640 Julio
1027 599 1169 647 Celso,
1208 597 1545 653 alienissimaque
1575 595 1633 638 ab

159 673 296 716 Hirtii
335 681 477 715 mente
512 673 723 714 sententia
762 673 1040 730 interpolata.
1107 672 1230 715 Bello
1269 680 1387 714 certe
1428 671 1633 712 Africano

154 757 289 806 atque
328 748 565 806 Hispanico
601 747 738 789 multa
772 748 969 804 legimus,
1008 763 1104 803 quae
1150 747 1224 788 vix
1270 746 1364 794 aevi,
1400 761 1488 801 quo
1526 744 1634 787 vixit

159 822 348 872 Hirtius,
393 838 480 864 esse
524 822 762 879 potuerint,
801 821 960 862 nedum
996 821 1128 877 ipsius
1170 820 1320 861 Hirtii.
1396 819 1456 860 Et
1491 826 1634 860 tamen

157 898 377 940 viceversa
397 896 617 947 nonnulla,
649 912 746 953 quae
767 911 957 938 coaevum
979 895 1139 953 stylum
1160 894 1344 951 sapiant,
1377 907 1463 935 non
1489 900 1636 933 autem

154 971 296 1022 illum,
333 971 410 1028 qui
443 987 467 1013 a
500 971 669 1029 juniore
699 970 831 1012 fuerit
860 970 1191 1027 interpolatore-
1254 968 1328 1010 Ab
1353 966 1486 1009 Hirtii
1506 966 1635 1008 etiam

155 1046 225 1089 vel
267 1053 395 1089 aetate
434 1046 476 1088 in
509 1046 622 1089 libro
651 1045 703 1087 de
740 1045 858 1087 bello
892 1044 1097 1086 Africano
1139 1042 1346 1086 abhorret
1385 1058 1485 1084 usus
1516 1039 1635 1084 vocis

144 1127 188 1157 -“
212 1121 497 1179 imperator‚’'
531 1137 619 1177 quo
640 1137 753 1178 saepe
772 1121 1061 1178 disceptatum
1081 1119 1187 1161 dicit
1208 1126 1378 1167 auctor,
1410 1118 1507 1174 quis
1525 1124 1635 1159 esset

157 1211 239 1254 pro
262 1195 417 1252 populi
437 1195 602 1238 romani
622 1196 883 1252 imperatore
905 1192 1214 1251 agnoscendus,
1241 1192 1383 1234 Caesar
1399 1207 1453 1233 an
1468 1190 1631 1248 Scipio.

158 1270 293 1319 Quasi
312 1269 514 1311 nimirum
543 1269 695 1311 unicus
712 1277 819 1310 esset
839 1268 993 1325 populi
1015 1266 1199 1314 romani,
1235 1274 1285 1307 ut
1314 1274 1479 1322 postea,
1503 1252 1634 1321 impe*-

156 1344 294 1393 rator²
316 1344 393 1400 qui
414 1344 476 1385 rei
498 1359 672 1385 summae
699 1353 912 1401 praeesset.
980 1342 1077 1382 Hoc
1099 1350 1243 1382 autem
1273 1340 1417 1381 seculo
1448 1334 1525 1395 qui
1555 1339 1636 1381 sin-

159 1418 272 1476 gulis
294 1432 479 1459 romanae
500 1416 675 1458 ditionis
706 1414 937 1473 provinciis
967 1423 1181 1472 praeerant
1212 1428 1309 1455 cum
1339 1413 1533 1470 imperi0‚
1564 1429 1639 1455 seu

163 1510 259 1536 cum
291 1493 388 1551 jure
430 1492 587 1550 gladii;
631 1491 657 1533 ii
697 1492 976 1548 imperatores
1008 1489 1297 1531 habebantur.
1371 1488 1459 1530 Vix
1498 1497 1639 1531 tamen

164 1568 228 1609 ita
248 1566 601 1624 adpellabantur,
623 1564 702 1607 nisi
720 1565 776 1607 ob
797 1580 863 1606 res
885 1571 1024 1621 gestas
1052 1563 1333 1620 imperatores
1362 1562 1418 1604 ab
1449 1563 1642 1604 exercitu

165 1641 343 1683 fuissent
375 1641 613 1683 acclamati.
695 1640 767 1682 Sic
807 1647 953 1681 autem
996 1639 1206 1681 Caesarem
1249 1638 1553 1695 imperatorem
1590 1653 1642 1679 ne

159 1716 335 1774 quidem
376 1724 579 1773 poterant
615 1730 772 1772 negare
804 1713 1070 1771 Pompeiani,
1099 1713 1167 1755 cui
1201 1711 1418 1754 dictatura
1449 1713 1589 1754 fuerat
1619 1729 1643 1754 e

163 1790 373 1833 sententia
397 1791 578 1832 Senatus
599 1789 838 1847 populique
859 1787 1022 1829 romani
1043 1787 1214 1829 delata:
1251 1787 1416 1844 quippe
1438 1787 1567 1828 etiam
1586 1786 1644 1828 ab

162 1864 360 1907 exercitu
398 1864 634 1920 imperator
666 1861 818 1903 fuisset
849 1860 1104 1918 appellatus.
1170 1859 1256 1902 Sed
1287 1875 1363 1902 nec
1385 1859 1493 1901 illud
1512 1858 1644 1902 eoaevi

157 1938 285 1980 fuisse
322 1937 509 1985 videtur,
543 1935 662 1992 quod
694 1950 850 1983 mense,
884 1950 971 1991 quo
1005 1934 1147 1976 Caesar
1178 1934 1219 1975 in
1253 1933 1449 1975 Africam
1469 1932 1647 1992 appulit

161 2013 189 2055 J
193 2013 388 2062 anuario,
412 2011 563 2053 scribit
583 2019 737 2052 auctor
761 2026 839 2068 per
861 2009 958 2051 anni
980 2017 1149 2066 tempus
1177 2008 1219 2050 in
1251 2008 1359 2049 mari
1388 2008 1538 2050 classes
1558 2008 1646 2050 sine

158 2087 354 2147 periculo
375 2086 525 2144 vagari
542 2101 625 2127 non
648 2085 850 2142 potuisse.
915 2083 1119 2125 Octobris
1134 2082 1245 2124 enim
1263 2083 1291 2124 J
1296 2082 1430 2124 uliani
1445 2082 1515 2124 die
1532 2082 1646 2125 XIII

161 2161 294 2219 coepit
314 2159 411 2202 anni
434 2158 694 2200 confusionis
718 2157 800 2199 708
823 2157 894 2199 ille
919 2157 946 2199 J
951 2156 1170 2213 armarius,
1193 2157 1385 2214 exiitque
1405 2165 1504 2199 ante
1527 2157 1645 2200 Nov.

159 2237 241 2285 XI,
281 2251 370 2292 quo
413 2233 524 2276 haedi
569 2233 839 2281 oriebantur,
884 2247 972 2288 quo
1013 2240 1113 2274 ortu
1146 2232 1277 2288 coepit
1307 2230 1488 2288 Epocha
1517 2231 1648 2274 maris

161 2311 308 2356 clausi.
373 2309 501 2360 Quod
526 2324 660 2367 porro
682 2309 743 2350 ait
774 2308 1072 2350 centurionem
1104 2308 1280 2350 Caesaris
1310 2307 1503 2350 XXXVI
1526 2308 1645 2350 annis

162 2406 245 2447 pro
269 2386 448 2430 Caesaris
469 2384 684 2441 dignitate
710 2383 981 2440 victoriaque
1012 2382 1300 2441 depugnasse,
1330 2382 1392 2424 ita
1420 2382 1647 2425 manifesto

163 2463 319 2505 falsum
353 2467 433 2511 est,
465 2466 517 2500 ut.
551 2473 665 2515 aegre
698 2456 828 2499 scribi
861 2456 1055 2513 potuerit
1074 2472 1099 2497 a
1120 2471 1277 2500 coaevo.
1342 2455 1645 2499 Detrahantur

164 2553 189 2577 a
213 2535 419 2593 praedicto
441 2531 701 2575 confusionis
721 2545 831 2572 anno
852 2529 934 2570 708
956 2530 1055 2571 anni
1077 2529 1148 2578 36,
1180 2529 1374 2586 reliquus
1403 2530 1485 2571 erit
1514 2545 1649 2574 annus

167 2610 228 2651 U.
247 2609 301 2650 C.
325 2606 581 2649 Varronian.
605 2605 706 2655 (372,
726 2619 813 2661 quo
829 2604 908 2646 sub
927 2603 1094 2646 Caesare
1112 2604 1267 2646 mereri
1279 2604 1651 2662 coeperit-*Atqui

165 2689 334 2726 certum
370 2691 432 2723 est
467 2680 650 2739 primam
683 2679 863 2721 Caesaris
898 2679 1165 2736 provinciam
1194 2678 1320 2721 fuisse
1356 2695 1409 2722 ex
1441 2687 1648 2737 praetura,

171 2772 282 2800 anno
306 2755 436 2798 Varr.
461 2755 559 2797 692.
613 2753 767 2798 Doluit
787 2762 998 2811 praeterea
1021 2754 1163 2797 Caesar
1181 2762 1288 2796 teste
1312 2755 1536 2804 Suetonio,
1551 2771 1588 2798 c.
1607 2754 1650 2798 7.

176 2831 296 2892 quod
317 2830 424 2877 nihil
442 2830 545 2875 dum
566 2847 591 2874 a
612 2847 653 2876 se
674 2830 954 2876 memorabile
984 2840 1154 2889 gestum
1185 2839 1293 2876 esset
1322 2832 1365 2876 in
1393 2838 1537 2882 aetate,
1569 2845 1656 2890 qua
