1946 3261
250 366 292 407 7.
326 363 435 407 Inde
464 363 602 406 movit
631 370 678 405 et
709 361 909 421 pervenit
939 361 997 404 ad
1029 360 1246 421 oppidum
1284 360 1460 421 Leptin,
1482 359 1665 406 liberam

194 423 414 467 civitatem
444 429 490 464 et
512 422 743 465 inmunem.
807 420 960 480 Legati
986 437 1040 463 ex
1061 420 1228 480 oppido
1249 421 1428 464 veniunt
1459 420 1666 471 obviam;

192 483 379 525 libenter
398 497 442 523 se
467 481 609 524 omnia
637 480 844 530 facturos,
866 496 961 537 quae
980 479 1130 531 vellet,
1152 480 1431 538 pollicentur.
1494 478 1668 539 Itaque,

194 539 534 583 Centurionibus
554 539 606 582 ad
625 547 772 598 portas
791 539 944 598 oppidi
964 547 1008 582 et
1029 538 1232 583 custodiis
1253 537 1463 597 inpositis,
1491 554 1545 582 ne
1573 538 1672 597 quis

191 598 312 642 miles
345 599 390 642 in
426 597 638 658 oppidum
673 598 892 647 introiret,
928 606 1008 640 aut
1043 597 1245 656 injuriam
1281 599 1444 641 faceret
1480 597 1670 656 cuipiam

192 657 355 709 incolae,
389 673 473 700 non
506 658 633 716 longe
665 658 722 701 ab
756 656 918 715 oppido
958 656 1192 700 secundum
1230 657 1332 700 litus
1370 657 1477 700 facit
1510 666 1668 699 castra.

193 717 359 760 Eodem
381 732 510 760 naves
528 716 735 760 onerariae
754 725 798 759 et
819 716 960 775 longae
991 716 1207 760 nonnullae
1237 731 1335 758 casu
1366 715 1638 762 advenerunt
1657 731 1669 767 ;

192 775 386 833 reliquae,
433 783 485 818 ut
524 784 588 818 est
628 784 672 818 et
709 774 978 825 nunciatum,
1021 775 1196 818 incertae
1244 775 1441 818 locorum
1490 775 1671 821 Utinam

192 850 341 878 versus
360 843 510 893 petere
529 834 631 877 visae
650 843 762 877 sunt.
827 833 1006 877 Interim
1029 834 1172 877 Caesar
1189 850 1214 883 a
1233 834 1344 876 mari
1365 849 1451 877 non
1478 833 1669 892 digredi,

192 908 332 952 neque
350 892 664 936 mediterranea
684 902 831 952 petere
852 901 1036 952 propter
1059 893 1233 937 navium
1263 908 1471 942 errorem,
1502 892 1670 951 equita·

191 962 374 1011 tumque
396 953 439 995 in
474 952 656 995 navibus
687 968 857 995 omnem
885 952 1120 1004 continere,
1157 961 1206 994 ut
1242 951 1451 1002 arbitror,
1479 967 1533 994 ne
1570 950 1668 1009 agri

191 1019 500 1060 vastarentur:
531 1027 689 1068 aquam
721 1011 764 1053 in
801 1027 930 1054 naves
961 1011 1089 1068 jubet
1123 1011 1406 1069 comportari.
1468 1009 1671 1068 Remiges

192 1071 382 1121 interim,
419 1070 495 1129 qui
528 1078 737 1127 aquatum
773 1087 797 1112 e
835 1069 1016 1112 navibus
1058 1069 1267 1123 exierant,
1319 1070 1464 1113 subito
1503 1071 1670 1127 equites

196 1130 361 1179 Mauri,
379 1145 518 1185 neque
539 1128 818 1185 opinantibus
840 1129 1105 1178 Caesarianis,
1138 1129 1298 1179 adorti,
1326 1128 1484 1171 multos
1515 1127 1671 1186 jaculis

191 1189 632 1236 convulneraverunt,
661 1187 888 1230 nonnullos
921 1187 1261 1231 interfecerunt:
1309 1187 1447 1230 latent
1479 1186 1594 1229 enim
1625 1186 1670 1227 in

192 1247 350 1290 insidiis
371 1261 466 1288 cum
487 1245 609 1303 equis
630 1246 742 1289 inter
762 1246 976 1289 convalles
998 1255 1043 1290 et
1069 1247 1215 1290 subito
1247 1246 1477 1294 exsistunt,
1511 1260 1597 1289 non
1619 1252 1670 1286 ut

192 1307 234 1348 in
257 1321 407 1362 campo
424 1305 659 1348 comminus
677 1305 944 1363 depugnent.

249 1365 291 1407 8.
340 1365 484 1407 Caesar
518 1364 691 1406 interim
722 1364 765 1405 in
797 1363 1043 1406 Sardiniam
1066 1363 1241 1407 nuncios
1259 1379 1359 1406 cum
1380 1361 1540 1406 litteris
1561 1370 1605 1406 et
1624 1361 1669 1405 in

192 1423 379 1481 reliquas
412 1422 656 1480 provincias
690 1422 908 1465 finitumas
942 1421 1119 1472 dimisit,
1154 1432 1204 1466 ut
1235 1423 1315 1465 sibi
1347 1421 1523 1471 auxilia,
1555 1437 1669 1465 com·

192 1491 372 1532 meatus,
396 1483 677 1531 frumentum,
697 1481 824 1524 simul
844 1489 977 1539 atque
1006 1481 1173 1523 litteras
1207 1481 1425 1538 legissent,
1456 1479 1670 1523 mittenda

189 1549 423 1589 curarent;
471 1540 800 1598 exoneratisque
834 1540 997 1598 partim
1030 1541 1211 1584 navibus
1247 1539 1402 1598 longis,
1436 1539 1668 1583 Rabirium

196 1601 450 1647 Postumum
485 1599 529 1642 in
568 1599 756 1642 Siciliam
793 1599 849 1642 ad
883 1599 1119 1642 secundum
1151 1608 1439 1642 commeatum
1460 1613 1671 1642 arcessen-

192 1659 299 1701 dum
319 1659 469 1701 mittit.
535 1656 716 1700 Interim
737 1674 834 1701 cum
865 1657 1013 1700 decem
1035 1658 1213 1701 navibus
1246 1658 1385 1716 longis
1405 1657 1460 1700 ad
1481 1656 1670 1716 reliquas

193 1733 322 1761 naves
357 1716 575 1759 onerarias
607 1716 939 1774 conquirendaS,
990 1733 1087 1774 quae
1120 1717 1404 1766 deerrassent,
1454 1725 1500 1759 et
1540 1714 1669 1758 simul

192 1792 310 1819 mare
344 1775 558 1819 tuendum
584 1775 641 1818 ab
676 1775 870 1819 hostibus
901 1775 1029 1834 jubet
1062 1775 1286 1833 proficisci.
1350 1774 1462 1818 Item
1493 1774 1545 1817 C.
1573 1773 1668 1816 Sal-

190 1835 369 1878 lustium
411 1834 618 1892 Crispum
657 1834 893 1878 Praetorem
932 1834 988 1877 ad
1021 1834 1249 1877 Cercinam
1285 1833 1469 1877 insulam
1505 1847 1667 1884 versus,

188 1909 321 1951 quam
341 1892 577 1938 adversarii
593 1895 813 1943 tenebant,
836 1909 932 1936 cum
951 1901 1079 1961 parte
1096 1892 1268 1935 navium
1287 1893 1347 1936 ire
1358 1893 1511 1951 jubett
1544 1890 1667 1950 quod

189 1953 250 1996 ibi
272 1967 476 2011 magnum
507 1967 736 2002 numerum
756 1954 962 1997 frumenti
982 1968 1071 1995 esse
1092 1951 1315 1995 audiebat.
1382 1951 1488 1995 Hoec
1507 1949 1569 1994 ita
1589 1950 1666 1993 im-

963 2128 1091 2166 siliunt,
1107 2131 1240 2165 exeunt,
1270 2131 1346 2159 sunt
1364 2125 1670 2168 interpretamenta.

193 2125 264 2163 bris
279 2127 358 2164 anni
375 2128 413 2160 P.
427 2127 469 2159 U.
484 2127 524 2159 C.
541 2130 617 2169 ¹107,
643 2134 679 2161 ut
704 2129 747 2163 ad
770 2138 848 2170 cap.
868 2129 897 2160 1.

964 2172 1016 2203 M.
1045 2169 1179 2213 Optimi
1195 2171 1294 2202 codd.
1310 2172 1479 2210 exsistunt.
1497 2170 1519 2202 i.
1534 2180 1566 2206 e.
1580 2181 1670 2211 com-

189 2182 232 2211 ex
251 2171 380 2205 Usserii
399 2171 576 2207 annalibus
593 2171 720 2204 monui.
751 2173 800 2205 M.
831 2173 899 2204 Po-

191 2215 259 2247 tius
274 2216 317 2248 V.
335 2215 547 2248 Novembris.
564 2216 608 2247 V.
623 2215 784 2248 Chrouol.
797 2216 897 2247 Cete-

192 2269 265 2291 rum
292 2261 364 2292 haec
383 2261 465 2292 Kal.
479 2261 560 2292 ἄση.
574 2261 663 2291 male
679 2260 722 2291 ab
736 2260 814 2291 aliis
830 2266 896 2292 tra-

193 2304 320 2340 huntur
333 2305 374 2337 ad
391 2303 576 2346 sequentia.
597 2304 764 2341 Kalendae
787 2306 896 2339 Janu-

190 2351 273 2383 ariae
298 2349 534 2391 intelliguntur
555 2347 634 2380 anni
651 2350 725 2381 708.
740 2348 798 2390 qui
814 2358 897 2380 con-

193 2392 348 2425 susionis.

239 2439 357 2479 Leptin
385 2446 523 2478 parvam
550 2446 637 2474 esse,
664 2435 745 2477 quia
777 2435 848 2466 haec
873 2444 893 2466 a

193 2481 378 2513 Ptolemaeo
403 2481 517 2512 vicina
534 2479 696 2521 Ruspinae
722 2484 757 2510 et
785 2479 892 2510 Adtu-

192 2531 285 2564 meto
300 2524 436 2566 dicitur,
452 2523 583 2559 monuit
594 2523 775 2559 Cellarius.
786 2523 839 2555 Cf.
851 2524 891 2554 ad

192 2569 233 2601 B.
247 2571 289 2601 C.
306 2573 338 2607 2,
356 2571 410 2600 38.
434 2569 485 2601 M.

238 2614 381 2646 Incertae
405 2614 566 2654 locorum,
591 2611 793 2649 nescientes,
815 2620 892 2653 quae

191 2656 267 2688 loco
285 2661 456 2699 peterent:
481 2656 594 2695 Caesar
608 2657 698 2695 enim
719 2665 787 2695 non
809 2665 893 2686 con-

189 2701 341 2742 stituerat
360 2706 492 2738 certum
520 2700 648 2740 locum,
674 2709 778 2742 quem
798 2703 893 2741 pete-

192 2750 273 2783 rent,
291 2750 326 2777 ut
341 2751 392 2777 est
406 2756 437 2777 c.
455 2747 485 2776 3.
511 2745 560 2776 Μ.

239 2791 423 2822 Geminei-e.
453 2789 528 2822 scil.
557 2787 676 2831 coepit.
705 2785 777 2821 Alii
794 2788 895 2819 comi-

190 2835 277 2872 mm'.
305 2833 371 2869 Sed
388 2844 420 2864 v.
437 2838 471 2865 et
486 2844 518 2865 c.
534 2836 588 2867 25.

239 2877 423 2911 Exsistunt.
464 2875 620 2920 Reliquae
642 2875 819 2915 lectiones,
837 2885 897 2910 ex·

959 2220 1092 2258 parent.
1108 2213 1231 2247 V.1nd.
1252 2214 1405 2256 Jurinius
1416 2214 1497 2246 velit
1509 2212 1670 2256 exsistam

963 2261 1039 2291 noti
1052 2264 1094 2291 et.

1012 2304 1089 2339 Non
1121 2307 1159 2335 ut
1172 2318 1216 2326 -—
1229 2301 1431 2345 depuynene.
1487 2299 1642 2342 [eff-‘uim
1659 2312 1668 2332 ε

961 2357 1039 2386 mm,
1056 2352 1093 2379 ut
1105 2348 1140 2380 ia
1155 2357 1273 2388 campo
1290 2346 1341 2386 (ut
1353 2346 1423 2379 fieri
1439 2345 1528 2385 sole}
1542 2345 1579 2385 in
1591 2346 1667 2396 pb,

961 2390 1269 2430 nicie),somminus
1278 2391 1483 2434 depuqnant.
1496 2390 1546 2421 M.
1563 2389 1669 2433 Bene,

959 2436 1073 2467 credo.
1103 2434 1191 2466 Nam
1211 2444 1322 2466 sermo
1336 2440 1387 2466 est
1403 2435 1446 2466 de
1461 2443 1556 2466 more
1570 2432 1669 2475 equi.-

961 2484 1033 2510 tum
1050 2478 1250 2510 Maurorum
1266 2484 1441 2511 consueto.

1005 2523 1149 2564 Secund.
1165 2528 1400 2561 (τοηιηιεαωω.
1428 2521 1545 2562 ν.1μςί.
1577 2521 1628 2563 M.

1006 2567 1151 2600 Interim
1165 2578 1242 2606 cum
1257 2567 1369 2602 decem
1382 2577 1463 2606 ηιμ).
1506 2566 1543 2604 In
1558 2563 1667 2606 verbs)

960 2613 1096 2645 intevim
1127 2611 1286 2648 Davisius
1312 2617 1346 2649 et
1373 2609 1531 2650 Clarkius
1560 2608 1666 2650 latet?

960 2660 1078 2697 putant
1101 2664 1224 2688 nomen
1252 2654 1416 2694 hominis,
1439 2652 1666 2697 quemssffloet

957 2698 1059 2740 jussit
1075 2698 1258 2740 proficisci.
1284 2699 1335 2731 M.
1358 2697 1519 2738 Hominis
1529 2705 1665 2739 nomen,

961 2743 1053 2784 quod
1075 2742 1281 2784 praecedemi
1300 2741 1437 2782 Rabirio
1452 2747 1486 2772 et
1500 2751 1571 2784 ὓς.
1588 2739 1665 2783 §gl-

962 2787 1059 2818 [ustio
1075 2788 1288 2829 respondeat·
1316 2786 1428 2820 forsan
1443 2784 1558 2828 ‚adem
1571 2784 1665 2825 ,79ξᾷ-

961 2833 1070 2872 nium,
1086 2830 1127 2864 de
1142 2842 1211 2875 quo
1225 2833 1266 2872 A.
1279 2833 1333 2864 44.
