1946 3261
249 221 335 264 492
469 223 522 263 A.
560 216 762 262 HIRTII
798 218 882 261 DE
918 215 1120 259 BELLO
1154 217 1496 262 AFRICANO.

247 360 472 389 cumanam
523 342 678 392 defixm
734 343 891 399 reliqui
951 343 1191 401 perterriti,
1244 343 1351 401 fuga
1401 360 1445 386 se
1491 345 1534 387 in
1582 353 1722 390 castra

247 403 477 461 recipiunt.
542 403 642 451 Quo
683 401 797 443 facto
839 410 988 459 postea
1023 410 1123 444 sunt
1159 402 1358 445 deterriti
1393 403 1603 461 oppidum
1632 412 1724 451 ten-

244 471 351 504 tale.

297 519 369 561 30.
405 518 552 576 Scipio
585 517 756 560 interim
788 519 876 561 fere
911 518 1105 578 quotidie
1138 535 1222 562 non
1249 520 1376 578 longe
1410 537 1434 563 a
1463 520 1546 563 suis
1572 520 1722 564 castris
1750 519 1752 521 ¹

240 578 435 637 passibus
454 577 576 644 CCC
593 576 700 619 inst1
704 593 804 620 uere
821 578 955 620 aciem
971 594 1036 627 30,
1055 579 1216 637 majore
1235 578 1322 621 diei
1340 588 1464 637 parte
1483 587 1721 631 consumta,

239 652 387 679 rursus
407 653 448 678 se
470 635 514 677 in
533 643 672 677 castra
691 637 898 693 lecipere.
950 637 1081 686 Quod
1102 653 1237 694 quum
1258 638 1414 696 saepius
1429 637 1566 690 fieret,
1581 653 1722 705 neque

238 711 290 738 ex
324 694 502 737 Caesaris
537 693 687 736 castris
723 695 949 751 quisquam
986 695 1202 763 produ-met
1243 712 1383 753 neque
1419 696 1597 755 propius
1629 696 1722 754 ejus

238 754 381 812 copias
417 751 664 801 accederet;
695 752 918 818 despecta
956 754 1165 812 patientia
1205 754 1383 797 Caesaris
1420 756 1720 823 exercitusque

237 813 343 870 ejus,
366 812 468 853 univ
473 811 573 853 ersis
594 810 725 869 copiis
748 812 974 870 pioductis
1001 812 1326 879 elephantisque
1347 813 1517 855 turritis
1539 814 1722 881 triginta

235 880 336 914 ante
355 870 488 912 aciem
509 870 742 919 instructis,
766 886 895 927 quam
912 871 1112 913 latissime
1133 872 1279 929 potuit
1301 880 1503 929 porrecta
1523 873 1721 929 equitum

236 929 520 990 peditumque
551 928 845 976 multitudine,
876 945 961 971 uno
993 939 1189 996 tempore
1226 945 1492 988 progressus,
1526 929 1640 973 haud
1661 930 1722 973 ita.

240 988 368 1045 longe
390 1003 414 1029 a
437 987 616 1029 Caesaris
637 987 784 1028 castris
806 988 999 1030 constitit
1021 1004 1063 1030 ln
1085 1004 1252 1046 campo.
1282 1019 1286 1022 -

298 1048 368 1089 31.
406 1046 577 1095 Quibus
600 1046 729 1087 rebus
754 1046 954 1103 cognitis,
975 1047 1134 1097 Caesar,
1153 1048 1281 1104 iubet
1298 1046 1470 1096 milites,
1493 1045 1569 1104 qui
1592 1054 1719 1089 extra

240 1104 496 1147 munitiones
519 1120 573 1161 pl
577 1120 739 1145 ocesse1
743 1114 833 1153 ant
856 1105 1019 1162 quique
1042 1106 1293 1163 pabulandi,
1316 1114 1392 1146 aut
1414 1104 1622 1163 lignandi,
1642 1113 1720 1147 aut

240 1163 371 1205 etiam
399 1162 617 1204 muniendi
640 1163 783 1219 gratia
803 1137 963 1205 v’allem
989 1165 1218 1221 petierant,
1242 1164 1405 1221 quique
1434 1142 1489 1205 ad
1512 1179 1606 1204 eam
1629 1179 1718 1205 rem

241 1238 350 1279 opus
384 1229 521 1272 erant,
551 1235 695 1263 omnes
723 1221 838 1263 intra
870 1222 1126 1265 munitiones
1160 1224 1406 1265 minutatim
1438 1222 1718 1287 modesteque

241 1281 330 1323 sine
351 1279 544 1320 tumultu
567 1287 642 1321 aut
663 1287 828 1321 terroie
862 1297 904 1321 se
925 1281 1128 1346 lecipere
1161 1292 1293 1337 atque
1326 1281 1368 1322 in
1403 1295 1532 1337 opere
1565 1279 1719 1322 consis-

240 1348 358 1380 tele:
407 1337 624 1394 equitibus
661 1347 825 1386 autem,
861 1339 935 1396 qui
970 1354 1013 1380 1n
1046 1340 1230 1381 statione
1274 1340 1463 1387 fuerant,
1501 1338 1718 1406 praecipit,

239 1405 288 1438 ut
310 1412 442 1453 usque
475 1412 525 1438 eo
559 1396 701 1437 locum
736 1397 999 1445 obtinerent,
1038 1398 1080 1439 in
1110 1414 1197 1454 quo
1221 1397 1369 1455 paullo
1387 1405 1486 1439 ante
1509 1397 1717 1439 consutis-

237 1462 348 1504 sent‚
380 1454 516 1496 donec
543 1454 601 1496 ab
622 1453 743 1497 hoste
764 1455 935 1497 11115511111
960 1456 1094 1497 telum
1123 1456 1176 1498 ¹1d
1206 1472 1249 1497 se
1283 1455 1560 1514 perveniret:
1594 1456 1715 1523 quod

236 1514 268 1556 si
308 1513 490 1571 propius
525 1512 824 1562 accederetur,
862 1530 991 1570 quam
1026 1515 1314 1558 honestissime
1348 1531 1390 1556 se
1429 1514 1541 1556 intra
1576 1515 1715 1557 muni-

238 1573 372 1614 tiones
415 1572 671 1629 1ecipe1·.ent
751 1572 839 1614 Alii
882 1589 1058 1630 quoque
1097 1574 1312 1631 equitatui
1352 1572 1499 1622 edicit,
1533 1573 1598 1615 uti
1638 1589 1716 1617 suo

236 1631 419 1688 quisque
448 1630 543 1672 loco
572 1639 749 1687 paratus
769 1642 1047 1689 armatusque
1070 1642 1227 1691 praesto
1249 1640 1368 1675 esset.
1433 1633 1495 1674 At
1517 1631 1606 1675 haec
1628 1647 1712 1675 non

238 1807 437 1845 nitudinom,
470 1805 547 1836 idco
580 1805 721 1837 verbum
752 1807 942 1837 decumana

239 1862 296 1892 per
317 1862 353 1882 se
380 1849 547 1891 significet
571 1859 722 1890 pomum,
747 1850 884 1880 fluctum
910 1855 942 1880 et

237 1895 316 1926 alia.
357 1895 401 1925 Et
414 1894 496 1935 quid
514 1900 646 1925 scutum
663 1904 885 1935 permagnum
900 1895 942 1925 ad

237 1939 407 1980 equitem?
435 1939 481 1969 M.

285 1984 416 2024 Reliqui
428 1984 820 2021 pm·tr›r⁷·iti——ret·ipizmt.
845 1981 944 2013 Guis-

237 2027 384 2057 chardus
408 2025 533 2065 (Mem.
550 2025 649 2056 milit.
668 2025 746 2057 Vol.
760 2029 792 2056 2.
818 2037 850 2066 p.
867 2029 942 2057 220.

238 2071 292 2101 vel
312 2071 354 2100 T.
372 2073 402 2099 2.
428 2081 461 2110 p.
479 2071 558 2108 303)
587 2080 741 2101 caussam
776 2070 860 2100 hanc
891 2071 943 2100 l'u-

236 2113 349 2155 giendi
367 2114 515 2154 adpellat
532 2113 719 2146 ridiculam.
736 2113 942 2155 omninoque

235 2157 458 2189 narrationem
500 2158 542 2187 de
584 2158 646 2188 liae
687 2157 942 2198 obpugnatione

238 2208 353 2233 censet
366 2212 440 2232 esse
458 2201 551 2232 omni
577 2212 618 2231 ex
641 2208 734 2242 parte
750 2202 943 2240 obscuram,

237 2251 270 2277 et
307 2245 351 2276 ab
381 2246 499 2276 eodem
540 2245 787 2285 interpolatam,
826 2257 845 2277 a
874 2257 941 2286 quo

237 2290 363 2321 multos
382 2289 481 2330 liujus
498 2288 576 2320 libri
592 2289 685 2319 locos
703 2289 747 2319 ita
761 2296 943 2330 conruptos

236 2345 309 2365 esse
326 2334 491 2370 addendo,
506 2333 726 2368 detrahendo,
740 2333 942 2373 explicando

236 2378 410 2409 existimat
426 2379 478 2419 (p.
492 2378 583 2416 214),
600 2383 634 2406 ut
650 2377 743 2407 nullo
760 2379 860 2407 m‹›‹lo
881 2389 943 2418 po-

237 2421 358 2453 tuerint
374 2421 426 2452 vel
444 2432 463 2453 a
484 2421 591 2462 perito
609 2420 670 2457 rei,
694 2420 746 2450 vel
763 2430 781 2450 a
801 2427 884 2452 teste
900 2432 939 2452 ac

237 2471 426 2507 spectatore
448 2465 532 2497 belli
559 2465 658 2506 hujus
687 2464 735 2495 sic
761 2465 942 2496 conscribi.

236 2511 287 2541 M.

283 2555 482 2593 Λυηῐοηᾳρ.
534 2552 618 2591 Leg.
646 2562 709 2583 non
734 2553 880 2590 'nursiam
907 2558 941 2582 ut

235 2597 555 2630 Davisiusmonuit.
581 2579 630 2628 tl.
676 2595 797 2626 Clarke
814 2596 941 2637 negati-

235 2654 309 2674 13111
333 2648 535 2684 expunctam
560 2640 668 2680 cupit.
709 2639 863 2670 Oudend.
882 2640 942 2670 11¹1-

233 2687 384 2720 riolatur
404 2696 527 2728 pas-sus
547 2686 604 2716 Cs·
609 2686 635 2715 (
649 2694 721 2714 esse
737 2683 940 2724 explicatio-

234 2741 310 2761 nem
328 2730 506 2761 verborum
525 2739 588 2759 mm
606 2729 712 2768 lonqe.

286 2776 449 2805 vair-mssa·
470 2775 579 2814 copiis.
627 2773 715 2803 Ante
740 2770 812 2802 ha‘c
836 2770 937 2801 xerha

233 2817 410 2848 intruditur
438 2817 468 2847 in
491 2816 592 2847 codd.
613 2820 646 2846 ct
663 2816 740 2846 edd.
758 2820 824 2845 vet.
850 2815 938 2846 Julm

231 2861 284 2891 vel
302 2862 410 2892 Juboe.
429 2861 527 2892 male.
575 2861 604 2891 ls
620 2859 714 2891 enim
733 2858 765 2890 in
786 2859 938 2900 Regnum

229 2915 264 2937 ee
280 2911 464 2946 receperat.

1058 1807 1186 1847 Quique
1211 1805 1327 1846 pabul.
1371 1821 1413 1827 -·
1433 1822 1477 1827 -—
1499 1814 1581 1846 opus
1607 1810 1718 1836 eram.

1011 1850 1092 1881 Haec
1120 1860 1186 1880 non
1217 1856 1291 1879 sunt
1317 1848 1397 1880 satis
1426 1849 1625 1889 perspicua3
1650 1859 1712 1880 nec

1011 1893 1165 1931 leguntur
1182 1893 1293 1924 ubivis
1307 1893 1424 1923 eodem
1439 1893 1540 1924 modo
1557 1905 1564 1922 ε
1588 1893 1714 1923 vallem

1009 1937 1149 1974 quidem
1165 1938 1266 1968 codd.
1282 1942 1472 1968 constanter
1485 1936 1626 1973 habent,
1648 1936 1712 1968 etsi

1012 1981 1042 2012 in
1067 1982 1143 2011 edd.
1173 1980 1377 2021 quibusdam
1406 1981 1533 2011 vallum
1562 1979 1714 2021 legitur;

1011 2025 1090 2056 item
1121 2027 1247 2066 quique
1279 2025 1383 2056 altero
1422 2023 1501 2054 loco
1542 2022 1576 2054 in
1614 2024 1715 2056 codd.

1011 2069 1182 2101 scribitur.
1197 2079 1273 2099 cum
1293 2068 1324 2099 in
1343 2068 1418 2098 edd.
1432 2067 1557 2108 passim
1571 2078 1714 2110 quaeque

1012 2114 1164 2153 legatum
1191 2113 1246 2143 sed
1263 2112 1384 2143 deinde
1412 2111 1444 2142 in
1471 2112 1569 2143 codd.
1588 2117 1651 2150 est,
1666 2111 1714 2144 ad

1008 2162 1078 2195 pjm·
1095 2159 1143 2187 1·ρὶ
1157 2167 1236 2198 opus
1249 2161 1357 2193 erant,
1384 2162 1443 2186 aut
1468 2156 1514 2187 (nl
1531 2166 1609 2186 eam
1629 2167 1714 2193 rem,

1009 2201 1128 2231 autad
1143 2212 1195 2231 on.
1223 2200 1256 2230 Si
1275 2200 1395 2231 vallem
1419 2199 1587 2240 petierunt
1603 2199 1715 2231 muni-

1009 2244 1086 2275 endi
1115 2244 1233 2282 gratia.
1264 2245 1477 2275 contulerunt
1501 2253 1535 2274 se
1561 2243 1593 2274 in
1625 2254 1713 2282 eam,

1010 2295 1044 2319 ut
1079 2288 1154 2318 inde.
1184 2287 1357 2319 materiam
1385 2286 1469 2318 valli
1510 2292 1543 2317 et
1580 2287 1714 2328 aggeris

1009 2337 1258 2373 comportarent
1275 2331 1307 2361 in
1325 2338 1443 2362 castra.
1462 2330 1574 2362 Verba
1591 2333 1714 2372 qudque

1009 2377 1055 2407 ml
1070 2388 1144 2407 eam
1158 2387 1226 2406 rem
1246 2386 1326 2417 opus
1341 2380 1452 2414 erant,
1477 2374 1566 2405 Oud.
1584 2373 1713 2406 intelli-

1009 2420 1059 2458 t<git
1086 2421 1127 2451 de
1158 2418 1236 2450 lixis
1265 2419 1526 2459 calonibusque.
1553 2417 1615 2460 qui
1647 2429 1713 2450 una

1009 2475 1087 2495 cum
1106 2462 1273 2495 militibus
1289 2469 1380 2494 extra
1407 2461 1611 2493 munitiones
1634 2472 1713 2503 pro-

1011 2507 1183 2539 cesserint.
1227 2506 1423 2538 Cohaerebit
1452 2517 1543 2547 ergo,
1581 2507 1712 2544 milites,

1009 2554 1069 2591 qm'
1082 2568 1125 2573 —
1136 2556 1376 2593 processerant.
1404 2551 1527 2591 quique
1549 2567 1593 2572 —
1611 2552 1712 2591 petie-

1009 2600 1087 2627 rant
1100 2608 1110 2626 .·
1133 2595 1177 2626 ab
1202 2594 1255 2625 his
1271 2594 1397 2625 diversi
1413 2599 1509 2625 erunt
1525 2593 1640 2631 ceteri,
1652 2593 1711 2634 qui

1007 2640 1048 2670 ad
1077 2639 1307 2680 pabulandum
1333 2637 1600 2678 lignandumque
1625 2647 1712 2678 opus

1008 2690 1112 2714 erant.
1132 2684 1182 2714 M.
1212 2681 1368 2713 Clarkius
1383 2682 1447 2723 leg.
1463 2680 1710 2722 suspicabatur,

1007 2729 1133 2757 rollum
1153 2729 1315 2764 ariorum,
1333 2724 1435 2756 nimis
1449 2725 1619 2756 audacter.

1059 2773 1182 2801 Flisuo
1198 2780 1231 2811 q.
1249 2771 1328 2801 Ioco.
1361 2769 1472 2810 Vulgo
1497 2771 1548 2799 uli
1573 2778 1605 2809 q.
1632 2777 1658 2798 s.
1683 2769 1707 2799 I.

1006 2814 1116 2845 minus
1130 2813 1227 2845 scite.

1056 2861 1094 2890 At
1120 2860 1197 2889 leoec.
1237 2856 1358 2888 Malim
1375 2866 1451 2886 cum
1469 2856 1548 2886 edd.
1562 2853 1706 2887 nonnul·

1008 2901 1061 2936 lis.
1075 2903 1121 2934 ad
1135 2903 1216 2940 hoec,
1234 2901 1256 2932 i.
1273 2912 1305 2932 e.
1323 2905 1490 2942 praeterea.
1512 2900 1563 2931 M.
