1946 3261
820 216 1237 261 LATINITATIS.
1679 219 1758 263 651

317 353 454 375 movere
469 342 682 376 difficultates
706 349 878 376 sumtuum
902 345 987 375 faci-

316 388 495 427 endorum,
516 398 644 425 curare,
674 394 709 419 ut
736 394 865 419 sumtus
893 398 985 418 com-

317 432 419 462 mode
435 431 506 463 fieri
524 431 665 472 possint,
678 433 718 463 A.
737 433 791 462 34.
820 431 984 462 Similiter

315 476 484 516 explicare
513 477 689 506 consilium
725 480 760 506 et
790 476 982 515 explicitum

315 520 501 555 consilium,
516 518 617 550 facile
634 518 768 556 effectu,
783 517 904 558 paucis
918 517 984 548 dif-

315 561 525 593 ficultatibus
539 561 730 602 obseptum,
744 560 872 604 sibu-ogia,
895 560 934 590 C.
957 562 983 597 l,

317 607 370 636 78.
405 606 470 636 Sed
485 608 516 643 3,
533 607 586 635 78.
608 606 794 645 explicabat
807 605 982 636 con-tilium

314 651 366 684 rei
381 652 478 680 totius
489 649 538 679 Ιιὶε
551 649 749 686 ναιτόηἱὺιις,
765 648 788 678 i.
799 658 829 678 e.
845 657 982 678 omnem

314 701 397 729 rem,
422 690 534 722 causis
550 690 671 731 agendi
688 691 797 732 probo
811 690 984 730 cogitatis,

314 733 365 765 sic
390 733 598 766 instituebat.
644 735 778 776 Nempe
801 733 982 765 consilium

313 777 436 818 agendi
449 777 706 810 difficultatibus
714 779 913 819 impeditum
924 782 985 815 est,

315 832 397 852 cum
421 820 494 853 fieri
518 821 637 863 possit,
659 829 696 853 ut
711 822 780 853 alio
796 827 898 862 atque
915 821 984 852 alio

314 866 417 896 modo
445 867 613 907 agendum
642 865 705 896 sit:
750 865 811 896 has
841 864 986 896 difficul-

314 914 400 940 tates
424 909 720 950 multiplicemque
740 908 826 940 belli
846 909 985 949 gerendi

314 951 478 984 rationem
502 953 681 994 sigillatim
707 952 890 994 cogitando
914 962 984 983 rem

314 997 507 1037 expedimus
517 1003 549 1028 et
562 998 779 1037 emplicamits,
792 997 886 1033 dum,
900 995 985 1036 quid

316 1046 350 1070 et
376 1049 480 1080 quare
507 1041 674 1081 agendum
707 1039 760 1077 sit,
783 1039 983 1080 cogitamus.

314 1084 523 1124 Explicatur
534 1085 630 1121 aciee,
641 1094 718 1114 cum
733 1083 782 1114 sic
799 1082 985 1120 instruitur,

315 1131 352 1157 ut
381 1127 414 1157 in
439 1127 564 1167 justam
595 1126 812 1158 latitudinem
853 1126 984 1157 extensi

316 1170 384 1201 sint
399 1170 544 1208 ordines,
560 1180 627 1201 non
644 1181 686 1201 eo
703 1170 853 1211 amplius
871 1171 985 1207 modo,

314 1224 384 1254 quo
399 1214 433 1245 in
452 1213 570 1245 itinere
583 1219 641 1245 aut
661 1213 827 1255 angustiis
842 1213 984 1251 fuerant,

314 1257 355 1287 c.
381 1261 412 1296 2,
439 1259 492 1287 26.
527 1259 557 1296 3,
585 1259 640 1288 93.
676 1257 713 1288 it.
736 1257 777 1287 C.
807 1260 834 1295 1,
856 1259 911 1289 58.
933 1263 984 1288 est

313 1300 417 1340 idem,
429 1301 522 1342 quod
533 1301 718 1343 producere
733 1303 865 1344 lonyius
879 1304 915 1332 in
931 1303 984 1332 la-

316 1347 398 1377 tiore
446 1346 566 1386 spatio.
642 1346 770 1387 Aqmen
805 1346 984 1386 eoeplicare,

313 1388 493 1421 confusam
523 1387 656 1420 turbam
682 1389 831 1430 quodam
868 1388 985 1420 ordine

316 1433 512 1474 disponere,
526 1434 559 1470 9,
579 1435 617 1463 14

272 1477 483 1517 Explicitior,
498 1474 875 1517 comparativus'rarus,
894 1476 934 1507 C.
955 1479 981 1513 1,

272 1566 502 1606 Expowiyere
516 1567 641 1607 equites
663 1566 702 1595 in
724 1564 984 1604 lonqitudinem,

316 1609 370 1642 Af.
386 1610 441 1640 78.
459 1607 482 1639 i.
499 1619 531 1639 e.
547 1608 655 1639 aciem
679 1607 863 1648 explicare.
913 1609 983 1638 Ex-

310 1655 484 1697 porriqere
498 1655 713 1690 munitiones,
722 1652 913 1690 extendere,
928 1652 982 1682 Af.

274 1742 473 1786 Eoeprimere
500 1739 637 1778 (alicui)
658 1749 780 1777 vocem,
806 1740 834 1775 1,
848 1741 902 1769 32.
925 1749 983 1769 esc-

308 1789 458 1829 primere
481 1794 611 1825 aquam
636 1783 942 1814 machinationibus
966 1794 983 1813 e

313 1833 417 1865 mari,
444 1829 484 1858 A.
509 1832 539 1857 5.
565 1837 672 1869 asyqer
690 1828 848 1866 exprimit
870 1832 982 1858 turres

313 1877 426 1909 altius,
441 1874 472 1910 7,
487 1874 528 1901 22

272 1921 471 1961 Est-quirem,
485 1913 675 1954 explorare,
695 1916 722 1950 1,
737 1915 792 1944 41.
808 1916 984 1954 exquirere

315 1961 509 1995 sententias,
524 1967 652 1998 rogare,
669 1960 699 1994 3,
716 1960 735 1988 3

273 2005 491 2047 Exsequijws
504 2011 618 2038 surum,
630 2000 817 2038 defendere,
831 2000 929 2038 tueri,
943 2011 984 2032 ne

314 2049 494 2082 amittatur,
512 2047 540 2082 l,
554 2047 574 2075 4

272 2096 436 2127 Emer-tus
455 2091 631 2126 humerus,
651 2096 717 2119 non
747 2092 859 2119 tectus
885 2093 987 2126 veste,

317 2139 336 2168 7
363 2139 404 2168 50

273 2162 475 2223 Επέροίἰατρ
514 2178 674 2209 honorem
713 2174 870 2217 alicujus,
903 2185 983 2206 eum

317 2225 449 2268 privare
464 2223 605 2258 honore,
621 2222 652 2255 8,
668 2221 709 2250 50

274 2270 463 2303 Extendere
476 2278 510 2298 se
523 2261 720 2305 (progredi)
740 2265 875 2305 magmis
889 2265 985 2295 itine-

314 2315 417 2351 vibus,
431 2311 472 2343 C.
490 2313 521 2347 3,
535 2311 575 2340 77
807 2352 813 2357 ·

274 2360 471 2392 Extenuare
500 2356 634 2395 equites,
664 2362 706 2383 eo
743 2352 908 2393 redigere,
948 2357 985 2382 ut

318 2399 450 2433 diducti
481 2403 579 2436 stent,
608 2406 675 2427 non
706 2396 812 2434 densi,
843 2396 895 2427 Af.
933 2398 982 2427 14.

317 2447 402 2478 acies
445 2446 635 2478 extenzmta,
680 2439 712 2470 in
769 2439 983 2471 latitudinem

318 2488 439 2531 magis,
460 2497 562 2529 quam
576 2483 825 2526 longitudinem
846 2484 984 2522 directa,

318 2533 371 2567 Af.
387 2535 426 2564 59

276 2580 468 2613 Emer-rere,
479 2580 615 2612 terrere,
628 2572 667 2603 C.
688 2575 716 2610 l,
729 2575 783 2604 41.
807 2576 839 2611 2,
855 2575 874 2603 4

275 2625 385 2654 Extra
401 2620 546 2659 (contra,
555 2616 690 2659 praeter)
703 2616 984 2655 comuetzalinem,

317 2666 357 2698 C.
386 2669 416 2703 3,
440 2667 492 2695 85.
538 2663 593 2693 Sic
623 2661 716 2702 apud
743 2661 860 2691 Horat.
888 2665 984 2692 extra

316 2718 499 2741 numerum
517 2712 547 2737 et
561 2705 697 2737 modum
712 2715 814 2744 aqere

279 2754 468 2786 Ecum-ahere
502 2752 593 2782 diem
621 2749 770 2786 dicendo,
804 2746 982 2778 absumere

318 2808 397 2829 eum
419 2795 566 2827 dicendo
590 2793 633 2823 ad
657 2791 741 2823 solis
763 2801 866 2832 usque
882 2801 982 2822 occa-

319 2840 460 2880 sum,C.
481 2842 509 2877 1,
523 2841 577 2870 32.
606 2836 651 2868 cf.
667 2846 698 2868 c.
717 2837 771 2867 33.
793 2836 984 2868 extrahitur

1094 351 1230 387 tempas,
1243 344 1334 386 quod
1351 345 1542 376 cunctando
1559 343 1716 383 elabitur,
1732 351 1762 384 5,

1093 392 1133 418 22

1054 432 1235 462 Eaerremus
1250 441 1359 470 casus,
1368 442 1436 472 quo
1447 432 1560 463 nullus
1571 442 1645 463 esse
1658 432 1765 473 magis

1092 475 1257 504 adversus
1275 481 1396 515 potest,
1419 477 1450 513 3,
1473 480 1504 506 5.
1528 482 1684 508 οτινεπιω
1696 487 1760 514 7-98,

1095 518 1136 547 de
1151 517 1277 557 quibus
1294 519 1361 549 fere
1377 524 1491 549 actum
1506 525 1568 558 est,
1585 523 1616 557 2,
1630 523 1672 550 25

1050 561 1238 591 Esurusum
1252 572 1357 599 mare,
1381 561 1436 592 cui
1461 572 1630 601 accessus,
1643 574 1763 605 aggere

1094 603 1266 643 opposito,
1281 603 1481 637 interclusus
1496 612 1559 644 est,
1571 610 1601 645 3,
1621 610 1658 639 12

1051 647 1260 684 Exturbare,
1276 648 1331 678 Af.
1350 651 1390 679 40

1053 691 1186 722 Exuere
1197 692 1348 732 aliquem
1359 695 1476 731 armis,
1491 695 1521 731 3,
1537 695 1556 723 6

1392 794 1430 825 F.

1053 862 1159 893 Fabri
1184 863 1369 903 leyionum,
1395 868 1426 902 5,
1455 866 1504 896 11.
1528 875 1671 906 quorum
1697 867 1764 899 ori-

1094 905 1220 945 ginem,
1236 906 1311 938 Liv.
1334 911 1360 946 1,
1373 911 1425 939 43.
1438 908 1631 950 descripsit,
1644 921 1763 944 munus

1093 955 1207 980 autem
1226 949 1344 991 Veget.
1360 952 1401 982 de
1418 962 1444 983 r.
1459 962 1506 983 m.
1524 956 1555 991 2,
1574 956 1622 984 11.
1671 955 1764 988 Hinc

1097 994 1276 1033 Praeff'ectus·
1286 995 1441 1035 fabrum,
1455 995 1494 1027 C.
1514 999 1541 1034 1,
1555 1001 1598 1028 24

1052 1037 1178 1068 Facere
1193 1042 1316 1076 castra,
1345 1039 1372 1076 1,
1388 1041 1442 1069 48.
1468 1041 1507 1070 A.
1526 1041 1580 1070 49.
1604 1044 1763 1083 conjura-

1093 1084 1228 1119 tionem,
1249 1082 1321 1122 ejus
1349 1086 1526 1114 auctorem
1556 1093 1642 1122 esse,
1676 1088 1702 1121 1.
1728 1091 1761 1119 2.

1095 1123 1159 1155 Sed
1177 1127 1209 1163 8,
1236 1127 1264 1156 1.
1292 1130 1343 1156 est
1364 1126 1550 1167 conjurare.
1574 1133 1766 1169 sementem,

1099 1169 1126 1205 l,
1148 1170 1178 1198 3.
1204 1169 1450 1208 solidationem,
1473 1170 1527 1202 Af.
1554 1173 1607 1203 85.
1633 1182 1766 1213 pacem,

1099 1213 1127 1248 1,
1157 1214 1206 1242 13.
1234 1214 1407 1253 proelium,
1437 1215 1464 1251 l,
1490 1215 1540 1245 18.
1568 1216 1706 1256 pontem
1727 1220 1767 1249 in

1087 1254 1252 1296 flumine,
1287 1258 1314 1290 1.
1348 1259 1398 1287 13.
1436 1267 1601 1299 ‘annam
1617 1262 1764 1301 juqula-

1094 1301 1229 1337 tionem,
1245 1299 1290 1330 H.
1307 1303 1360 1330 22.
1387 1301 1542 1339 cohortes,
1557 1302 1679 1342 legere,
1690 1306 1764 1336 eol-

1097 1341 1215 1382 ligere,
1243 1342 1309 1374 sibi
1343 1353 1552 1385 comparare,
1582 1345 1621 1376 C.
1649 1351 1680 1386 3,
1709 1350 1763 1379 87.

1099 1385 1155 1416 Sic
1167 1387 1200 1426 f.
1217 1387 1278 1417 sibi
1301 1388 1421 1418 ‘milites
1445 1397 1486 1418 ex
1506 1392 1693 1429 provincia,
1718 1392 1764 1424 H.

1096 1432 1128 1460 2.
1145 1435 1179 1460 et
1195 1430 1281 1470 leyio
1291 1431 1387 1470 facta
1403 1441 1443 1461 ev
1458 1433 1606 1470 coloniis,
1629 1434 1713 1465 ibid.
1732 1438 1763 1467 7.

1091 1473 1120 1511 f.
1137 1474 1288 1511 emeseni,
1307 1473 1477 1505 aedificare
1492 1481 1527 1505 et
1543 1475 1718 1512 instruere.
1733 1483 1765 1517 4,

1096 1519 1151 1554 21,
1169 1517 1200 1556 f.
1217 1517 1353 1555 bellum,
1369 1520 1399 1555 3,
1414 1520 1467 1551 29.
1485 1524 1518 1550 et
1527 1519 1644 1559 facer-e
1659 1524 1765 1555 alicui

1094 1560 1230 1599 bellum,
1256 1560 1371 1592 moliri
1393 1567 1427 1592 ct
1451 1562 1624 1604 suscipere
1648 1571 1766 1599 contra

1093 1603 1254 1645 aliquem,
1268 1608 1299 1639 5,
1314 1607 1368 1636 28.
1396 1604 1451 1636 Sic
1467 1608 1498 1643 7,
1513 1610 1531 1637 2

1055 1649 1213 1679 Fac-ultas
1226 1658 1388 1689 puqnare
1413 1649 1491 1690 (pro
1506 1653 1688 1694 gerundio)
1710 1655 1766 1687 Af.

1096 1694 1150 1722 78.
1175 1692 1219 1723 cf.
1244 1694 1435 1724 consilium.
1482 1696 1675 1731 Facultates
1692 1700 1766 1732 lta-

1093 1736 1160 1771 liae,
1175 1745 1335 1767 numerus
1349 1735 1506 1776 militum,
1520 1741 1552 1776 6,
1575 1742 1585 1771 1

1049 1780 1222 1818 Facultas,
1237 1778 1350 1819 copia,
1371 1783 1398 1818 1,
1414 1783 1466 1813 38.
1492 1784 1523 1820 3,
1537 1784 1557 1814 9

1050 1823 1082 1854 F
1083 1824 1195 1855 alc-ata
1207 1823 1393 1865 quadr-iqa,
1411 1826 1450 1856 A.
1466 1827 1508 1857 75

1051 1867 1172 1898 Γαίῃ-εις
1184 1868 1332 1898 murales
1348 1867 1504 1901 videntur
1523 1869 1628 1902 fuisse
1654 1875 1763 1912 conti,

1097 1910 1228 1951 praefixi
1249 1911 1351 1946 ferro.
1374 1911 1408 1943 in
1433 1912 1532 1945 salcis
1554 1914 1696 1948 sennam
1715 1917 1764 1949 in-

1097 1961 1248 1991 curvato,
1271 1961 1306 1986 ut
1331 1966 1459 1995 murus,
1484 1957 1529 1988 iis
1546 1957 1691 1999 injectis,
1710 1962 1763 1993 di-

1095 2005 1261 2037 rueretur,
1274 2001 1304 2032 3.
1320 2001 1367 2030 14.
1380 2000 1530 2039 (Strabo,
1543 2002 1584 2033 de
1596 2004 1717 2036 eadem
1728 2016 1763 2037 re

1095 2042 1251 2082 loquens,
1266 2039 1459 2086 Bonggiaeauoe
1473 2046 1516 2075 ad
1522 2045 1645 2086 pellat)
1660 2052 1691 2087 5,
1708 2052 1762 2081 42.

1098 2087 1130 2123 7,
1145 2089 1198 2124 22,
1221 2089 1274 2124 84,
1291 2088 1344 2117 86.
1364 2097 1435 2128 quo
1452 2089 1531 2120 loco
1548 2099 1664 2122 earum
1680 2103 1762 2125 usus

1095 2129 1310 2162 describitur.
1333 2131 1373 2161 A.
1390 2131 1431 2162 75

1055 2174 1198 2212 Fallere,
1224 2176 1284 2206 hoc
1310 2185 1390 2206 eum
1402 2176 1538 2216 fefellit,
1562 2176 1627 2208 hoc
1651 2178 1684 2210 ei
1708 2191 1768 2221 per

1098 2217 1323 2259 ignorantiam
1352 2226 1410 2250 ant
1441 2220 1682 2261 negligentiam
1710 2234 1768 2255 ac-

1096 2262 1192 2300 cidit,
1205 2261 1240 2293 ei
1257 2261 1365 2293 inscio
1390 2268 1424 2294 et
1442 2274 1562 2305 parum
1588 2266 1765 2307 cogitandi

1095 2305 1260 2347 obrepsit,
1280 2307 1333 2338 Af.
1351 2310 1370 2338 3

1053 2350 1218 2388 Familia,
1233 2350 1332 2389 servi,
1351 2353 1378 2389 1,
1393 2353 1424 2382 4.
1464 2351 1520 2383 Sic
1531 2352 1676 2393 familia
1689 2357 1768 2397 yla-

1096 2395 1257 2433 diatono,
1272 2395 1371 2433 servi,
1384 2394 1444 2435 qui
1462 2402 1537 2427 sunt
1550 2397 1767 2439 gladiatoreS,

1096 2438 1137 2470 C.
1163 2442 1194 2476 3,
1215 2441 1268 2470 21.
1307 2444 1415 2470 mater
1429 2440 1580 2479 familiae
1592 2443 1768 2483 autfami-

1096 2484 1172 2522 lias,
1192 2485 1219 2519 1,
1234 2485 1287 2514 50.
1314 2484 1343 2520 7,
1359 2484 1414 2521 26,
1428 2485 1482 2514 47.
1498 2484 1538 2515 C.
1555 2488 1587 2523 2,
1610 2488 1643 2516 4.
1665 2493 1765 2528 pater

1089 2527 1239 2567 familiae
1251 2532 1310 2557 aut
1319 2527 1493 2567 famlias,
1508 2530 1540 2559 6.
1562 2531 1600 2560 19

1052 2572 1130 2609 Fas,
1153 2571 1244 2611 quod
1273 2580 1332 2611 per
1360 2571 1531 2611 legionem
1561 2571 1760 2616 divinasque

1095 2615 1186 2654 leges
1200 2613 1292 2652 licet,
1311 2617 1339 2651 l,
1353 2617 1394 2645 50

1050 2660 1248 2699 Fastiqacus
1276 2660 1378 2696 collis,
1416 2669 1436 2689 a
1472 2658 1594 2691 latiore
1625 2661 1699 2693 basi
1730 2662 1764 2694 in

1093 2702 1228 2732 acutius
1241 2711 1401 2732 cacumen
1416 2712 1565 2743 surgens.
1609 2704 1760 2738 Omnino

1095 2750 1145 2776 est
1157 2748 1399 2787 proclinatum,
1414 2750 1446 2784 2,
1460 2748 1492 2777 8.
1513 2747 1552 2778 C.
1571 2750 1603 2786 2,
1623 2751 1674 2781 10.
1688 2750 1757 2783 vid.

1094 2789 1199 2820 etiam
1211 2789 1254 2819 ad
1269 2791 1301 2827 4,
1319 2791 1357 2820 16

1054 2835 1247 2875 Ραειὶ9ίαπι
1261 2835 1428 2874 infimum,
1442 2834 1474 2872 7,
1489 2835 1542 2866 73.
1557 2835 1624 2868 vid.
1641 2843 1714 2871 not.
