1946 3261
819 126 1246 184 LATINITATIS.

269 262 419 311 Simplex
442 266 540 304 acies,
564 270 630 297 una
661 265 777 305 series,
790 275 878 298 unus
895 268 981 299 ordo

310 306 472 347 militum,
494 309 549 340 Af.
577 311 629 341 59.
667 309 768 342 Conf.
793 312 892 348 acies,
918 310 981 342 ubi

309 350 377 381 alia
392 353 548 394 exempla
566 353 713 385 collecta
728 359 805 384 sunt

270 394 394 433 Simul,
406 394 509 428 simul
531 407 585 434 ac,
599 400 631 436 4,
660 399 713 428 26.
727 397 843 434 simul,
866 399 981 436 simul,

311 437 379 476 ἅμα
393 439 457 478 μὲν,
471 439 539 479 ἅμα
554 438 592 479 δὲ,
611 443 643 478 4,
663 443 699 471 13

268 481 464 522 δὶηῃιιῖαήε
477 484 585 522 homo,
597 494 696 522 unus,
711 491 749 514 ut
760 493 839 514 cum
855 482 982 523 singuli

311 524 508 599 sitngulatim
525 533 604 559 eunt
626 538 688 570 per
707 526 892 569 angustias,
906 529 937 566 7,
952 530 983 558 8.

312 579 330 599 c
351 592 358 599 .
376 572 408 608 4,
422 572 465 601 26

270 613 416 644 Societas
430 613 705 654 publicanorum,
727 613 766 646 C.
784 617 816 652 3,
835 616 895 646 103

270 656 402 687 Solvere
428 667 476 688 sc.
501 668 616 696 naves,
641 661 672 696 4,
689 660 749 689 23:
775 658 874 699 plene
900 657 983 699 legi-

312 703 376 738 tur,
395 703 425 739 4,
439 702 494 732 36.
535 701 599 733 Sed
616 707 649 732 et
664 703 759 733 naz-is
785 704 878 734 solvit
902 702 982 741 (se).

312 752 391 774 cum
408 744 649 786 proficiscitur,
670 748 702 783 4,
717 748 760 776 28

270 786 388 818 Solum
404 792 492 830 ayri,
511 790 635 821 Gruml
653 789 726 821 und
745 789 874 827 Boden,
898 791 924 828 1,
944 792 977 820 11

269 831 348 861 Sors
363 833 577 872 incommodi,
593 836 624 871 8,
640 836 667 864 1.
684 844 754 865 sors
768 834 865 871 mali,
879 836 911 869 8,
929 835 979 864 12.

310 875 449 907 malum.
477 878 570 918 quod
596 877 701 909 alicui
724 876 863 915 accidit,
896 877 982 908 mali

312 928 401 959 pars,
415 920 448 952 ei
464 922 642 960 destinata,
656 923 745 964 μσῖςα

269 963 627 1003 Speciariumdonum,
650 964 690 996 C.
719 967 750 1004 3,
767 967 819 996 53.
836 963 863 996 si
876 965 980 997 lectio

310 1016 387 1038 vera
402 1014 453 1039 est

266 1052 412 1093 speciose
425 1054 590 1084 instruere
604 1056 723 1091 aciem,
747 1052 800 1084 Af.
818 1055 858 1084 48

267 1098 426 1138 Spectat-e
440 1099 478 1127 iu
500 1098 647 1136 (versus)
672 1099 933 1138 septe'rntv-e'oroes,
952 1099 980 1135 1,

316 1143 343 1173 1.
356 1146 514 1182 spectare,
526 1139 666 1172 revereri
684 1150 811 1179 curare,
826 1144 857 1179 2,
871 1143 928 1173 20.
948 1145 978 1179 5,

311 1187 366 1223 29,
384 1187 437 1215 41.
462 1185 504 1216 C.
521 1187 553 1223 3,
570 1188 612 1217 43

265 1230 533 1271 Speculatorium
561 1231 751 1271 navigium.
792 1228 845 1260 Cf.
871 1234 980 1261 cacas-

306 1284 341 1306 co
368 1283 405 1305 us

266 1285 388 1359 specius
403 1317 445 1348 de
461 1315 571 1348 canali
585 1316 817 1355 subterraneo,
833 1317 872 1347 A.
887 1320 918 1347 5.
934 1316 979 1347 cf.

308 1362 350 1393 ad
364 1362 405 1393 C.
425 1363 456 1400 3,
473 1362 513 1391 49

264 1405 407 1448 Spiritus
429 1415 545 1437 sensus
568 1404 688 1444 animi,
712 1404 802 1435 fastu
834 1404 980 1436 ferocia-

305 1461 371 1492 que
402 1449 508 1491 pleni,
548 1450 586 1481 C.
612 1451 644 1488 3,
668 1451 722 1480 72.
741 1448 828 1482 unde
842 1450 979 1490 spu-ilus

306 1503 452 1532 sumere,
470 1496 498 1532 l,
513 1495 566 1524 33.
590 1497 623 1532 2,
639 1496 657 1524 4

263 1540 435 1570 stabilitas
457 1538 622 1580 peditum,
647 1535 775 1568 tardior
803 1540 927 1575 motus,
946 1540 977 1575 4,

305 1584 359 1614 33.
383 1583 428 1614 cf.
454 1583 624 1615 mobilitas

263 1628 473 1665 statumina,
500 1632 603 1658 costae
634 1624 786 1663 navium,
819 1635 907 1666 quae,
941 1631 976 1656 ut

304 1671 498 1710 statumina,
523 1670 562 1710 (i.
578 1681 610 1702 e.
643 1669 845 1711 pedamenta
871 1669 973 1700 s.ad-

305 1713 736 1755 minicula,quibus‘vites
761 1712 978 1753 fulciuntur)

305 1770 325 1791 e
341 1759 468 1792 carinae
483 1765 623 1800 utroque
638 1758 744 1789 latere
757 1757 878 1789 adfixae
889 1763 977 1795 sunt,

302 1804 339 1836 C.
361 1806 388 1842 l,
402 1806 445 1835 54

260 1850 376 1881 Status
389 1847 580 1880 commodus
592 1855 720 1883 rerum,
749 1846 781 1884 7,
794 1845 825 1875 6.
851 1854 905 1876 res
929 1849 975 1876 est

299 1904 336 1925 eo
348 1896 452 1930 statu,
470 1893 501 1929 6,
522 1892 558 1921 12

260 1938 364 1969 Stilus
376 1945 494 1973 caseus,
519 1934 552 1965 in
565 1938 752 1965 castrorum
769 1931 975 1971 munitione,

259 2026 426 2058 Stimulus
442 2024 474 2055 in
488 2021 683 2059 obsidione,
699 2021 730 2058 7,
747 2021 788 2050 73

259 2069 487 2111 Stipendium,
498 2067 676 2104 tributum,
697 2063 788 2106 quod
807 2062 887 2095 victi
903 2065 972 2096 sol-

304 2117 397 2150 vunt,
419 2115 446 2148 l,
460 2114 514 2148 36,
530 2113 590 2143 44:
630 2109 719 2140 unde
730 2109 971 2150 stipendiarius

300 2157 460 2199 populus,
494 2158 523 2194 1,
551 2157 604 2189 30.
630 2155 684 2184 36.
710 2163 743 2183 v.
769 2152 812 2183 ad
836 2152 891 2184 Af.
915 2155 970 2184 20.

301 2203 376 2243 stip.
405 2205 570 2237 occat-um,
596 2207 704 2229 annus
720 2201 876 2235 octavus,
900 2207 971 2238 quo

298 2245 377 2287 quis
392 2244 493 2276 miles
513 2249 577 2282 est,
593 2246 625 2281 8,
643 2244 662 2273 8
826 2268 828 2270 ,

259 2291 375 2321 Storia
388 2288 443 2319 vel
456 2294 576 2327 storea,
600 2286 703 2328 vulgo
721 2289 813 2326 teges
827 2297 846 2317 e
858 2283 972 2327 juncis

300 2339 360 2365 aut
376 2331 562 2371 similibus,
591 2331 660 2369 sed,
689 2330 730 2362 C.
752 2332 785 2368 2,
799 2332 833 2361 9.
849 2340 868 2360 e
884 2329 973 2362 funi-

300 2377 367 2409 bus
382 2376 581 2409 ancorariis.
596 2387 616 2407 a
632 2376 752 2419 στοξεῖν,
763 2379 914 2422 sternere

258 2425 454 2455 Stramenta
479 2422 665 2459 mulorum,
687 2429 827 2452 sarclnae
843 2417 887 2450 iis
906 2417 971 2450 im-

301 2465 435 2508 positae,
461 2464 613 2504 clitellae,
637 2475 691 2503 ea,
725 2463 854 2505 quibus
884 2462 969 2494 muli

301 2511 538 2548 insternuntur,
566 2511 596 2548 7,
627 2512 681 2541 45.
710 2508 781 2540 vid.
811 2507 972 2548 exempla

299 2553 459 2596 quaedam
480 2558 514 2584 et
537 2553 686 2595 Apuleio
708 2553 800 2594 apud
827 2550 972 2583 Ciacco-

297 2598 393 2630 nium
409 2603 442 2628 et
458 2597 680 2639 Oudendorp.
702 2597 746 2627 ad
762 2597 796 2628 h.
809 2597 835 2627 l.
849 2595 971 2627 Lectio

301 2648 414 2674 tamen
437 2641 544 2673 dubia
568 2647 619 2673 est
643 2647 677 2673 et
691 2639 800 2672 voluit
828 2639 971 2672 Ursinus

298 2686 367 2728 legi
389 2686 617 2728 ferramenta,
647 2685 756 2718 male:
780 2684 972 2718 Hotoman-

245 2734 250 2737 “
299 2741 362 2762 nus
375 2735 501 2770 strata,
513 2730 606 2772 quod
621 2729 700 2763 ferri
717 2733 829 2770 potest

256 2776 496 2808 stramenticia
511 2778 604 2813 casa,
619 2774 666 2806 H.
687 2775 726 2806 16

1680 140 1765 184 667

1053 270 1207 300 Stratum
1246 266 1406 309 (mensis)
1437 267 1658 300 caenaculum.
1696 268 1765 300 vid.

1093 312 1136 342 ad
1153 312 1192 343 C.
1209 314 1240 349 3,
1257 314 1300 344 96

1053 356 1188 386 Str-uere
1203 359 1326 397 copias,
1346 354 1457 387 aciem
1473 355 1649 392 instruere,
1677 355 1718 387 C.
1735 358 1766 387 3.

1097 401 1151 429 37.
1175 400 1219 431 cf.
1237 400 1462 440 Oudendorp.
1477 399 1533 437 ad,
1550 398 1590 429 C.
1613 401 1643 437 1,·
1657 399 1701 429 43

1054 443 1195 474 Studere
1209 445 1389 481 memoriae,
1403 451 1479 474 eam
1494 451 1664 480 exercere,
1679 442 1711 480 6,
1729 444 1766 474 14

1055 486 1124 516 Sub
1137 489 1282 518 sarcinis
1293 497 1372 525 esse,
1388 489 1420 522 2,
1441 488 1492 517 17.
1516 488 1547 524 3,
1562 488 1616 518 24.
1645 484 1697 517 Af.
1714 488 1768 517 75.

1098 534 1155 559 aut
1184 531 1244 561 sub
1274 540 1374 562 onere
1403 540 1481 568 esse,
1526 529 1566 561 C.
1595 531 1624 568 1,
1642 530 1695 560 66.
1726 530 1768 561 de

1098 571 1279 611 militibus.
1293 573 1351 614 qui
1367 572 1515 605 sarcinas
1531 577 1673 615 gestant.
1698 574 1769 605 Sub

1098 618 1216 654 armi-e,
1231 622 1391 653 armatus,
1415 617 1448 648 in
1465 617 1579 656 armis,
1607 617 1647 648 C.
1669 618 1699 656 l,
1715 619 1770 656 41,

1097 662 1152 691 42.
1176 659 1236 690 sub
1251 665 1372 700 septem
1389 661 1555 692 trionibus·
1568 662 1709 702 positus,
1734 658 1766 691 in

1098 703 1201 744 plaga
1234 708 1405 744 septemtr.
1435 706 1462 742 l,
1481 706 1533 735 16.
1559 705 1620 736 sub
1645 705 1767 735 remilla

1098 749 1199 784 mitti,
1223 757 1301 778 cum
1319 746 1459 785 vexillo,
1472 748 1562 788 quod
1581 746 1769 789 praefertur,

1097 792 1128 829 6,
1160 792 1212 821 36.
1236 792 1296 822 sub
1323 791 1423 828 kosle,
1457 791 1513 821 Af.
1542 792 1595 822 51.
1628 790 1764 823 videtur

1095 845 1182 872 esse,
1205 845 1311 876 prope
1329 834 1476 865 hostem.
1524 832 1578 865 Sic
1591 835 1652 866 sub
1666 834 1769 873 vdllo,

1094 879 1149 916 ad,
1166 889 1272 919 prope
1287 879 1425 916 vallum,
1453 880 1484 916 6,
1501 880 1555 908 37.
1571 877 1615 909 cf.
1631 887 1766 911 manus.

1093 923 1192 962 pellis

1052 965 1245 997 Subducere
1270 967 1305 995 in
1328 967 1456 1003 collem,
1482 975 1613 996 sursum
1636 965 1770 1005 ducere,

1100 1012 1128 1046 l,
1145 1012 1199 1048 22,
1222 1012 1277 1041 24.
1301 1010 1396 1040 subd.
1422 1019 1527 1040 nat-es
1555 1012 1593 1040 in
1615 1010 1768 1049 aridum,

1094 1058 1151 1084 aut
1167 1051 1380 1094 simpliciter,
1391 1052 1488 1083 subd.
1501 1061 1604 1083 naves
1614 1054 1667 1084 vel
1680 1055 1769 1085 clas-

1092 1107 1176 1136 sem,
1191 1098 1321 1137 ἀνοίγειν,
1338 1101 1371 1134 4,
1386 1098 1442 1128 29.
1467 1099 1499 1135 5,
1519 1096 1616 1134 ],1],
1639 1097 1693 1129 Af.
1710 1099 1765 1129 62.

1094 1141 1139 1172 cf.
1156 1141 1318 1173 deducere

1051 1185 1199 1223 Subesse,
1227 1184 1458 1226 propinquum
1489 1193 1576 1223 esse,
1605 1186 1635 1222 1,
1652 1187 1706 1216 25.
1734 1188 1767 1225 5,

1093 1231 1147 1261 29.
1172 1230 1212 1261 C.
1234 1232 1261 1268 1,
1275 1231 1316 1260 65
1782 1258 1785 1261 .

1051 1273 1238 1314 Subforlere
1274 1283 1411 1314 equum,
1455 1281 1584 1313 equum
1624 1272 1766 1305 alterius

1094 1317 1193 1349 hasta
1210 1323 1270 1348 aut
1296 1316 1435 1348 stimulo
1453 1324 1602 1357 pungere
1625 1321 1662 1347 ut
1679 1317 1767 1349 fero-

1094 1361 1163 1393 ciat
1179 1367 1213 1392 et
1224 1360 1391 1399 calcitret,
1407 1368 1643 1401 sessoremque
1659 1371 1766 1394 excu-

1092 1405 1165 1442 tiat,
1183 1409 1214 1444 4,
1235 1407 1272 1436 12

1051 1451 1208 1489 Subiecta
1236 1450 1398 1481 Armenia
1424 1450 1540 1491 Reqno
1560 1448 1767 1489 Pharnacis,

1093 1493 1216 1531 vicina,
1234 1495 1274 1525 A.
1291 1496 1333 1524 35

1050 1539 1295 1579 Subjectissime
1311 1538 1416 1578 loqui,
1447 1536 1531 1568 infra
1547 1535 1763 1579 dignitatern,

1094 1581 1284 1619 humiliter,
1300 1580 1340 1612 C.
1363 1581 1391 1619 1,
1409 1583 1450 1612 81

1048 1627 1229 1667 Subjieere,
1256 1623 1454 1664 subornare,
1483 1626 1524 1657 C.
1546 1628 1574 1665 1,
1592 1627 1644 1657 33.
1673 1623 1760 1657 inter

1089 1670 1173 1702 duas
1199 1680 1251 1701 res
1275 1668 1425 1700 medium
1449 1669 1534 1710 quid
1557 1668 1762 1711 transjicere,

1094 1716 1122 1753 1,
1138 1714 1444 1755 26.subj.le9ioues
1459 1716 1589 1753 castris,
1606 1712 1761 1755 proxime

1088 1763 1199 1790 castra
1216 1758 1351 1795 ducere,
1366 1758 1397 1795 3,
1413 1757 1468 1795 37,
1485 1759 1538 1789 56.
1554 1758 1760 1799 salviae-iem

1088 1803 1241 1841 collibus,
1266 1801 1310 1832 ad
1338 1799 1480 1832 collium
1503 1801 1638 1833 radices
1651 1801 1759 1832 addu-

1088 1856 1176 1884 cere,
1189 1845 1227 1876 C.
1246 1848 1277 1883 3,
1293 1846 1347 1876 84.
1363 1844 1447 1885 ¹subs
1461 1856 1494 1876 se
1510 1847 1591 1884 loco,
1619 1845 1661 1876 ad
1677 1851 1758 1876 eum

1087 1892 1262 1926 accedere,
1292 1888 1332 1920 C.
1360 1891 1392 1926 3,
1422 1891 1476 1919 85.
1493 1891 1581 1930 subj.
1610 1891 1756 1930 naviga-

1087 1937 1211 1966 [ionem
1227 1935 1341 1971 liiemI,
1354 1941 1523 1973 exponere
1539 1932 1602 1965 iter
1621 1931 1758 1964 casiBus

1086 1977 1211 2009 hiemis
1225 1976 1377 2015 incertis,
1390 1979 1423 2015 4,
1441 1978 1482 2007 36
1633 1980 1637 1983 '

1045 2024 1175 2059 Sabim,
1205 2021 1380 2058 accedere,
1402 2023 1433 2059 2,
1463 2024 1518 2051 25.
1553 2021 1586 2058 8,
1620 2021 1670 2051 15.
1709 2020 1756 2052 cf.

1083 2066 1255 2107 succedere

1043 2111 1199 2142 Subilum
1211 2109 1400 2146 constitum,
1424 2109 1457 2146 3,
1474 2110 1494 2138 8

1043 2155 1242 2187 Sublevatas
1259 2153 1350 2193 juba
1379 2149 1553 2193 equi,qui,
1581 2149 1753 2191 prehensa

1080 2197 1175 2241 juba,
1195 2196 1375 2231 attollitur,
1386 2201 1418 2226 et
1432 2205 1525 2227 exea
1543 2194 1695 2235 pendens
1707 2194 1753 2226 ab

1084 2253 1173 2284 equo
1190 2245 1352 2283 portatur,
1372 2241 1399 2277 1,
1416 2242 1458 2271 48

1042 2288 1191 2324 Sublica,
1219 2284 1321 2322 trabs,
1351 2283 1424 2315 solo
1454 2282 1570 2321 infixa,
1603 2281 1750 2314 fulcrum

1084 2329 1210 2373 pontis,
1223 2332 1255 2368 4,
1275 2329 1311 2359 17
1699 2370 1702 2371 ⁷

1041 2375 1218 2412 Subluere,
1240 2373 1307 2404 ima
1322 2377 1416 2414 parte
1439 2371 1589 2410 adluere,
1603 2374 1641 2401 ut
1656 2380 1753 2402 mon-

1082 2425 1149 2451 tem
1167 2419 1302 2461 flue-Ius
1322 2417 1460 2455 subluit,
1483 2417 1514 2454 7,
1530 2417 1583 2447 60.
1605 2414 1645 2445 C.
1664 2416 1696 2453 3,
1706 2415 1750 2446 97

1040 2464 1243 2501 Suhmtssus,
1256 2460 1317 2503 qui
1334 2459 1420 2492 nihil
1433 2459 1547 2497 audet,
1561 2464 1596 2490 et
1618 2457 1751 2500 patien-

1080 2513 1131 2539 ter
1142 2506 1327 2548 imperium
1343 2505 1479 2546 perfert,
1493 2506 1524 2542 8,
1541 2505 1578 2533 31
1687 2544 1690 2545 ⁷

1040 2552 1240 2584 Submittere
1267 2550 1468 2586 subsidium,
1498 2550 1531 2586 2,
1561 2549 1616 2578 25.
1642 2546 1751 2578 subm.

1081 2595 1242 2633 subsidio,
1257 2597 1288 2632 2,
1301 2595 1332 2624 6.
1348 2591 1437 2632 (ubi,
1450 2602 1481 2623 c.
1494 2593 1526 2622 7.
1537 2595 1754 2632 permutatur,

1081 2640 1212 2671 mittere
1223 2637 1400 2675 subsidio),
1416 2639 1448 2674 5,
1464 2638 1505 2666 58

1040 2684 1202 2721 submoti,
1221 2680 1395 2713 discedere
1408 2679 1536 2717 coacti,
1555 2680 1584 2718 1,
1600 2681 1642 2709 25

1041 2728 1213 2759 Subruere
1249 2729 1402 2763 murum,
1438 2723 1562 2760 cedere
1599 2720 1752 2768 dolabra,

1084 2769 1194 2804 donec
1207 2769 1415 2807 collabatur,·
1428 2771 1460 2808 2,
1478 2764 1510 2800 6.
1533 2765 1688 2801 Dolab'ra
1701 2772 1752 2801 est
