1946 3261
596 216 714 261 LIB.
749 217 788 263 Ι.
852 217 991 261 CAP.
1023 217 1214 261 30-32.
1575 214 1657 258 281

175 337 267 388 bet,
302 355 446 399 neque
483 340 708 384 adfectum
744 339 994 383 valetudine
1026 338 1165 382 filium
1193 352 1409 399 exponere
1436 337 1480 382 in
1501 336 1664 382 terram

175 397 371 455 patitur;
402 400 478 442 sed
498 399 679 443 sublatis
699 399 866 443 ancoris
885 397 1090 441 excedere
1106 415 1156 440 eo
1177 398 1276 442 loco
1295 398 1431 458 cogit.

233 457 306 500 32.
343 458 424 502 His
445 459 576 502 rebus
597 458 818 510 confectis,
850 457 1011 506 Caesar,
1052 464 1103 498 ut
1124 456 1344 514 reliquum
1365 466 1454 501 tem
1488 472 1538 500 us
1558 471 1584 499 a
1603 455 1666 499 la-

176 515 283 560 bore
299 518 684 566 intermitteretur,
717 516 873 559 milites
896 516 939 559 in
960 515 1161 574 proxima
1193 515 1430 574 municipia
1491 514 1663 559 educit:

177 573 267 631 ipse
288 577 344 619 ad
361 577 517 619 urbem
538 575 842 634 proficiscitur.
907 575 1076 618 Coacto
1109 574 1294 623 Senatu,
1332 574 1509 632 injurias
1531 573 1669 617 inimi-

176 647 328 678 corum
369 642 689 684 commemorat,
731 634 878 684 docet,
923 641 952 660 “
976 650 1019 676 se
1059 632 1231 675 nullum
1271 633 1668 677 extraordinarium

178 692 437 737 “honorem
465 693 697 751 adpetisse,
730 693 804 736 sed
831 700 1084 752 exspectato
1104 690 1302 750 legitimo
1319 698 1518 749 tempore
1552 693 1667 735 Con-

178 756 208 775 “
231 753 413 802 sulatus‚
449 767 501 794 eo
523 752 652 794 fuisse
673 760 945 802 contentum,
983 751 1105 810 quod
1136 749 1337 793 omnibus
1356 748 1526 792 civibus
1546 759 1667 808 pate-

178 815 207 834 “
231 818 323 854 ret:
358 811 496 853 latum
534 811 590 854 ab
628 810 777 853 decem
811 811 1017 854 Tribunis
1050 810 1208 869 plebis,
1238 817 1392 852 contra
1422 807 1669 852 dicentibus

178 875 207 893 “
231 870 425 920 inimicis,
465 870 633 913 Catone
671 886 777 913 vero
810 870 1019 913 acerrime
1058 876 1348 928 repugnante,
1387 875 1446 918 et,
1487 866 1671 926 pristina

179 933 208 952 “
232 928 558 982 consuetudine,
596 928 770 972 dicendi
804 945 927 973 mora
957 929 1048 972 dies
1082 927 1354 977 extrahente,
1391 934 1442 968 ut
1469 926 1534 969 sui
1554 926 1669 970 ratio

177 993 208 1012 “
233 988 421 1031 absentis
455 987 709 1038 haberetur,
743 989 836 1047 ipso
868 988 1057 1032 Consule
1093 986 1323 1045 Pompeio:
1358 985 1434 1044 qui
1466 986 1500 1028 si
1524 985 1673 1044 inpro-

177 1052 207 1071 “
230 1048 390 1097 basset,
428 1063 507 1090 cur
546 1048 652 1090 ferri
686 1064 833 1106 passus
868 1051 1008 1090 esset?
1040 1047 1103 1090 sin
1138 1046 1382 1105 probasset,
1419 1059 1499 1088 cur
1527 1061 1570 1087 se
1603 1044 1673 1087 uti

179 1112 208 1130 “
233 1107 389 1166 populi
410 1104 619 1150 beneficio
638 1106 960 1165 prohibuisset?
1023 1105 1284 1148 Patientiam
1320 1104 1516 1163 iroponit
1531 1119 1671 1153 suam,

179 1171 208 1189 “
232 1182 367 1223 quum
384 1165 438 1209 de
454 1166 723 1209 exercitibus
743 1165 1011 1209 dimittendis
1032 1165 1152 1208 ultro
1175 1122 1502 1232 postuiavisset3
1525 1162 1569 1205 in
1583 1178 1672 1220 quo
1711 1209 1716 1213 ,

180 1225 444 1283 “jacturam
498 1225 724 1284 dignitatis
777 1233 910 1284 atque
961 1224 1135 1268 honoris
1174 1240 1264 1283 lpse
1308 1223 1505 1266 facturus
1545 1226 1669 1264 esset.

180 1289 210 1308 “
237 1284 537 1327 Acerbitatem
557 1285 829 1327 inimicorum
851 1284 993 1335 docet,
1018 1284 1111 1341 qui,
1140 1283 1259 1341 quod
1280 1283 1337 1326 ab
1357 1282 1499 1325 altero
1522 1289 1673 1340 postu-

183 1348 212 1367 “
237 1343 396 1392 larent,
420 1343 463 1385 in
489 1359 533 1385 se
568 1353 818 1389 recusarent
844 1352 977 1400 atque
1012 1342 1154 1385 omnia
1190 1341 1442 1400 permisceri
1474 1340 1672 1389 mallent,

183 1408 212 1426 ‘⁶
236 1418 368 1460 quam
389 1401 618 1460 imperium
637 1402 937 1459 exercitusque
955 1401 1190 1444 dimittere.
1254 1400 1461 1458 Injuriam
1482 1399 1527 1442 in
1545 1399 1674 1457 eripi-

183 1467 212 1485 “
234 1461 354 1504 endis
390 1461 636 1519 legionibus
671 1459 904 1519 praedicat:
938 1459 1245 1503 crudelitatem
1265 1467 1310 1501 et
1330 1458 1599 1502 insolentiam
1628 1457 1672 1501 in

183 1527 213 1544 ‘⁶
238 1519 641 1563 circumscribendis
662 1519 867 1562 Tribunis
901 1519 1055 1577 plebis,
1093 1518 1359 1561 conditiones
1379 1534 1404 1560 a
1435 1533 1479 1559 se
1499 1517 1608 1560 latas
1628 1525 1675 1559 et

183 1585 211 1604 “
236 1579 432 1637 expetita
470 1578 699 1636 conloquia
739 1586 784 1620 et
824 1577 932 1620 dene
966 1581 1084 1627 ata‚'’
1127 1584 1451 1619 commemorat.
1524 1583 1552 1602 ‘⁶
1581 1576 1671 1618 Pro

185 1644 215 1663 ‘⁴
239 1637 398 1696 quibus
435 1637 564 1680 rebus
597 1646 695 1680 orat
730 1653 778 1679 ac
811 1594 1021 1695 postuiau
1065 1634 1400 1694 Rempublicam
1439 1633 1677 1693 suscipiant

185 1703 215 1722 “
237 1705 371 1754 atque
393 1712 478 1738 una
512 1712 654 1739 secum
687 1695 1014 1738 administrent:
1049 1695 1113 1737 sin
1134 1695 1289 1736 timore
1310 1693 1554 1752 defugiant,
1591 1693 1677 1736 illis

186 1762 215 1781 “
240 1772 283 1799 se
304 1755 424 1798 oneri
446 1770 533 1798 non
567 1755 767 1798 futurum
788 1763 834 1797 et
868 1771 946 1814 per
977 1772 1020 1798 se
1043 1753 1382 1812 Rempublicam
1403 1752 1676 1797 administra-

186 1820 216 1840 “
240 1823 404 1858 turum.
486 1814 674 1873 Legatos
712 1815 767 1857 ad
806 1814 1062 1872 Pompeium
1104 1812 1159 1855 de
1201 1811 1513 1870 compositione
1561 1811 1679 1854 mitti

188 1881 218 1900 “
243 1883 474 1933 oportere:
517 1889 657 1932 neque
688 1890 730 1916 se
771 1873 1070 1926 reformidare,
1107 1872 1226 1930 quod
1253 1872 1296 1914 in
1327 1872 1492 1914 Senatu
1526 1871 1678 1929 paullo

186 1941 216 1959 ‘⁶
239 1941 341 1976 ante
377 1933 611 1991 Pompeius
647 1933 840 1983 dixisset,
877 1933 931 1975 ad
965 1950 1074 1992 quos
1110 1930 1241 1989 legati
1284 1930 1585 1979 mitterentur,
1629 1929 1679 1972 iis

188 2000 219 2019 “
243 1992 551 2035 auctoritatem
578 1991 791 2041 adtribui,
827 1992 1115 2050 timoremque
1134 2006 1302 2039 eorum,
1336 1989 1412 2045 qui
1434 1989 1676 2039 mitterent,

188 2059 217 2078 ‘⁶
241 2049 496 2110 significari:
532 2052 671 2095 tenuis
690 2060 824 2109 atque
843 2050 1002 2094 infirmi
1022 2051 1110 2095 haec
1132 2049 1263 2091 animi
1286 2047 1446 2091 videri:
1489 2064 1532 2090 se
1555 2063 1677 2101 vero,

187 2118 216 2137 ‘⁵
240 2119 291 2153 ut
314 2109 521 2168 operibus
542 2111 708 2154 anteire
730 2110 963 2161 studuerit,
985 2111 1044 2155 sic
1077 2107 1250 2168 justitia
1277 2115 1321 2151 et
1342 2106 1548 2168 aequitate
1566 2106 1678 2150 velle

188 2178 217 2197 ‘⁶
241 2171 492 2227 superare.'’

237 2309 280 2340 In
305 2312 446 2341 terram.
473 2306 536 2340 alii
562 2309 717 2346 interra,
747 2311 784 2338 ut
810 2305 899 2339 vell.

193 2355 227 2390 2,
243 2353 297 2384 79.

241 2398 358 2428 Coacta
383 2398 509 2429 Senam
533 2396 578 2428 ab
605 2394 754 2428 Antonio
772 2400 805 2427 et
820 2395 902 2427 Cas-

193 2439 259 2479 sio,
283 2439 449 2514 'Eribunis
474 2441 598 2482 plebis.
631 2440 699 2472 Dio
726 2439 819 2472 Cass.
848 2441 903 2479 41,

202 2486 254 2516 15.
278 2484 303 2514 ΖΙ]
324 2507 331 2514 .

239 2529 345 2570 Exsp.
361 2530 676 2572 beqitimolempore,
691 2530 726 2561 h.
736 2540 768 2560 e.
783 2529 905 2560 decen-

195 2571 257 2604 nio
274 2577 351 2613 post
367 2572 512 2613 primum
527 2573 762 2605 Consulatum.
784 2574 837 2604 M.

240 2617 290 2648 Ab
306 2617 419 2648 decem
449 2618 606 2652 Tri-bunis
628 2618 744 2659 plebis.
767 2616 843 2649 Cic.
861 2617 904 2648 ad

197 2661 267 2692 Ait.
287 2661 319 2699 7,
336 2662 366 2691 3.
394 2661 642 2693 Hotomannus.

244 2706 395 2737 Pristina
407 2705 652 2738 consuetudine.
674 2705 729 2736 Cf.
753 2704 905 2736 Gellium

197 2748 242 2781 N.
260 2749 300 2780 A.
317 2751 348 2786 4,
368 2749 419 2779 10.
445 2749 498 2779 M.
536 2749 600 2780 Pro
613 2749 682 2780 dies
698 2749 790 2780 Scal.
803 2749 906 2787 diem,

198 2794 299 2825 male.
324 2802 403 2824 nam
430 2792 544 2833 plures
572 2792 644 2824 dies
667 2791 807 2826 exemit.
852 2793 906 2825 Cf.

199 2838 349 2870 Gronov.
365 2837 408 2868 ad
423 2836 501 2868 Liv.
516 2840 570 2874 22,
590 2838 641 2869 18.

246 2883 390 2915 Consule
423 2882 592 2923 Pompeio.
653 2880 793 2916 sueton.
832 2881 904 2916 Jul-

201 2929 256 2958 28.
283 2927 375 2969 App.
391 2929 426 2965 2,
440 2929 495 2959 25.
511 2937 546 2969 p.
561 2928 638 2964 442.
661 2927 714 2960 M.

1019 2308 1111 2339 Ultro
1121 2308 1356 2350 postulavisset
1371 2305 1403 2338 in
1415 2305 1534 2345 literis,
1546 2307 1588 2338 de
1600 2304 1678 2347 qui-

969 2350 1033 2383 bus
1048 2362 1078 2382 c.
1098 2353 1125 2382 l.
1143 2357 1176 2383 et
1190 2353 1231 2383 de
1248 2352 1289 2383 B.
1306 2351 1347 2381 G.
1362 2354 1394 2390 8,
1413 2351 1475 2382 ult.
1500 2351 1551 2381 M.

1015 2396 1214 2428 Pmmt'sceri
1228 2397 1381 2427 mallent.
1406 2395 1543 2426 Mavult
1559 2392 1676 2425 Davis.

966 2443 1177 2482 permiscere.
1202 2451 1269 2472 non
1286 2450 1385 2481 opus.
1413 2438 1467 2470 Cf.
1484 2440 1517 2476 7,
1534 2440 1587 2469 60.

1017 2485 1115 2527 Erip.
1130 2485 1325 2525 leqionibus.
1371 2483 1426 2514 Cf.
1451 2485 1482 2521 8,
1508 2486 1562 2513 54.
1583 2482 1680 2513 Prae-

968 2529 1080 2561 dicare
1092 2535 1145 2560 est
1161 2539 1307 2566 narrare,
1332 2533 1368 2558 ut
1385 2527 1423 2557 B.
1440 2526 1480 2558 G.
1496 2527 1529 2563 4,
1546 2528 1599 2558 34.
1624 2526 1676 2556 M.

1018 2574 1223 2606 Circumscr.
1268 2573 1427 2604 Tribunis
1447 2571 1567 2612 plebis.
1588 2579 1623 2600 v.
1641 2579 1673 2600 c.

1018 2662 1094 2693 Illis
1121 2672 1155 2692 se>
1186 2662 1279 2693 oneri
1299 2669 1366 2691 ‘non
1385 2659 1556 2699 futurum.
1602 2656 1680 2690 Non

971 2705 1172 2747 negligenda
1194 2711 1245 2736 est
1259 2704 1407 2736 aliorum
1423 2701 1522 2733 codd.
1549 2701 1654 2733 lectio
1670 2714 1678 2732 :

970 2751 1020 2781 ille:
1047 2761 1080 2781 se
1091 2750 1184 2781 oneri
1196 2759 1263 2780 non
1280 2747 1492 2788 slefcmtrmn:
1516 2744 1593 2783 etsi,
1606 2750 1680 2777 utra

971 2794 1017 2825 sit
1031 2805 1050 2826 a
1065 2792 1207 2825 Caesaris
1219 2802 1334 2830 manu,
1351 2801 1453 2822 nemo
1471 2794 1565 2821 certo
1581 2790 1678 2821 dixe-

973 2838 1028 2870 rit.
1052 2839 1107 2870 M.
1153 2836 1301 2880 Respice
1333 2836 1376 2867 ad
1405 2845 1483 2877 cap.
1512 2837 1540 2866 l.
1573 2838 1607 2866 et
1635 2835 1679 2866 ad

975 2886 1006 2922 3,
1023 2884 1078 2914 93.

1019 2925 1189 2970 Operibus,
1204 2924 1306 2960 rebus
1319 2924 1437 2970 gestis,
1451 2928 1485 2958 ut
1500 2923 1574 2957 Liv.
1596 2925 1624 2963 l,
1643 2925 1680 2955 16
