1946 3261
16 3215 94 3261 ll*

789 157 907 220 LIB.
943 157 979 201 1.
1043 158 1184 203 CAP.
1217 158 1261 202 6.
1291 218 1297 221 ἱ
1684 157 1771 203 265

279 294 522 345 sequantur
548 284 715 330 saltem.
779 287 848 330 De
881 286 1057 344 reliquis
1080 287 1212 330 rebus
1230 285 1287 329 ad
1312 287 1526 330 Senatum
1548 285 1771 330 refertur:

282 355 378 390 tota
399 345 531 389 Italia
549 346 737 390 dilectus
771 346 1016 390 habeantur
1036 360 1046 393 ;
1079 344 1266 387 Faustus
1306 346 1434 389 Sulla
1457 346 1710 406 Propraetor
1731 346 1776 389 in

286 405 599 449 Mauritaniam
619 405 820 449 mittatur
840 421 850 455 ;
875 403 1056 464 pecunia
1072 403 1138 445 uti
1158 418 1211 445 ex
1228 403 1381 446 aerario
1397 404 1606 463 Pompeio
1626 405 1774 449 detur.

283 464 497 508 Refertur
534 465 664 508 etiam
695 465 749 508 de
784 465 905 523 Rege
940 462 970 504 J
977 461 1079 511 uba,
1116 469 1165 503 ut
1197 462 1333 504 socius
1351 463 1406 505 sit
1427 472 1562 522 atque
1582 464 1773 508 amicus:

287 523 527 567 Marcellus
548 540 654 567 vero
675 537 903 582 passurum
923 537 965 564 se
987 520 1031 563 in
1053 520 1284 579 praesentia
1306 531 1454 580 negat.
1518 523 1587 567 De
1610 523 1777 568 Fausto

283 582 467 641 impedit
491 583 735 639 Philippus,
769 580 993 624 Tribunus
1014 579 1168 638 plebis.
1202 580 1271 622 De
1286 579 1465 637 reliquis
1487 583 1618 625 rebus
1646 583 1693 626 S.
1719 583 1773 627 C.

284 641 636 700 perscribuntur,
667 639 903 697 provinciae
945 638 1128 699 privatis
1169 637 1482 692 decernuntur,
1525 639 1624 684 duae
1661 642 1776 686 Con..

282 700 465 749 sulares‚
517 698 696 756 reliquae
748 698 1000 743 Praetoriae:
1057 697 1251 757 Scipioni
1300 698 1480 741 obvenit
1529 699 1674 759 Syria,
1719 701 1774 746 L.

284 758 483 802 Domitio
524 756 683 800 Gallia.
751 757 981 818 Philippus
1023 767 1068 801 et
1108 756 1350 801 Marcellus
1386 757 1563 816 privato
1603 760 1778 803 consilio

285 824 624 878 praetereuntur‚
663 832 804 875 neque
841 834 991 861 eorum
1010 825 1147 861 sortes
1167 816 1449 874 dejiciuntur.
1513 816 1565 860 In
1587 817 1778 878 reliquas

286 875 531 938 provincias
585 875 802 920 Praetores
843 878 1098 927 mittuntur,
1149 891 1291 934 neque
1333 884 1606 936 exspectant,
1657 879 1777 935 quod

283 935 578 996 superioribus
611 936 732 979 annis
764 936 999 989 acciderat,
1026 946 1075 979 ut
1096 934 1150 979 de
1169 951 1324 979 eorum
1346 936 1530 996 imperio
1549 935 1605 980 ad
1631 936 1777 996 Popu-

285 995 376 1039 lum
412 995 597 1045 feratur,
632 995 937 1055 paludatique,
972 996 1084 1040 votis
1121 995 1400 1054 nuncupatis,
1445 1004 1619 1046 exeant,
1657 997 1780 1055 quod

284 1063 386 1100 ante
414 1054 458 1099 id
480 1062 651 1115 tempus
679 1055 902 1099 acciderat
923 1071 1178 1115 numquam.
1244 1055 1455 1099 Consules
1473 1071 1527 1099 ex
1549 1056 1658 1099 urbe
1679 1072 1780 1116 pro-

331 1199 460 1232 Sauem
475 1198 609 1231 addidit
632 1197 723 1230 Oud.
739 1207 758 1229 ε·
776 1198 878 1229 codd.
894 1203 929 1229 rt
945 1198 994 1230 sic

288 1242 525 1284 interpretatus
537 1249 585 1276 nst
600 1256 607 1274 ε
631 1243 797 1285 quidquid
812 1245 865 1280 sit,
879 1245 995 1275 saltem

288 1288 329 1319 de
344 1290 405 1319 ret.
453 1287 541 1320 Edd.
573 1288 688 1319 multae
719 1287 846 1318 babent
870 1290 997 1319 statim.

289 1330 383 1369 Quid
422 1342 516 1370 vero,
550 1331 577 1364 si
609 1332 676 1363 hoc
706 1331 849 1363 verbum
879 1333 998 1364 saltem

289 1376 452 1409 referatur
480 1377 522 1408 ad
555 1376 768 1418 superiorem
809 1375 999 1417 periodum,

289 1427 349 1451 nu!
365 1427 552 1463 sequuntur
568 1422 697 1459 saltem,
718 1420 753 1451 li.
769 1431 801 1451 c.
819 1420 937 1451 saltem
955 1418 998 1450 ab

289 1465 364 1506 ejus
382 1465 538 1507 partibus
555 1471 654 1501 stent,
683 1474 748 1496 non
776 1470 892 1496 contra
919 1474 999 1494 eum

290 1519 385 1541 arma
413 1510 562 1552 capiant,
590 1509 655 1541 etsi
685 1509 866 1541 defendere
890 1507 1002 1539 nolint

289 1564 369 1586 eum
403 1553 520 1586 armis.
553 1555 603 1586 M.
650 1553 873 1595 conjectabat
913 1552 1000 1583 Oud.

291 1598 472 1637 legendum
487 1599 614 1630 saltim..
634 1598 656 1629 i.
672 1609 704 1629 e.
721 1597 905 1634 saltuatim,
925 1607 1002 1638 rap-

291 1641 366 1674 tim.
402 1642 534 1684 Dequo
554 1641 665 1674 Vorst.
687 1642 729 1673 de
756 1641 865 1673 Latin.
880 1641 1000 1672 merito

291 1692 449 1728 suspecta
463 1697 542 1729 cap.
565 1689 615 1718 18.
663 1687 755 1718 Bene
782 1686 904 1718 Morus
927 1691 1002 1727 post

291 1731 392 1770 alios,
430 1730 490 1774 qui
530 1731 579 1762 sic
615 1732 685 1773 jum
730 1730 919 1769 edideram,
969 1729 1003 1761 id

289 1776 407 1808 saltem
426 1774 634 1818 jungendum
653 1775 787 1817 judicat
804 1777 846 1814 τῷ
858 1785 1003 1816 sequan-

290 1826 357 1852 tur.
383 1819 453 1852 Nec
470 1820 592 1859 dubito
610 1821 676 1852 hoc
696 1819 741 1852 ita
758 1820 850 1851 dure.
877 1819 1003 1851 Probat

292 1870 325 1897 et
339 1864 451 1896 Bentl.

339 1909 533 1952 Propraeeor
547 1915 598 1941 cst
616 1906 815 1941 emendatio
833 1907 909 1939 Ami
928 1907 1003 1939 Ma-

294 1953 382 1985 nutii
400 1965 407 1984 ε
434 1953 468 1985 in
486 1953 586 1986 MSS.
602 1953 766 1985 omnibus
786 1959 818 1983 ct
835 1953 912 1984 cdd.
933 1952 1002 1994 pri-

295 1997 364 2029 mis
375 2009 518 2040 propere
534 1997 670 2039 legitur.
696 1997 785 2029 Oud.
811 1997 911 2038 Apud
928 1996 1003 2028 Cic.

297 2042 367 2084 Ep.
381 2042 425 2074 ad
443 2043 511 2074 Att.
527 2045 560 2080 9,
580 2045 607 2074 l.
642 2043 853 2084 Proquoeseor
867 2041 1005 2079 dicitur,

296 2086 354 2117 sed
372 2091 406 2117 et
422 2085 471 2118 ibi
490 2086 598 2118 forsan
618 2087 809 2127 Prapraetnr
824 2085 1004 2126 legendum

296 2130 484 2162 hariolatur
503 2130 657 2169 Vossius,
687 2129 721 2162 ni
750 2130 895 2162 senatus
923 2139 1006 2161 con-

297 2174 398 2213 sulto,
413 2185 494 2214 non,
511 2182 548 2206 ut
562 2174 709 2213 videtur,
724 2173 927 2215 perscripto,
941 2185 1003 2215 pro

299 2220 467 2255 Quoestore
490 2218 534 2251 sit
562 2219 702 2250 missus.
728 2217 816 2249 Vide
830 2228 909 2260 qum
925 2228 1004 2249 mox

296 2270 494 2306 sequuntur.

344 2310 389 2341 In
427 2309 698 2341 Mauritaniam.
739 2305 930 2348 propriam,
969 2313 1007 2338 ut

296 2351 443 2391 videtur,
464 2359 499 2384 ut
517 2353 633 2393 Reges
648 2351 825 2383 Bocchum
842 2357 874 2382 et
892 2351 1006 2388 Bogu-

297 2396 378 2428 dem
394 2407 413 2428 a
429 2396 577 2429 Caesaris
598 2396 757 2438 partibus
778 2394 1004 2427 abstraheret.

303 2440 383 2472 vid.
401 2440 516 2474 Noris.
528 2440 649 2472 Cenot.
663 2440 737 2472 Pis.
753 2450 788 2480 p.
803 2441 879 2471 936.

347 2485 509 2524 Primus,
538 2495 606 2517 non
637 2482 899 2522 Consularibus,
936 2492 1004 2516 non

300 2529 488 2561 Praetoriis.
502 2529 573 2561 vid.
596 2539 628 2561 c.
651 2532 706 2562 85.
738 2528 876 2561 Monuit
891 2527 1006 2560 Cella-

295 2573 380 2605 rius.
405 2574 456 2605 M.

347 2618 539 2659 Philippus,
573 2616 656 2659 quia
691 2616 836 2650 Caesaris
873 2616 1006 2656 adfinis,

298 2660 442 2694 vitricus
456 2661 639 2693 Octaviani
655 2660 731 2693 fuit.
761 2662 901 2694 Sueten.
916 2662 1006 2703 Aug.

301 2717 379 2748 cap.
396 2708 427 2738 8.
454 2706 576 2738 Cellar.
595 2706 659 2737 Pro
676 2706 866 2738 Man-ellus
880 2705 1009 2737 habent

302 2750 458 2793 plerique
472 2750 575 2781 codd.
590 2754 626 2781 et
639 2749 719 2781 edd.
735 2752 840 2783 Cotta.
864 2750 956 2793 Ergo
970 2750 1005 2782 in

301 2795 368 2827 hoc
399 2794 539 2827 nomine
571 2793 700 2826 incerta
725 2799 777 2825 est
808 2794 924 2826 lectio.
956 2795 1004 2827 M.

303 2838 526 2881 Vossiuslegi
543 2839 663 2870 suadet
680 2838 914 2872 Maroellinus.
936 2839 1005 2871 Hic

299 2883 433 2918 scilicet
469 2883 635 2918 Lentulus
667 2882 894 2924 Marcellinus
922 2883 1007 2917 Phi-

1065 1197 1155 1239 lippi
1173 1196 1319 1237 conlega
1338 1196 1450 1230 suita.
1468 1207 1502 1229 u.
1519 1198 1594 1229 698.
1642 1198 1698 1230 Isti
1717 1209 1779 1231 au-

1065 1249 1134 1275 tem
1173 1241 1340 1273 Consules
1380 1241 1412 1274 in
1452 1241 1654 1284 provincias
1688 1254 1779 1275 anno

1066 1287 1221 1328 sequenti
1239 1297 1304 1318 non
1322 1292 1397 1318 sunt
1424 1286 1586 1328 profecti,
1611 1287 1694 1329 quia
1719 1299 1778 1320 cas

1065 1331 1236 1362 Gabinius
1251 1338 1285 1362 et
1299 1332 1413 1362 Caesar
1427 1331 1631 1363 obtinebant
1651 1344 1660 1371 ;
1686 1342 1774 1364 nunc

1065 1382 1179 1406 nutem
1218 1386 1336 1407 eorum
1378 1375 1466 1407 ratio
1497 1382 1569 1408 emt
1608 1376 1779 1416 habenda,

1063 1419 1156 1460 quod
1175 1430 1241 1451 non
1262 1419 1418 1461 placebat
1433 1419 1670 1461 Pompeianis.

1114 1465 1251 1496 Pru-ato
1266 1466 1410 1496 cons-ilio.
1442 1464 1631 1496 Paucorum
1655 1465 1779 1498 volun-

1067 1514 1149 1540 tate.

1105 1553 1269 1584 Praetaree
1284 1555 1474 1586 mittuntur.
1489 1552 1635 1595 Pighius
1646 1554 1780 1586 mavult

1070 1596 1234 1629 Prael‘nv'i.

1118 1641 1168 1671 ,m
1190 1640 1428 1681 Pop-seratur.
1474 1640 1529 1672 Sic
1549 1641 1581 1672 in
1598 1642 1699 1673 codd.
1714 1642 1778 1675 bo-

1070 1684 1136 1716 nis.
1156 1685 1270 1722 Vulgo
1286 1685 1466 1725 referatur.
1482 1692 1515 1716 ut
1532 1685 1565 1717 in
1578 1696 1660 1728 epp.
1670 1687 1777 1719 Coelii

1069 1730 1112 1760 ad
1128 1728 1201 1761 Cic.
1215 1730 1258 1761 ad
1274 1730 1354 1761 fani.
1369 1733 1402 1767 8,
1421 1736 1453 1761 δ.
1477 1730 1542 1761 Sed
1560 1730 1644 1762 bene
1662 1738 1780 1763 monet

1070 1773 1248 1805 Manutius
1265 1773 1333 1805 dici
1345 1774 1438 1814 ferre
1456 1774 1503 1805 ml
1515 1786 1594 1817 pap.

1119 1819 1254 1860 Κηΐων-ρ
1270 1819 1315 1849 orl
1334 1820 1511 1851 Senatum.
1533 1819 1588 1851 Cf.
1607 1819 1721 1853 Duker
1734 1821 1775 1852 ad

1071 1862 1162 1894 Flor.
1181 1864 1212 1893 3.
1229 1865 1284 1901 21,
1300 1865 1332 1894 9.

1119 1908 1294 1946 I’alwlnti,
1309 1910 1391 1939 rotis
1403 1917 1506 1939 num.
1547 1907 1623 1940 Cic.
1648 1919 1706 1951 ep.
1729 1912 1778 1949 15,

1077 1953 1127 1982 17.
1143 1952 1185 1983 ad
1204 1953 1272 1983 Att.
1290 1955 1320 1985 11.
1342 1953 1391 1983 13.
1411 1951 1498 1983 Plin.
1515 1962 1636 1995 paneg.
1651 1964 1681 1984 c.
1694 1958 1726 1986 5.

1120 1997 1289 2031 contult-3,
1314 1996 1404 2037 quod
1418 2001 1495 2027 ante
1507 1997 1545 2027 inl
1560 2001 1583 2029 t.
1597 2007 1666 2029 arc.
1687 2008 1723 2029 π.
1738 2010 1780 2031 ει·

1070 2051 1106 2072 u.
1119 2042 1387 2081 profici-mmmm.
1413 2040 1510 2079 Haec,
1527 2040 1555 2072 si
1570 2041 1695 2082 posita,
1710 2052 1778 2074 non

1070 2085 1230 2116 videntur
1251 2096 1270 2115 a
1292 2085 1424 2115 (ja-sare
1440 2095 1527 2116 esse.
1569 2086 1705 2118 Dudum
1722 2096 1780 2119 ex-

1071 2129 1269 2166 istimaram,
1307 2127 1477 2160 excidisse
1505 2129 1659 2169 verbum,
1687 2134 1778 2174 quod

1072 2172 1237 2204 indicaret
1251 2173 1391 2204 modum
1403 2173 1638 2214 irdeffl'timum,
1652 2187 1721 2218 quo
1736 2187 1778 2209 ex

1072 2217 1158 2249 urbe
1175 2215 1318 2257 profecti
1335 2215 1416 2255 sint,
1431 2228 1511 2250 cum
1525 2218 1777 2262 Glandorpium

1071 2261 1141 2293 vidi
1170 2261 1284 2303 leg-ere
1307 2260 1477 2293 voluisse:
1514 2263 1677 2296 Similiter
1689 2265 1731 2305 (i.
1748 2277 1780 2298 e.

1072 2306 1223 2337 nondum
1248 2305 1338 2337 votis
1367 2307 1588 2349 nuncupatis)
1621 2310 1781 2341 Consules

1072 2367 1128 2382 —.
1143 2350 1191 2382 Ac
1210 2350 1277 2382 tale
1290 2349 1375 2391 quid
1389 2352 1494 2393 paulo
1505 2358 1582 2394 post
1595 2353 1779 2393 accidisse,

1073 2394 1250 2434 Plutarch,
1267 2394 1299 2425 in
1320 2396 1487 2437 Pompeio
1502 2407 1535 2428 c.
1550 2398 1588 2428 61
1609 2398 1722 2436 refert,
1745 2405 1780 2430 et

1074 2438 1107 2470 in
1122 2437 1210 2471 Caes.
1225 2450 1257 2471 c.
1274 2440 1327 2471 34.
1367 2440 1500 2472 Eodem
1523 2440 1630 2473 tendit
1643 2442 1780 2484 conjec-

1071 2490 1145 2516 tura
1159 2484 1249 2516 Oud.
1264 2493 1340 2525 quae
1356 2483 1429 2516 haec
1445 2490 1496 2516 est
1510 2496 1519 2515 ι
1539 2486 1780 2529 paludatique,

1071 2529 1152 2561 vocis
1174 2539 1243 2560 mn
1266 2531 1487 2570 nuncupatis‚'
1500 2530 1660 2561 Conmles
1673 2547 1719 2552 —
1731 2548 1777 2554 -

1065 2574 1338 2615 proficiscuntur.
1376 2573 1428 2604 M.
1477 2572 1620 2604 Vossius
1658 2575 1776 2615 verba,

1071 2618 1161 2658 quod
1174 2634 1219 2640 —
1231 2626 1427 2657 nunquam,
1452 2627 1472 2649 e.
1498 2616 1650 2658 margine
1666 2617 1778 2662 inrep-

1072 2661 1156 2693 sisse
1172 2666 1282 2703 putat.
1305 2661 1464 2693 Petavius
1476 2671 1517 2693 ea
1528 2669 1681 2695 removet
1698 2671 1778 2705 post

1068 2706 1274 2747 lictoresque.
1330 2705 1491 2737 Davisius
1526 2705 1671 2738 locanda
1700 2714 1778 2741 ante

1073 2751 1233 2783 Consules
1245 2755 1371 2781 censet.
1395 2750 1477 2781 flaec
1491 2759 1572 2781 vera
1586 2750 1656 2782 loci
1667 2752 1778 2785 medi-

1068 2794 1159 2832 cina,
1172 2804 1274 2836 quam
1291 2793 1433 2835 recipio.
1473 2793 1512 2824 Τὸ
1524 2800 1645 2828 exeant
1658 2807 1678 2828 e
1695 2799 1776 2830 cod.

1069 2839 1185 2872 Ursini
1201 2837 1546 2882 deditGland2Vulgo
1560 2845 1635 2873 erat
1645 2848 1777 2879 exeunt.
