1946 3261
349 233 438 277 610
633 228 959 274 MANTISSA
991 226 1537 272 OBSERVATIONUM

360 355 613 414 Excipit—
627 356 797 400 clamor.
863 354 970 398 Cod.
1012 354 1121 412 Reg.
1156 353 1258 397 item
1291 353 1422 397 editio
1459 352 1584 396 Rom.
1623 359 1667 394 et
1703 349 1809 394 Ven.

417 415 515 458 eoeci
547 414 646 458 itur.

359 474 402 526 8,
434 475 476 517 3.
507 429 795 530 affectisque.
817 489 857 516 v.
879 472 1027 515 Heins.
1051 471 1105 514 ad
1128 471 1257 514 Ovid.
1285 472 1464 514 Metam.
1480 472 1523 520 3,
1547 469 1631 512 726

360 532 404 582 8,
425 532 468 576 4.
492 534 648 589 proedoe
669 533 856 575 nomine.
909 530 981 573 Sic
999 538 1044 572 et
1064 530 1107 580 7,
1129 530 1196 572 89.
1228 538 1271 572 et
1294 530 1414 571 Suet.
1438 530 1532 572 Jul.
1552 529 1626 571 48.

360 590 404 641 8,
426 591 467 633 5.
499 591 548 633 in
571 597 679 634 tecta
693 616 752 624 —
771 589 971 645 contegit.
1034 588 1179 632 Bentl.
1201 588 1324 632 malit
1344 588 1569 645 compegit.

358 649 402 700 8,
425 649 465 691 9.
482 650 624 706 portis
627 649 751 707 fores
763 647 968 705 inposuit.
1003 645 1206 705 Ineptum
1221 647 1299 689 hoc
1315 646 1486 689 videtur
1507 646 1535 688 J
1539 645 1679 689 urinio
1695 643 1819 687 adeo-

420 723 506 764 que
539 707 626 767 legi
655 708 781 765 jubet
810 707 963 749 ericios
993 705 1202 762 inposuit,
1233 714 1284 748 ut
1305 706 1348 755 3,
1371 705 1440 747 67.
1474 705 1638 748 Verum
1656 712 1701 747 et
1722 702 1818 745 Liv.

424 766 463 817 l,
492 765 555 808 14.
576 776 620 809 et
639 767 711 815 28,
734 766 771 808 6.
795 764 919 822 fores
937 780 963 805 a
974 762 1103 822 porta
1123 764 1363 821 distinguit.

357 825 402 874 8,
431 824 493 866 12.
526 825 709 869 insidias
728 851 785 858 —-
809 822 993 866 insidiis.
1058 824 1148 865 Suo
1180 838 1297 865 more
1330 822 1397 864 hic
1427 828 1656 880 argutatur
1691 820 1823 864 Bent-

418 882 539 925 leius.

358 942 403 991 8,
433 941 495 982 13.
523 940 704 997 pudore.
769 940 871 982 Non
895 940 1051 998 probat
1074 940 1304 982 Bentleius.

358 1000 403 1049 8,
432 998 494 1041 14.
525 998 688 1041 viribus
708 998 950 1057 inferiores.
1007 999 1078 1041 Sic
1097 1007 1140 1041 et
1163 998 1289 1040 Ovid.
1313 998 1490 1040 Metam.
1514 997 1557 1047 4,
1580 997 1679 1040 652.

360 1057 529 1102 Palude
542 1057 754 1114 inpedita,
777 1065 858 1099 etc.
894 1057 1036 1100 Bentl.
1056 1057 1160 1101 velit
1180 1071 1273 1100 cum
1287 1072 1334 1114 p.
1349 1057 1443 1114 inp.
1464 1071 1490 1100 a
1507 1055 1655 1099 castris
1686 1061 1822 1098 castra

422 1115 563 1157 dividi
579 1115 948 1158 animadverteret.

361 1174 403 1224 8,
432 1174 494 1215 17.
527 1173 781 1216 conlocarat.
813 1174 842 1216 J
848 1173 960 1216 urin.
981 1175 1236 1225 conlocaret,
1258 1173 1447 1218 nondum
1465 1173 1578 1217 enim
1597 1172 1642 1216 id
1665 1173 1825 1216 factum

419 1239 528 1282 erat,
551 1231 623 1273 sed
646 1232 858 1274 futurum.
886 1233 1008 1275 bene.

361 1290 405 1340 8,
434 1289 496 1332 19.
531 1290 730 1332 eoecedere
744 1290 901 1347 proelio
922 1318 979 1323 —
994 1297 1144 1348 petere
1162 1316 1221 1324 —-
1234 1292 1380 1349 potuit
1401 1290 1571 1334 adduci.
1621 1289 1827 1333 Intrioeta

428 1348 650 1392 sententia.
713 1349 854 1390 Bentl.
904 1349 1011 1392 velit
1053 1350 1268 1393 excederet
1305 1376 1363 1384 —
1401 1355 1565 1407 peteret
1585 1373 1644 1381 —
1668 1353 1824 1405 posset.

421 1406 490 1449 Ita
508 1407 596 1463 jam
618 1407 706 1448 fere
727 1407 891 1448 Morus.

367 1464 658 1508 Invitantibus
678 1464 850 1517 nostris,
879 1466 937 1507 ad
955 1465 1087 1508 dedit.
1109 1475 1190 1508 etc.
1224 1466 1294 1509 Ita
1315 1466 1472 1510 rectius
1490 1464 1662 1509 omnino
1681 1463 1828 1508 distin-

419 1523 518 1580 guit
533 1522 742 1565 Jurinius.

366 1582 410 1635 8,
431 1582 501 1624 223.
532 1581 598 1623 vel
617 1588 665 1623 ut
688 1580 876 1633 insueta,
897 1589 976 1624 etc.
1041 1581 1091 1624 In
1119 1582 1321 1625 addendis
1343 1582 1459 1626 Oud.
1495 1582 1664 1626 Clarkii
1686 1580 1829 1625 lectio-

422 1655 519 1682 nem
536 1640 692 1698 probat
711 1648 754 1682 et
772 1640 812 1682 in
833 1640 898 1682 ed.
925 1648 1082 1698 poster.
1107 1650 1394 1698 repraesentat.
1449 1641 1613 1684 Contra
1634 1641 1662 1684 J
1668 1641 1832 1683 urinius

421 1699 488 1741 vel
506 1706 555 1741 ut
580 1697 754 1741 insueta
779 1714 825 1740 re
853 1715 903 1741 ex
934 1699 1158 1742 oscitantia
1189 1699 1464 1742 librariorum
1497 1708 1642 1743 ortum
1668 1715 1756 1742 esse
1780 1715 1833 1742 ex

419 1757 544 1800 vellet
580 1756 820 1812 interficere
839 1782 898 1791 ——
912 1766 956 1799 et
983 1764 1203 1814 permotus
1229 1773 1282 1800 ex
1296 1758 1442 1815 primo
1464 1757 1553 1801 ictu
1573 1758 1643 1800 vel
1664 1773 1716 1807 ex
1730 1771 1832 1814 pro-

423 1815 583 1857 hibitus
615 1815 822 1872 perhibet.
885 1814 1049 1858 Locum
1080 1831 1184 1871 ergo
1211 1816 1269 1858 sic
1291 1815 1487 1874 refingit:
1523 1830 1653 1873 quum
1672 1840 1731 1848 —
1761 1816 1833 1857 ad-

423 1873 657 1931 ripuisset;
688 1880 729 1915 et
751 1872 955 1915 Centurio
976 1873 1101 1915 vellet
1121 1874 1229 1916 lzom.
1254 1875 1404 1933 interf.
1426 1875 1620 1918 celeriter
1640 1889 1668 1918 a
1676 1872 1832 1932 famil.

426 1931 611 1975 Commii
623 1931 869 1988 prohibitus
889 1947 965 1974 con
961 1932 1097 1987 ficere
1117 1946 1204 1975 non
1220 1934 1384 1990 potuit,
1404 1943 1484 1976 etc.

369 1991 414 2043 8,
435 1991 507 2033 24.
537 1991 764 2048 diffugere.
828 1991 902 2032 Sic
922 2000 966 2032 et
986 2006 1021 2032 e.
1045 1991 1113 2034 35.

371 2050 426 2092 In
447 2049 537 2091 illis
556 2048 808 2104 regionibus
823 2055 1020 2104 praeerat.
1085 2048 1155 2091 Sic
1179 2050 1272 2092 Civ.
1296 2051 1342 2102 3,
1364 2051 1433 2093 38.
1472 2048 1594 2092 Lissi
1605 2057 1806 2108 praeerat.

371 2108 416 2160 8,
437 2108 507 2150 25.
541 2107 656 2150 cultu
681 2114 723 2149 et
738 2107 939 2165 feritate.
1005 2107 1156 2151 Potius
1174 2108 1357 2160 incultu,
1381 2123 1469 2167 qua
1490 2123 1592 2151 voce
1621 2123 1722 2150 usus
1742 2107 1835 2151 Sal-

432 2165 599 2208 Iustius.

372 2225 418 2278 8,
439 2225 509 2267 32.
543 2223 779 2267 consistunt
808 2224 856 2266 in
893 2224 1027 2281 agris.
1090 2224 1206 2267 Oud.
1230 2226 1371 2268 forsan
1393 2225 1621 2268 considunt
1639 2225 1710 2268 vel
1739 2238 1838 2268 con-

426 2282 633 2325 siderunt.
667 2281 754 2324 Sed
772 2282 812 2324 in
833 2283 1053 2334 addendis,
1077 2290 1175 2326 “ne
1201 2286 1364 2336 muta,'’
1395 2283 1437 2326 in
1471 2283 1561 2332 uit;
1601 2289 1632 2309 “
1679 2284 1839 2326 nietam

422 2341 576 2384 ¹sedem
607 2349 727 2383 notat
764 2350 859 2398 post
895 2357 1005 2400 vaga
1039 2342 1274 2386 latrocinia.
1339 2343 1407 2385 Cf.
1484 2357 1595 2386 urm.
1627 2357 1652 2385 a
1706 2341 1835 2387 Ovid.

439 2400 547 2442 Met.
585 2400 653 2451 11,
674 2399 800 2441 407.”

378 2460 423 2511 8,
444 2459 513 2500 38.
547 2458 623 2514 qui
642 2457 786 2501 omnia
801 2459 1015 2514 pericula,
1051 2467 1130 2501 etc.
1193 2459 1335 2502 Bentl.
1358 2461 1439 2502 ita:
1475 2460 1552 2518 qui
1574 2458 1720 2503 omnia
1744 2472 1840 2516 per.

440 2524 480 2558 et
501 2516 756 2560 detrimenta
772 2515 873 2559 belli
893 2516 1098 2560 Gutivato
1115 2527 1291 2575 accepta
1311 2517 1538 2576 referebat.

381 2575 515 2628 8,>4l.
564 2589 747 2632 aggeres
788 2573 1012 2618 instruere.
1086 2576 1113 2619 J
1120 2576 1229 2618 urin.
1267 2591 1480 2633 aggerem.
1550 2575 1620 2619 Cf.
1658 2574 1755 2618 Ind.
1795 2581 1839 2616 et

441 2634 627 2677 Scriver.
656 2634 710 2676 ad
732 2633 886 2691 Veget.
919 2634 965 2685 2,
994 2635 1055 2676 11.
1088 2634 1164 2677 ubi
1184 2634 1470 2679 instructores.
1533 2635 1607 2678 Sic
1629 2642 1672 2677 et
1692 2635 1737 2678 b.
1762 2631 1840 2675 Af.

440 2709 476 2734 c.
499 2693 571 2734 20.
596 2692 787 2750 officinas
792 2691 1012 2750 ferrarias
1030 2694 1251 2735 instruere.

385 2750 449 2794 Ab
469 2751 606 2794 vineis
620 2758 775 2808 agunt,
796 2759 876 2793 etc.
947 2751 1102 2794 Paullo
1121 2751 1246 2794 aliter
1266 2752 1295 2795 J
1300 2752 1412 2796 urin.
1436 2751 1660 2796 cuniculos
1681 2764 1742 2807 ag
1773 2763 1842 2791 ere
1902 2763 1906 2767 *

442 2817 485 2851 et
498 2809 638 2853 vineis
664 2816 790 2852 tectos
810 2816 951 2866 agunt
969 2810 1025 2851 ad
1044 2817 1175 2867 caput
1187 2810 1347 2868 fontis.
1410 2811 1553 2869 Magis
1571 2811 1701 2854 etiam
1718 2823 1744 2852 a
1779 2807 1842 2850 lu-

441 2866 507 2910 dit
524 2867 666 2914 Bentl.
691 2874 818 2912 tectos
836 2867 1056 2913 cuniculos
1070 2868 1233 2926 pluteis
1252 2876 1392 2927 agunt
1411 2870 1468 2914 ad
1486 2884 1522 2914 c.
1532 2869 1581 2928 f.
