1946 3261
259 235 319 278 50
668 231 750 275 DE
783 229 984 274 BELLO
1019 229 1313 274 GALLICO.

263 367 294 386 ‘⁶
317 367 448 416 atque
486 358 677 399 incusare
711 357 900 415 reliquos
930 357 1101 414 Belgas,
1140 356 1216 413 qui
1248 371 1291 396 se
1333 352 1502 411 Populo
1537 352 1732 395 Romano

266 426 295 444 “
317 415 580 459 dedidissent
600 416 872 474 patriamque
891 416 1100 458 virtutem
1121 413 1418 472 projecissent:
1461 410 1730 457 confirmare,

265 484 293 503 ‘⁶
317 486 404 516 sese
420 486 560 531 neque
584 473 749 533 legatos
764 476 978 524 missuros,
1005 489 1146 533 neque
1164 472 1298 514 ullam
1314 469 1603 513 conditionem
1619 466 1736 526 pacis

267 542 296 560 “
318 535 617 589 accepturos.”

331 592 395 633 16.
432 591 578 640 Quum
596 606 674 649 per
694 605 843 633 eorum
861 590 962 633 fines
980 590 1174 632 triduum
1191 589 1272 631 iter
1290 588 1471 637 fecisset,
1490 585 1736 630 inveniebat

264 664 317 691 ex
337 650 535 707 captivis,
571 650 720 692 Sabim
748 649 904 693 flumen
922 650 978 691 ab
1000 649 1148 691 eastris
1181 648 1265 690 suis
1294 663 1379 689 non
1402 646 1589 704 amplius
1619 643 1737 686 milia

267 724 467 765 passuum
484 707 634 750 decem
654 708 797 750 abesse
815 724 823 749 :
858 716 975 750 trans
992 707 1035 749 id
1058 707 1217 749 flumen
1234 707 1366 748 omnis
1390 705 1576 748 Nervios
1594 713 1736 745 conse-

265 767 374 809 disse
394 767 714 824 adventumque
733 766 794 808 ibi
814 766 1106 808 Romanorum
1122 772 1368 822 exspectare
1385 778 1470 805 una
1490 778 1589 804 cum
1611 762 1739 802 Atre-

267 825 445 867 batibus
480 834 525 867 et
556 824 884 873 veromanduis,
918 824 1121 866 finitumis
1152 817 1260 865 fuis:
1293 823 1409 877 (nam
1443 819 1506 862 his
1542 819 1739 875 utrisque

265 892 580 941 persuaserant,
596 883 660 924 uti
679 883 869 925 eamdem
881 882 985 925 belli
1000 883 1218 924 fortunam
1235 880 1556 938 experirentur)
1568 891 1738 935 exspec-

268 942 351 984 tari
370 942 499 983 etiam
517 942 573 983 ab
596 941 657 983 his
677 941 1010 983 Aduatucorum
1031 941 1188 998 copias,
1220 948 1352 996 atque
1381 954 1468 979 esse
1493 938 1535 979 in
1556 937 1710 979 itinere
1727 949 1736 975 :

267 1000 484 1048 mulieres,
510 1000 672 1056 quique
692 1015 771 1056 per
796 1008 967 1041 aetatem
989 999 1043 1041 ad
1062 1013 1251 1057 pugnam
1281 996 1453 1038 inutiles
1470 995 1740 1042 viderentur,

268 1059 312 1100 in
343 1069 442 1099 eum
471 1059 613 1100 locum
635 1057 874 1115 con-iecisse,
906 1074 993 1115 quo
1013 1066 1195 1116 propter
1218 1055 1399 1114 paludes
1428 1053 1637 1097 exercitui
1655 1051 1743 1094 adi-

270 1125 341 1158 tus
360 1131 443 1158 non
463 1125 584 1158 esset.

337 1174 400 1216 17.
438 1175 518 1216 His
540 1174 668 1216 rebus
689 1174 885 1231 cognitis,
920 1173 1213 1231 exploratores
1238 1172 1611 1228 Centurionesque
1640 1184 1746 1227 prae-

270 1233 422 1281 mittit,
454 1233 529 1290 qui
558 1233 699 1275 locum
727 1233 929 1274 idoneum
966 1233 1114 1273 castris
1146 1231 1354 1287 deligant.
1419 1231 1654 1286 Quumque
1693 1243 1747 1269 ex

271 1291 486 1333 dediticiis
521 1291 666 1348 Belgis
696 1291 959 1348 reliquisque
994 1290 1132 1331 Gallis
1160 1289 1418 1346 complures,
1452 1288 1664 1330 Caesarem
1683 1301 1744 1327 se-

273 1350 380 1398 cuti,
401 1362 486 1390 una
514 1350 597 1391 iter
627 1350 843 1390 facerent:
878 1347 1053 1404 quidam
1077 1363 1129 1389 ex
1148 1347 1227 1395 his,
1247 1355 1297 1388 ut
1321 1355 1469 1404 postea
1486 1361 1538 1388 ex
1568 1344 1749 1402 captivis

273 1407 496 1464 cognitum
526 1415 605 1455 est,
638 1421 787 1448 eorum
808 1406 978 1448 dierum
1000 1405 1308 1447 consuetudine
1330 1405 1492 1447 itineris
1521 1403 1655 1446 nostri
1677 1418 1745 1444 ex-

273 1466 434 1507 ercitus
465 1473 708 1522 perspecta,
740 1474 866 1507 nocte
897 1464 951 1506 ad
986 1465 1172 1506 Nervios
1202 1471 1495 1521 pervenerunt
1531 1471 1664 1519 atque
1699 1461 1748 1503 iis

273 1523 640 1571 demonstrarunt,
671 1523 784 1564 inter
806 1523 993 1580 singulas
1014 1523 1202 1580 legiones
1219 1519 1611 1579 inpedimentorum
1630 1531 1748 1575 mag-

274 1597 377 1623 num
419 1595 646 1622 numerum
679 1581 964 1629 intercedere,
996 1596 1135 1637 neque
1171 1596 1257 1621 esse
1295 1579 1533 1637 quidquam
1571 1579 1749 1636 negotii,

275 1654 411 1696 quum
432 1639 570 1696 prima
590 1638 703 1696 legio
721 1639 764 1679 in
782 1647 921 1681 castra
939 1639 1120 1681 venisset
1137 1639 1400 1695 reliquaeque
1423 1638 1609 1695 legiones
1633 1652 1750 1694 mag-

276 1713 380 1740 num
401 1697 586 1754 spatium
603 1697 815 1745 abessent,
839 1696 944 1739 hanc
975 1697 1056 1739 sub
1084 1697 1256 1739 sarcinis
1284 1695 1468 1738 adoriri:
1503 1711 1590 1752 qua
1611 1695 1750 1753 pulsa,

276 1755 660 1813 inpedimentisque
689 1754 886 1813 direptis,
919 1755 1134 1803 futurum,
1167 1763 1218 1796 ut
1255 1755 1431 1811 reliquae
1467 1762 1618 1796 contra
1655 1768 1751 1796 con-

276 1815 424 1856 sistere
454 1828 538 1855 non
578 1812 803 1855 auderent.
868 1813 1122 1870 Adjuvabat
1158 1813 1287 1854 etiam
1327 1828 1477 1854 eorum
1514 1811 1751 1861 consilium,

279 1873 354 1929 qui
375 1888 466 1914 rem
486 1871 757 1919 deferebant,
787 1872 905 1928 quod
931 1872 1083 1914 Nervii
1104 1871 1358 1928 antiquitus,
1391 1886 1526 1927 quum
1554 1870 1753 1927 equitatu

280 1930 385 1972 nihil
407 1937 594 1988 possent,
626 1930 782 1986 (neque
805 1931 916 1972 enim
937 1929 993 1972 ad
1015 1929 1093 1971 hoc
1116 1939 1288 1987 tempus
1305 1930 1342 1971 ei
1366 1929 1426 1970 rei
1445 1927 1639 1978 student,
1660 1928 1751 1979 sed,

279 1988 496 2045 quidquid
535 1996 728 2046 possunt,
777 1988 1051 2047 pedestribus
1084 1988 1229 2030 valent
1268 1987 1434 2045 copiis,)
1463 2002 1550 2045 quo
1590 1987 1756 2029 facilius

280 2046 578 2088 finitumorum
610 2047 871 2102 equitatum,
903 2047 935 2088 si
965 2046 1185 2105 praedandi
1220 2062 1364 2088 caussa
1383 2046 1437 2088 ad
1468 2061 1538 2088 eos
1556 2046 1753 2095 venisset,

281 2104 544 2162 inpedirent,
567 2105 725 2147 teneris
747 2105 975 2148 arboribus
994 2105 1130 2148 incisis
1147 2114 1279 2162 atque
1310 2104 1486 2155 inflexis,
1519 2104 1682 2147 crebris
1713 2104 1757 2147 in

332 2221 534 2253 Dedidirsent
552 2244 558 2251 .
584 2221 654 2252 Alii
669 2223 838 2255 dedissent.

1105 2224 1333 2255 Sub-sarcum.
1365 2224 1420 2255 Sic
1436 2229 1469 2255 et
1484 2228 1516 2262 3,
1535 2226 1589 2255 24.
1606 2225 1638 2261 8,
1654 2223 1708 2254 27.
1724 2227 1759 2254 et

335 2266 548 2305 Confirmat-0,
570 2266 755 2299 adfirmare.
770 2272 802 2297 ut
813 2268 902 2307 apud
918 2266 990 2298 (fic.

1057 2268 1095 2297 C.
1117 2269 1145 2298 l.
1159 2269 1210 2298 66.
1225 2268 1283 2299 sub
1298 2278 1403 2298 onere.
1420 2278 1452 2297 v.
1468 2268 1539 2298 Ind.

285 2309 328 2340 ad
346 2308 425 2338 Div.
442 2311 474 2347 6,
491 2312 521 2340 3.
535 2319 591 2349 ρῃο
603 2310 658 2339 tibi
671 2310 727 2340 hoc
738 2312 903 2349 confirmo.

336 2352 514 2383 Triduum.
561 2352 614 2383 Sic
643 2352 723 2383 boni
742 2354 842 2384 codd.
858 2361 891 2384 et
915 2355 991 2385 edd.

287 2401 343 2428 vet
370 2395 432 2426 alii
445 2396 564 2427 triduo.
581 2406 698 2436 parum
716 2395 859 2428 interest.

335 2440 551 2471 Atrebatibus.
596 2437 681 2470 Cod.
710 2439 839 2471 schotti
864 2440 992 2481 aliique

288 2483 447 2515 Atrebatis
462 2488 495 2512 et
507 2493 586 2513 mox
604 2484 861 2515 Aduatucorum.

338 2527 402 2558 His
416 2527 512 2557 rebus
524 2536 618 2566 coyn.
644 2526 712 2557 Alii
730 2529 840 2558 Coesar
852 2529 901 2558 leis·
918 2538 947 2558 r.
962 2539 991 2559 c.

291 2570 356 2601 Sed
380 2571 480 2601 codd.
504 2570 602 2600 multi
623 2576 655 2600 et
680 2571 755 2600 edd.
780 2577 845 2601 vet.
875 2582 991 2602 vocem

290 2624 364 2653 eam
378 2624 445 2644 non
461 2619 654 2654 agnoscunt,
668 2624 728 2646 nec
745 2625 845 2654 opus.

338 2658 464 2689 Eorum
487 2658 522 2688 cl.
543 2663 848 2698 con·s.-—perspecta,
869 2668 991 2698 cogno-

290 2707 406 2731 verant
446 2702 597 2737 modum,
631 2711 698 2741 quo
725 2701 891 2732 exercitus
925 2703 993 2732 Ro-

292 2754 409 2774 manus
434 2755 494 2784 per
510 2744 591 2775 illos
607 2744 678 2775 dies
695 2744 816 2775 solitus
840 2751 910 2776 erat
934 2746 994 2776 iter

292 2788 518 2828 facere,quale
525 2796 643 2829 agmen
656 2789 756 2819 Rom.
769 2788 900 2820 solebat
910 2800 994 2820 esse.

294 2831 344 2861 M.
368 2831 527 2863 Davisius
540 2831 639 2863 tacite
652 2838 685 2862 et
699 2833 786 2863 male
801 2831 907 2863 edidit
918 2844 995 2874 pro-

291 2879 408 2914 specta.
433 2874 458 2904 1.
474 2875 513 2905 (ἒ.
529 2877 573 2906 Π.
599 2875 665 2917 legi
690 2874 850 2918 praecipit
863 2887 993 2910 consue-

291 2917 402 2951 tudine
415 2922 443 2950 el
456 2919 590 2952 racione.

1105 2313 1207 2352 Atque
1220 2312 1349 2352 inflexis
1356 2311 1536 2352 crebrisque
1544 2312 1578 2342 in
1589 2311 1650 2343 lat.
1657 2312 1760 2343 ramis

1056 2357 1170 2386 enatis.
1203 2355 1236 2385 In
1255 2353 1367 2385 Ursini
1379 2354 1497 2385 codice
1510 2354 1544 2384 τὸ
1556 2355 1686 2396 inflexis·
1698 2364 1760 2395 pro

1058 2400 1169 2437 glossa
1196 2398 1296 2428 habet
1319 2400 1471 2430 curvatis.
1517 2397 1628 2429 Simili
1656 2399 1758 2429 modo

1060 2438 1214 2472 Oudend.
1240 2441 1284 2472 ab
1297 2441 1377 2472 aliis
1392 2440 1635 2483 glossatoribus
1648 2442 1761 2483 adjec-

1059 2492 1128 2516 tum
1161 2487 1274 2522 enatis,
1308 2488 1440 2523 renatis,
1465 2488 1627 2516 autumat.
1684 2485 1759 2516 Non

1059 2535 1230 2570 comparet
1252 2529 1324 2559 haec
1348 2539 1414 2560 vox
1431 2529 1464 2560 in
1488 2528 1661 2570 Scaligeri,
1683 2528 1762 2560 Lei-

1059 2572 1154 2603 densi
1171 2572 1281 2613 primo
1296 2579 1328 2602 et
1340 2572 1418 2603 aliis
1432 2573 1530 2604 codd.
1568 2572 1616 2603 Ita
1626 2578 1659 2603 et
1674 2583 1761 2613 prae-

1060 2617 1181 2648 cedens
1194 2627 1255 2656 que
1271 2616 1399 2656 ignorat
1412 2617 1488 2647 cod.
1512 2614 1668 2646 Dorvinii
1679 2626 1758 2646 cum

1060 2661 1136 2691 edd.
1156 2661 1255 2690 Rom.
1272 2659 1413 2691 Mediol.
1433 2661 1517 2691 Ven.
1539 2659 1655 2690 Deleta
1669 2665 1759 2690 utra-

1060 2715 1125 2744 que
1147 2703 1209 2734 ista
1231 2714 1327 2738 voce,
1348 2703 1479 2745 egregie
1502 2703 1665 2744 procurrit
1686 2713 1761 2734 sen-

1062 2758 1130 2778 sus.
1176 2746 1275 2784 Quod
1313 2748 1429 2778 suadet
1465 2746 1619 2778 Oudend.
1657 2749 1762 2778 enatis

1063 2791 1267 2822 referendum
1282 2792 1323 2822 ad
1337 2797 1366 2823 et
1379 2792 1480 2828 rubis,
1493 2789 1579 2821 mihi
1590 2799 1658 2821 non
1673 2790 1764 2821 adri-

1061 2835 1127 2871 det,
1153 2834 1302 2865 otiosum
1320 2840 1371 2865 est
1391 2834 1579 2876 epitheton.
1624 2834 1690 2865 Pro
1711 2835 1763 2864 in-

1053 2879 1154 2919 flaris
1175 2883 1299 2909 temere
1321 2879 1466 2921 {inffexis
1478 2877 1654 2918 legendum
1677 2887 1763 2924 praf-

1063 2921 1147 2963 cipit
1175 2921 1347 2956 Davisius.
1391 2920 1546 2956 Ceterum
1572 2930 1639 2955 non
1670 2920 1765 2954 abm-
