1946 3261
294 233 377 278 116
707 232 790 276 DE
815 229 1027 276 BELLO
1057 229 1354 274 GALLICU.

287 358 534 403 runculeius
565 356 895 415 compluresque
923 355 1110 399 Tribuni
1139 355 1328 398 militum
1347 361 1392 397 et
1427 353 1671 412 primorum
1690 367 1761 395 or-

289 417 441 461 dinum
464 417 748 459 Centuriones
778 423 808 442 “
826 415 933 458 nihil
952 424 1111 457 temere
1132 413 1365 471 agendum,
1389 428 1528 471 neque
1549 428 1603 455 ex
1618 410 1761 454 hiber-

290 483 321 502 “
344 476 407 518 nis
427 474 589 532 injussu
611 473 792 516 Caesaris
812 472 1160 520 discedendum,'’
1193 471 1521 514 existimabant:
1570 478 1600 496 “
1623 484 1760 526 quan-

288 541 320 561 “
343 533 475 575 tasvis
502 546 678 588 magnas
712 531 842 574 etiam
877 531 1022 590 copias
1063 530 1379 573 Germanorum
1411 528 1612 572 sustineri
1639 543 1762 586 posse

287 597 319 617 “
342 589 518 632 munitis
548 588 754 640 hibernis,
792 590 1031 633 docebant:
1077 603 1170 631 rem
1208 605 1297 631 esse
1338 587 1598 637 testimonio,
1640 585 1762 643 quod

287 655 319 676 ‘⁶
342 648 535 706 primum
551 647 739 691 hostium
760 648 973 706 inpetum,
1010 646 1158 690 multis
1179 647 1298 691 ultro
1319 647 1572 690 vulneribus
1601 643 1761 694 inlatis,

285 714 318 734 ‘⁶
339 705 570 750 fortissime
589 707 892 750 sustinuerint:
926 722 974 749 re
994 706 1278 749 frumentaria
1297 721 1383 749 non
1406 705 1571 764 premi:
1596 704 1762 746 interea

286 773 317 793 ‘⁶
339 773 386 811 et
403 781 457 807 ex
476 765 684 824 proximis
713 765 906 808 hibernis
933 773 978 807 et
997 780 1023 806 a
1045 764 1215 807 Caesare
1236 772 1500 808 conventura
1520 761 1762 806 subsidia:’'

284 830 522 883 postremo,
565 831 596 850 ‘⁶
619 823 729 881 quid
763 840 851 867 esse
880 824 1017 867 levius
1057 831 1135 865 aut
1175 823 1365 882 turpius,
1400 838 1548 880 quam,
1583 828 1762 864 auctore

284 890 317 911 “
339 880 477 932 hoste,
498 881 552 926 de
567 882 743 926 summis
764 883 895 926 rebus
914 897 1068 940 capere
1089 881 1313 924 consilium
1327 883 1370 925 ‘l”

343 941 416 984 29.
452 941 620 984 Contra
666 957 719 984 ea
761 940 975 990 Titurius,
1016 948 1046 967 “
1069 956 1165 983 sero
1206 940 1443 990 facturos,”
1490 938 1760 988 clamitabat,

285 1005 317 1027 ‘⁶
340 1015 477 1057 quum
497 1000 681 1058 majores
696 999 885 1043 hostium
906 1015 1072 1049 manus,
1092 998 1307 1057 adjunctis
1338 998 1581 1048 Germanis,
1609 1012 1763 1041 conve-

285 1064 317 1086 “
341 1059 525 1102 nissent:
559 1066 637 1100 aut
652 1075 792 1117 quum
811 1058 980 1116 aliquid
1003 1058 1262 1101 calamitatis
1278 1058 1321 1100 in
1344 1056 1546 1116 proximis
1572 1056 1762 1100 hibernis

283 1123 316 1144 ‘⁶
338 1125 447 1161 esset
466 1125 711 1175 acceptum,
744 1118 921 1161 brevem
953 1116 1202 1160 consulendi
1232 1132 1320 1159 esse
1345 1116 1634 1159 occasionem:
1669 1115 1763 1158 Cae-

284 1182 316 1203 “
338 1191 478 1219 sarem
512 1176 715 1219 arbitrari
748 1176 994 1234 profectum
1025 1175 1069 1218 in
1092 1175 1288 1218 Italiam:
1321 1189 1463 1231 neque
1494 1174 1624 1217 aliter
1655 1174 1750 1216 Car-

284 1241 317 1261 “
339 1243 466 1278 nutes
515 1233 805 1277 interficiundi
858 1233 1053 1293 Tasgetii
1102 1233 1327 1276 consilium
1370 1233 1500 1276 fuisse
1540 1240 1762 1290 capturos,

284 1300 316 1321 “
339 1309 482 1351 neque
518 1293 760 1344 Eburones,
797 1293 830 1335 si
850 1292 922 1335 ille
958 1293 1141 1342 adesset,
1179 1300 1303 1334 tanta
1338 1306 1436 1332 cum
1471 1290 1762 1333 contemtione

283 1358 317 1378 ‘⁶
340 1351 475 1395 nostri
494 1351 551 1394 ad
568 1359 709 1394 castra
736 1359 943 1394 venturos
968 1365 1077 1392 esse:
1112 1365 1197 1392 non
1229 1349 1395 1392 hostem
1420 1357 1655 1397 auctorem,
1689 1348 1762 1392 sed

264 1417 315 1436 ·“
339 1426 428 1453 rem
447 1417 669 1467 spectare;
699 1410 871 1452 subesse
893 1407 1120 1456 Rhenum;
1152 1423 1309 1466 magno
1330 1423 1420 1450 esse
1445 1406 1671 1450 Germanis
1685 1407 1761 1449 do-

283 1476 313 1495 “
336 1469 419 1511 lori
457 1467 667 1510 Ariovisti
720 1476 906 1510 mortem
955 1475 1000 1509 et
1040 1466 1279 1525 superiores
1319 1475 1487 1509 nostras
1527 1465 1730 1508 victorias
1747 1481 1760 1508 z

279 1534 310 1553 “
334 1527 489 1570 ardere
519 1526 725 1576 Galliam,
755 1534 823 1568 tot
844 1525 1112 1568 contumeliis
1141 1525 1330 1584 acceptis
1361 1525 1443 1568 sub
1476 1524 1635 1583 Populi
1673 1524 1761 1567 Ro-

280 1592 312 1612 “
335 1585 448 1628 mani
483 1584 713 1642 imperium
746 1583 985 1634 redactam,
1021 1584 1241 1642 superiore
1278 1584 1419 1642 gloria
1459 1583 1522 1626 rei
1563 1582 1761 1627 militaris

280 1651 312 1671 ‘⁶
334 1643 597 1687 exstincta.”
660 1642 898 1693 Postremo,
923 1649 951 1668 ‘⁶
974 1641 1071 1701 quis
1099 1642 1178 1685 hoc
1210 1641 1291 1685 sibi
1331 1640 1629 1699 persuaderet,
1670 1641 1761 1685 sine

279 1709 312 1730 ‘⁶
335 1710 456 1745 certa
491 1716 539 1744 re
572 1700 873 1758 Ambiorigem
906 1699 962 1742 ad
994 1699 1200 1759 ejusmodi
1221 1700 1443 1744 consilium
1464 1699 1760 1745 descendisse?

280 1768 312 1788 ‘⁶
337 1761 473 1803 Suam
493 1758 750 1802 sententiam
784 1759 828 1801 in
862 1766 1092 1815 utramque
1120 1767 1292 1817 partem
1326 1775 1413 1801 esse
1445 1766 1610 1800 tutam:
1643 1758 1678 1800 si
1697 1759 1760 1802 nil

278 1827 311 1847 ‘⁶
332 1819 388 1861 sit
409 1817 577 1868 durius,
614 1817 737 1860 nullo
758 1817 951 1875 periculo
981 1818 1037 1859 ad
1066 1817 1306 1874 proximam
1338 1817 1547 1875 legionem
1580 1833 1762 1875 perven-

281 1886 312 1907 “
336 1885 484 1926 turos;
515 1877 549 1919 si
573 1875 720 1919 Gallia
737 1875 869 1917 omnis
882 1891 981 1917 cum
999 1875 1223 1918 Germanis
1241 1875 1497 1924 consentiat,
1520 1890 1649 1918 unam
1671 1892 1758 1919 esse

279 1944 311 1966 ‘⁶
335 1936 379 1979 in
399 1935 624 1978 celeritate
644 1933 829 1992 positam
844 1934 1040 1976 salutem.
1087 1934 1230 1976 Cottae
1246 1934 1421 1991 quidem
1442 1941 1576 1990 atque
1592 1949 1757 1985 eorum,

278 2002 311 2024 ‘⁶
335 1994 412 2053 qui
437 1993 729 2042 dissentirent,
751 1992 973 2034 consilium
992 2007 1121 2050 quem
1140 1991 1322 2035 haberet
1342 1992 1537 2034 exitum?
1598 1991 1649 2034 In
1671 2009 1760 2051 quo

279 2062 311 2082 “
334 2054 476 2096 sinon
512 2066 693 2111 praesens
724 2050 985 2109 periculum,
1032 2059 1080 2095 at
1112 2059 1230 2094 certe
1263 2050 1504 2110 longinqua
1538 2049 1759 2095 obsidione

279 2121 313 2142 ‘⁶
337 2112 470 2156 fames
490 2118 599 2154 esset
618 2109 1004 2170 pertimescenda.''

327 2274 475 2316 Maqnas
495 2274 607 2305 etiam.
651 2272 735 2302 Haec
760 2270 865 2303 verba
889 2270 982 2303 dele-

281 2317 404 2350 verim.
474 2316 598 2348 Voluit
639 2315 762 2357 aliquis
811 2315 987 2356 explicare

282 2363 474 2404 quantasvis
502 2362 621 2402 copias,
648 2365 683 2390 et
710 2358 895 2399 explicavit
924 2359 986 2398 sic,

281 2417 424 2447 maynas
445 2407 546 2438 etiam
567 2404 688 2445 copias.
717 2403 766 2433 M.
818 2403 987 2444 Exempla

283 2449 385 2491 hujus
409 2447 597 2491 pleonasmi
628 2445 766 2488 protulit
791 2446 879 2477 Oud.
910 2453 986 2487 post

282 2493 475 2525 Davisium.
522 2491 705 2523 Rationem
724 2489 868 2530 exponit
894 2490 986 2521 Peri-

282 2537 401 2569 zonius
433 2538 477 2569 ad
503 2534 631 2568 Sanetii
655 2534 846 2567 Minervam
877 2536 908 2573 3,
938 2536 984 2566 14.

279 2592 303 2623 P
329 2621 569 2666 Intevficiumli.
585 2622 634 2654 sic
649 2621 748 2654 codd.
759 2626 795 2654 ut
810 2625 842 2660 2,
859 2623 891 2653 7,
904 2624 987 2664 poti-

279 2669 376 2708 undi,
390 2676 454 2701 etc.

332 2714 491 2755 Tasqetii.
515 2710 567 2742 Cf.
583 2721 614 2742 c.
630 2712 686 2741 25.
726 2710 776 2741 M.

329 2757 499 2798 ,specum-e.
526 2756 572 2786 al.
587 2759 783 2795 exspectare.

330 2800 476 2839 Subesse,
493 2799 721 2841 propinquum
739 2807 825 2829 esse.
849 2796 900 2828 M.
929 2795 985 2827 Gr.

282 2845 419 2877 πλησίον.

336 2890 443 2919 Arior.
453 2892 600 2918 mortem.
624 2884 801 2918 Cluverius
813 2884 986 2923 (German.

285 2933 318 2971 1,
335 2934 391 2971 55)
406 2931 531 2961 mavult
553 2935 669 2961 sortem
685 2929 762 2969 legi,
776 2928 856 2970 quia
880 2927 989 2959 victus

285 2975 476 3012 Ariovistus
493 2974 661 3015 effugerit,
678 2973 745 3007 vid.
767 2983 867 3015 supra
887 2974 915 3012 1,
934 2974 986 3005 53.

1053 2272 1096 2303 At
1112 2270 1223 2313 potuit
1237 2280 1255 2302 e
1270 2271 1422 2311 vulnere,
1434 2271 1466 2303 in
1479 2271 1592 2303 Gallia
1601 2276 1755 2313 accepto,

1053 2322 1111 2347 aut
1128 2326 1271 2347 moerore
1290 2315 1389 2347 mori.
1435 2315 1528 2347 Libri
1545 2317 1758 2348 consentiunt

1053 2369 1172 2391 omnes
1189 2360 1221 2391 in
1237 2359 1385 2390 lectione
1399 2365 1549 2397 mortem,
1565 2359 1668 2391 etiam
1686 2360 1757 2392 Jul.

1052 2403 1170 2435 Celsus
1195 2415 1229 2446 p.
1246 2405 1298 2441 65,
1325 2409 1360 2434 ct
1380 2403 1498 2434 Graeca
1520 2403 1758 2444 metaphrasis.

1057 2448 1177 2480 Cellar.
1224 2448 1310 2478 Ante
1336 2446 1520 2479 Cellarium
1543 2448 1614 2490 jam
1644 2448 1761 2479 Hoto-

1054 2500 1196 2523 mannus
1212 2496 1399 2522 monuerat.
1424 2491 1473 2522 M.

1099 2536 1176 2566 Sine
1202 2539 1292 2566 certa
1326 2534 1615 2573 re—‹Iescendisse‚
1641 2534 1758 2567 consi.

1052 2578 1136 2610 lium
1152 2578 1282 2609 dedisse
1299 2588 1326 2609 S.
1352 2578 1496 2610 suasisse
1520 2578 1687 2611 Romanis
1714 2578 1762 2617 id,

1051 2623 1141 2664 quod
1169 2622 1275 2664 paulo
1299 2628 1376 2653 ante
1391 2622 1495 2654 suasit
1519 2623 1634 2661 (c.27.
1660 2624 1765 2665 extr.)

1052 2665 1119 2697 nisi
1134 2676 1202 2697 rem
1213 2672 1305 2697 certo
1316 2666 1489 2707 cognitam
1504 2665 1688 2698 habuisset.
1705 2666 1759 2698 M.

1055 2710 1108 2741 Al.
1125 2713 1195 2742 sine
1209 2714 1299 2741 certa
1313 2720 1378 2751 spe.
1413 2709 1469 2741 Sic
1484 2715 1517 2741 et
1532 2709 1590 2741 Gr.
1607 2710 1668 2741 int.
1684 2709 1744 2740 sed

1053 2754 1227 2789 vulgatum
1241 2760 1385 2795 praestat.

1106 2799 1215 2829 Unam
1243 2807 1308 2828 esse
1335 2799 1370 2828 in
1400 2799 1460 2829 cel.
1486 2809 1520 2840 p.
1552 2807 1581 2828 ε.
1639 2795 1693 2826 Sic
1722 2801 1755 2826 et

1057 2840 1148 2881 Virg.
1165 2841 1242 2873 AEn.
1258 2843 1290 2879 2,
1309 2843 1383 2874 354.
1407 2841 1499 2872 Male
1519 2841 1659 2872 Hotom.
1684 2839 1756 2871 vult

1054 2895 1138 2916 iaia.

1075 2928 1310 3004 dLonqinqua.
1335 2929 1380 2962 al.
1394 2929 1506 2970 Ionqa.
1549 2928 1616 2960 Sed
1633 2937 1665 2959 v.
1683 2931 1755 2959 not.

1054 2981 1073 3003 a
1117 2973 1144 3012 1,
1161 2974 1215 3006 47.
