1946 3261
738 255 1160 301 LATINITATIS.

191 383 328 416 Lazare
353 385 472 422 aciem,
494 383 543 416 ita
568 383 697 417 milites
715 384 897 424 collocare,

234 432 271 458 ut
284 437 326 458 ne
341 427 491 469 amplius
505 429 600 460 densi
615 434 712 467 stent,
725 432 759 467 2,
772 431 814 459 25

191 471 352 512 Leqatus,
388 471 565 512 proximus
608 473 654 504 ab
692 473 898 514 Imperatore

236 514 326 553 Dux,
352 514 426 556 qui,
454 526 496 547 eo
528 516 668 548 absente
698 521 731 547 et
760 515 899 546 nomine

233 558 321 599 ejus,
342 569 394 590 res
413 559 512 600 gerit,
537 562 566 598 1,
584 562 635 591 10.
680 560 763 600 Ejus
777 557 902 596 officia,

233 601 274 633 C.
293 605 324 641 3,
339 605 392 634 51.
415 602 570 634 hibernis
584 603 778 644 praeficitur,
801 605 829 640 l,
845 604 898 633 54.

235 655 315 676 cum
350 646 529 686 praesidio-
549 646 761 686 relinquitur,
803 650 836 684 2,
867 647 899 676 6.

236 688 330 726 Quid
357 688 390 719 ei
419 689 563 720 absente
600 689 805 730 imperatore
833 698 900 719 non

233 731 348 770 liceat,
361 734 392 770 3,
410 734 461 763 17.
495 733 644 774 Leyatus·
656 743 721 774 pro
740 734 901 770 Praeeore,

237 777 267 814 1,
279 776 320 806 21

191 819 343 857 Laenas,
358 818 509 851 fluminis
525 820 686 859 labentis,
705 822 733 859 1,
751 822 788 851 12

190 863 533 905 Leniter-fastigatus,
546 867 580 902 2,
591 867 622 895 8.
639 865 788 902 adclivis,
801 866 833 902 2,
846 865 900 895 29.

238 906 268 944 7,
287 907 338 937 19.
375 906 415 938 C.
439 911 470 946 2,
494 910 548 946 24,
569 910 623 938 29.
648 909 766 939 leniter
781 907 902 949 (pede-

235 950 372 989 tentim)
388 953 451 982 iter
459 951 647 992 facere,Af.
662 953 682 981 6

191 994 424 1033 Lenuneucus,
446 1005 587 1036 parvum
603 994 792 1036 navigium,
814 995 854 1026 C.
872 997 903 1033 2,

152 1115 156 1118 ,
194 1082 278 1113 Lex.
298 1081 367 1112 vid.
382 1083 425 1113 ad
445 1084 473 1121 l,
488 1085 507 1113 3

193 1125 407 1164 Liberaliter,
429 1131 465 1157 ut
477 1127 577 1158 decet
591 1126 768 1158 hominem
783 1136 905 1167 magno

235 1168 366 1207 animo,
380 1172 411 1207 4,
424 1172 479 1201 21.
501 1175 538 1201 ut
553 1171 652 1201 decet
666 1181 756 1207 eum,
769 1170 828 1210 qui
847 1171 905 1200 be-

236 1211 353 1243 neficii
369 1211 638 1254 magnitudinem
653 1213 803 1254 agnovit,
826 1217 857 1251 2,
874 1217 906 1244 5.

236 1256 420 1288 liberaliter
440 1258 650 1297 respondere,
671 1257 825 1295 comiter,
848 1257 907 1288 be-

241 1299 354 1340 nigne,
368 1299 569 1338 humaniter,
586 1301 624 1331 C.
644 1303 675 1338 3,
694 1302 754 1332 104

197 1343 320 1381 Libra,
343 1344 390 1375 acl
414 1344 537 1376 libram
553 1345 700 1385 factum.
725 1344 794 1375 vid.
811 1344 853 1375 ad
868 1344 906 1376 C.

241 1389 273 1426 3,
288 1388 330 1418 4ο

192 1431 359 1469 -Librilia,
382 1432 412 1469 7,
428 1434 467 1462 81

200 1475 376 1516 Liqnator,
396 1475 457 1516 qui
486 1475 580 1517 ligna
609 1475 740 1517 colligit
772 1475 805 1506 in
831 1486 911 1507 usus

241 1518 335 1557 valli,
357 1522 389 1557 5,
403 1522 458 1550 26.
504 1518 601 1550 Unde
615 1521 770 1561 Ziquatio,
786 1523 817 1558 5,
831 1521 872 1550 39

199 1562 343 1600 Lilium,
359 1561 392 1593 in
408 1563 609 1602 munitione,
624 1565 656 1602 7,
670 1565 712 1594 73

198 1606 364 1647 Linyula,
382 1609 413 1645 3,
432 1608 469 1638 12

199 1650 345 1688 Liuii-es,
374 1652 401 1689 1,
417 1654 472 1682 53.
503 1651 603 1692 paulo
638 1656 713 1692 post
741 1660 803 1681 nav
811 1650 909 1681 iculae

241 1693 412 1733 dicuntur,
435 1695 474 1726 C.
496 1697 523 1733 l,
543 1697 596 1726 28.
645 1695 811 1726 Interdum
832 1694 911 1735 jun-

242 1744 366 1779 guntur
382 1738 415 1769 in
433 1739 571 1770 modum
587 1738 713 1780 pontis,
732 1741 758 1776 1,
771 1741 808 1768 12

203 1782 402 1822 Liquescens
416 1793 523 1824 aqua,
537 1793 627 1823 quae,
637 1788 773 1813 excreto
787 1781 913 1812 sensim

245 1825 342 1863 limo,
367 1825 497 1867 liquida
523 1831 557 1856 et
580 1825 726 1866 limpida
749 1826 796 1861 fit,
824 1826 863 1855 Α.
881 1828 912 1856 3.

245 1868 378 1900 Ibidem
389 1879 477 1910 aqua
489 1868 618 1901 dicitur
627 1869 810 1907 subsidere,
819 1868 914 1909 cujus

246 1912 352 1944 limus
367 1913 514 1945 subsidit

205 1957 277 1995 Lis,
287 1957 379 1988 litem
388 1960 567 1995 aestimcrre,
575 1956 915 1997 constituere,quanti

248 2001 292 2031 sit
306 2001 482 2039 damnum,
501 2000 545 2031 ab
560 2001 665 2031 altero
681 2001 809 2037 datum,
835 2003 866 2036 5,
886 2001 916 2029 1.

251 2044 310 2075 Lis
325 2054 406 2085 ergo
423 2049 474 2074 est
490 2042 588 2081 id‚de
600 2054 669 2084 quo
685 2050 757 2074 orta
771 2048 821 2074 est
835 2053 916 2074 con-

246 2087 422 2122 troversia,
438 2097 491 2118 res
505 2086 632 2118 violata

206 2132 336 2169 Litai-e,
348 2131 455 2163 caedes
471 2133 591 2163 litatur
601 2130 786 2173 (expiatur,
798 2130 918 2170 luitur)

245 2185 362 2217 poena,
377 2175 421 2205 H.
438 2178 480 2206 24

210 2220 316 2252 Locus
331 2220 520 2259 zliynitam,
533 2222 565 2257 5,
577 2221 629 2251 44.
654 2219 766 2249 locum
779 2217 920 2258 (altum)

251 2264 410 2295 amicitiae
420 2268 532 2294 tenere
543 2262 637 2304 apud
647 2264 811 2304 aliquem,
827 2264 856 2300 l,
867 2265 918 2294 20.

254 2308 324 2338 loco
340 2308 537 2347 arqumenli
552 2307 684 2344 habere,
699 2306 739 2337 C.
762 2308 789 2344 1,
806 2307 848 2337 67

212 2352 329 2393 Lonqe
344 2351 468 2388 abesse,
494 2353 522 2387 1,
538 2351 592 2380 36.
623 2350 663 2382 C.
681 2353 712 2389 2,
730 2350 783 2380 37.
814 2352 922 2381 consi-

255 2395 335 2426 dere
359 2403 380 2424 α
407 2417 415 2425 .
443 2417 450 2425 .
480 2417 488 2425 .
513 2397 544 2432 5,
569 2395 624 2425 47.
648 2393 702 2425 Af.
729 2396 784 2425 34.
808 2398 922 2425 caetra

254 2448 383 2480 ponere
398 2449 421 2470 a
439 2461 446 2468 .
466 2461 474 2468 .
493 2461 501 2468 .
517 2438 558 2468 A.
573 2439 615 2468 36

211 2483 424 2524 Longinqua
439 2482 651 2520 consuetudo,
678 2483 707 2520 l,
722 2484 776 2513 47.
800 2487 833 2512 et
849 2483 923 2512 lon-

256 2528 392 2568 ginqua
407 2525 544 2564 obsidio,
567 2529 598 2564 5,
612 2527 668 2556 29.
690 2525 730 2556 C.
749 2527 779 2563 3,
795 2527 850 2556 80.
875 2530 926 2556 est

259 2569 429 2601 diuturna.
449 2569 698 2611 Longinquitas
708 2572 876 2610 temporis,
885 2569 924 2600 C.

265 2615 294 2652 l,
309 2615 362 2644 29.
907 2641 914 2643 ,

218 2657 415 2700 Lonqurz'us
437 2669 463 2689 s.
488 2658 697 2696 lonqu‘um,
719 2661 840 2688 contus
853 2656 926 2687 lon-

263 2701 348 2742 gior,
362 2702 579 2740 3,14.4‚17,
597 2702 628 2739 ⁷,
645 2704 697 2732 84.
721 2702 866 2738 C.2,11

221 2745 346 2778 Lorica
358 2747 518 2784 turrium,
532 2748 564 2784 5,
577 2746 633 2777 40.
654 2746 751 2784 valli,
766 2746 798 2783 7,
814 2745 868 2776 72.
885 2742 929 2774 cf.

261 2790 408 2831 pluteus.

222 2832 403 2864 Lora-atus
416 2834 625 2874 elephantus,
640 2834 681 2865 A.
697 2834 736 2865 72

206 2876 387 2909 Loricam
399 2878 495 2916 valli,
511 2880 541 2916 8,
555 2879 588 2910 9.
611 2880 729 2916 turris,
743 2875 829 2908 ibid.

225 2919 440 2964 Luci-{facere
455 2922 659 2964 maleficium
674 2921 842 2964 beneficio,
863 2919 934 2953 effi-

1602 257 1687 301 657

1008 395 1095 423 cere,
1121 395 1165 416 ne
1189 382 1395 416 maleficium
1420 389 1558 422 noceat,
1584 385 1679 417 dam-

1009 438 1090 459 num
1106 428 1268 460 maleficii
1283 428 1432 467 amoliri,
1448 430 1493 460 H.
1510 432 1550 460 35

968 472 1100 509 Ludus,
1123 471 1158 502 in
1185 484 1254 513 quo
1278 472 1479 513 gladiatores
1501 483 1522 504 a
1545 473 1680 505 lanistis

1013 515 1320 554 erudiebantur,C.
1340 519 1368 552 l,
1386 519 1425 548 14

968 558 1110 590 Lunata
1122 564 1246 597 castra,
1269 559 1302 590 in
1323 560 1414 591 lunae
1438 559 1682 601 (semicirculi)

982 608 985 609 ’
1013 601 1155 633 formam
1170 602 1294 643 posita,
1310 604 1363 635 Af.
1379 606 1421 635 80

970 734 1138 772 Maceria,
1160 733 1397 775 sepimentum,
1420 736 1452 773 7,
1468 737 1522 766 69.
1568 736 1604 767 In
1620 735 1680 768 Gr.

1015 778 1182 818 metaphr.
1195 783 1247 809 est
1261 779 1375 818 τεῖχος.

972 821 1196 860 machinatio,
1212 821 1379 860 machina,
1394 825 1426 860 2,
1442 825 1495 854 31.
1512 827 1544 860 4,
1562 825 1600 854 17

973 865 1140 905 ᾹῙαῃὶςεεν
1153 865 1333 906 nacis,qui
1348 876 1463 897 curam
1478 871 1512 897 et
1525 864 1688 897 adminis-

1015 908 1196 939 trationem
1210 909 1308 940 navis
1324 909 1439 947 habet,
1452 910 1492 940 C.
1509 913 1541 948 2,
1555 912 1598 941 43

973 951 1179 993 Magnitudo
1211 955 1310 989 venti,
1339 957 1370 991 5,
1398 955 1453 985 43.
1485 953 1686 995 maqnitudo

1019 997 1206 1036 comarum,
1221 995 1415 1034 multitudo,
1429 998 1469 1027 A.
1483 999 1526 1027 26

975 1038 1105 1080 ῘΙῙαφιο
1120 1049 1229 1080 opere,
1242 1049 1459 1080 magnopere,
1475 1041 1503 1078 l,
1519 1043 1569 1071 13.
1594 1040 1689 1072 Solet

1021 1087 1098 1123 post
1114 1084 1214 1121 nillil,
1228 1084 1355 1121 nuum,
1369 1084 1474 1121 ullus,
1497 1085 1690 1125 quidquam.

1021 1125 1116 1166 poni,
1139 1126 1187 1157 rei
1203 1126 1395 1158 minuendae
1411 1136 1528 1158 causa.
1551 1136 1690 1169 maqnae

1014 1169 1258 1210 suit-fortunae,
1279 1172 1310 1209 6,
1324 1172 1365 1201 30
1390 1195 1394 1203 .

979 1213 1145 1251 Malacia,
1169 1216 1199 1250 3,
1218 1216 1268 1244 15.
1291 1225 1370 1245 cum
1393 1224 1484 1245 mare
1506 1214 1615 1252 nullo,
1636 1215 1693 1247 vel

1023 1256 1163 1288 lenioris
1178 1267 1269 1288 aurae
1289 1257 1370 1289 flatu
1385 1263 1634 1289 commovetur.

977 1299 1200 1339 Dlaleficium,
1222 1300 1344 1341 injuria
1361 1312 1388 1331 s.
1403 1302 1579 1340 damnum,
1601 1302 1694 1342 quod

1023 1343 1136 1375 hostes
1167 1343 1320 1375 hostium
1356 1344 1447 1386 agris
1485 1345 1694 1386 oppidisque

1024 1387 1181 1426 inferunt,
1200 1391 1227 1425 1,
1243 1390 1274 1426 7,
1289 1390 1322 1419 9.
1352 1388 1392 1420 C.
1410 1391 1436 1427 1,
1452 1391 1506 1420 22.
1537 1389 1576 1421 C.
1593 1390 1692 1427 2,20.

1024 1431 1059 1462 τέ
1076 1433 1244 1475 κακεργεῖν.

981 1476 1176 1513 Malleolm,
1197 1477 1237 1507 Α.
1259 1477 1297 1507 14

981 1520 1109 1557 Malus,
1131 1519 1262 1561 tignum
1278 1520 1424 1561 longius,
1447 1522 1478 1558 7,
1494 1524 1534 1552 22

982 1563 1157 1594 Mammre
1171 1564 1323 1604 sefuqoe,
1352 1566 1378 1602 l,
1397 1567 1446 1595 12.
1463 1568 1495 1602 2,
1511 1566 1552 1595 24

982 1607 1268 1648 Mandara,qu0d
1280 1607 1387 1639 alicui
1401 1608 1623 1640 commissum
1635 1614 1698 1648 est,

1027 1651 1059 1687 4,
1079 1652 1120 1680 27

983 1694 1090 1725 Mane
1107 1695 1185 1733 diei,
1200 1695 1254 1726 Af.
1271 1697 1312 1726 42

983 1738 1200 1779 Λίτιηίριιίιις,
1221 1739 1353 1770 duabus
1375 1739 1538 1772 centuriis
1555 1746 1698 1780 constat,

1029 1785 1060 1815 2.
1076 1786 1129 1813 25.
1155 1783 1404 1824 ᾹῙαηὶῃαΙανεε,
1419 1785 1451 1822 7,
1465 1787 1506 1815 50

984 1826 1124 1864 Illanus,
1139 1825 1316 1857 hominum
1334 1827 1526 1866 multitudo,
1545 1829 1572 1866 l,
1587 1830 1642 1859 37.
1667 1832 1700 1867 2,

1029 1873 1061 1900 2.
1086 1872 1116 1907 3,
1143 1871 1192 1899 11.
1221 1879 1346 1901 manus
1361 1870 1494 1909 ferrea,
1522 1872 1563 1903 C.
1594 1874 1621 1910 l,
1644 1875 1700 1903 57.

1030 1913 1114 1954 Ejus
1129 1923 1221 1950 usuS‚
1235 1913 1284 1944 ib.
1297 1923 1330 1944 c.
1347 1916 1401 1944 58.
1416 1920 1450 1945 et
1465 1915 1504 1946 C.
1519 1919 1551 1954 2,
1565 1917 1596 1946 6.
1614 1915 1700 1947 indi-

1030 1962 1135 1987 catur.
1159 1956 1205 1987 cf.
1222 1958 1393 1999 harpaqn.
1440 1959 1554 1990 Manu
1569 1960 1703 2000 (opere,

1029 2001 1118 2039 arte)
1139 2002 1302 2039 munitus,
1324 2003 1355 2038 3,
1370 2004 1423 2032 23.
1448 2006 1480 2040 5,
1495 2003 1550 2033 57.
1574 2013 1702 2039 manus

1030 2044 1125 2081 dare,
1147 2043 1277 2074 victum
1303 2054 1339 2076 sc
1363 2045 1531 2085 confiteri,
1558 2056 1625 2077 non
1647 2057 1702 2078 re-

1031 2087 1149 2118 sistere
1173 2087 1315 2126 diutius,
1342 2092 1372 2126 5,
1394 2091 1449 2120 30.
1472 2090 1533 2120 sub
1557 2100 1703 2121 manum

1032 2133 1174 2168 mittere,
1186 2131 1346 2162 celeriter
1360 2143 1406 2163 m.
1421 2133 1475 2163 Af.
1490 2134 1544 2163 36.
1562 2133 1607 2164 cf.
1619 2134 1702 2164 Sue>

1033 2181 1102 2206 ton.
1118 2176 1204 2215 Aug.
1220 2176 1275 2206 49.
1298 2178 1386 2207 imm·
1400 2187 1536 2215 manue,
1559 2176 1599 2207 C.
1615 2180 1648 2215 2,
1664 2181 1684 2208 2

989 2219 1091 2251 Mare
1114 2219 1301 2257 Oceanum,
1329 2218 1498 2259 Oceanus,
1521 2222 1552 2259 3,
1567 2222 1599 2251 7.
1647 2219 1704 2252 Sic

1033 2268 1067 2294 et
1082 2262 1223 2294 Tacitus
1242 2262 1379 2294 locutus
1402 2269 1453 2295 est
1476 2265 1540 2295 An.
1568 2266 1596 2301 1,
1612 2266 1643 2295 9.
1668 2272 1704 2296 et

1034 2308 1204 2347 Pompon.
1243 2306 1348 2344 Mela,
1384 2310 1415 2345 2,
1444 2310 1475 2338 6.
1535 2307 1600 2338 Sed
1641 2308 1705 2339 hos

1034 2351 1187 2391 aliosque
1203 2350 1299 2381 locos
1314 2350 1456 2393 collegit
1478 2350 1642 2383 Davisius
1656 2352 1704 2384 ad

1035 2395 1151 2426 locum
1164 2394 1324 2426 Caesaris.

993 2439 1148 2477 ῘΙῙαιανα,
1171 2441 1201 2477 1,
1222 2440 1265 2469 26

993 2484 1158 2521 Materia,
1184 2484 1352 2519 materie-9,
1379 2482 1516 2514 arbores
1540 2483 1574 2515 in
1597 2483 1707 2523 silvis,

1039 2531 1071 2565 5,
1103 2528 1155 2557 12.
1216 2525 1282 2557 Sed
1306 2528 1339 2560 3.
1368 2528 1425 2557 29.
1456 2532 1534 2558 sunt
1562 2528 1706 2559 arbores

1038 2581 1146 2602 caesae.
1171 2572 1317 2602 ‘materia
1340 2570 1514 2612 bipedalis,
1537 2570 1630 2612 tigna
1652 2571 1706 2602 bi-

1040 2613 1186 2656 pedalia,
1205 2613 1245 2644 C.
1262 2616 1296 2652 2,
1317 2614 1354 2644 10

994 2659 1193 2695 Materiam,
1212 2657 1303 2698 ligna
1317 2656 1495 2698 colligere,
1518 2659 1550 2696 7,
1567 2659 1610 2689 73

996 2703 1140 2734 Matura
1156 2702 1272 2739 hiems,
1289 2703 1321 2739 4,
1333 2703 1375 2732 20

996 2746 1216 2782 Mammiae,
1237 2746 1266 2782 l,
1283 2746 1325 2776 33

997 2790 1165 2822 Memoria
1194 2789 1380 2830 (tempore)
1407 2793 1562 2831 patrum,
1597 2792 1627 2829 1,
1656 2792 1709 2825 12.

1043 2836 1076 2871 2,
1090 2833 1122 2864 4.
1140 2833 1246 2873 paulo
1268 2843 1374 2874 snpra
1395 2835 1483 2865 hanc
1503 2837 1711 2875 memoriam,

1044 2877 1148 2918 paulo
1163 2882 1240 2908 ante
1259 2876 1333 2910 haec
1350 2883 1517 2922 tempora,
1534 2880 1566 2919 6,
1588 2881 1638 2913 19.
1662 2880 1709 2913 cf.

1044 2920 1189 2955 studere.
1666 2930 1669 2933 ’

1464 2969 1483 2996 2
1508 2964 1539 2998 U
