1946 3261
610 175 728 220 LIB.
763 173 868 221 VII.
932 173 1071 218 CAP.
1103 173 1295 219 51-55.
1622 168 1701 214 197

211 300 507 355 descenderet,
544 303 629 348 levi
649 305 765 349 facto
785 304 980 364 equestri
1011 301 1169 362 proelio
1196 309 1332 359 atque
1353 312 1406 343 eo
1429 295 1637 353 secundo,
1658 295 1703 338 in

212 371 356 406 castra
376 364 618 407 exercitum
639 365 828 408 reduxit..
894 365 1042 414 Quum
1063 361 1146 403 hoc
1180 360 1294 403 idem
1330 367 1507 419 postero
1535 355 1607 400 die
1639 354 1703 397 fe-

215 421 356 472 cisset,
392 423 494 466 satis
514 424 571 467 ad
595 425 810 467 Gallicam
843 420 1174 466 ostentationem
1195 418 1473 462 minuendam
1494 415 1703 459 militum-

212 497 299 539 que
319 481 481 525 animos
502 483 818 526 confirmandos
842 483 1006 526 factum
1025 478 1289 527 existimans,
1310 478 1353 520 in
1374 476 1541 519 AEduos
1561 481 1707 517 castra

213 540 365 583 movit.
423 542 492 583 Ne
515 551 609 584 tum
629 541 804 599 quidem
828 540 1029 585 insecutis
1051 538 1263 589 hostibus,
1286 536 1418 578 tertio
1447 535 1516 578 die
1536 533 1594 577 ad
1623 532 1705 577 flu-

215 613 312 641 men
333 598 496 641 Elaver
518 608 697 658 pontem
714 601 864 643 refecit
884 610 1018 658 atque
1036 598 1279 642 exercitum
1294 593 1554 638 transduxit.

274 657 345 699 54.
398 657 466 700 Ibi
496 674 521 700 a
559 658 826 702 Virdumaro
864 668 998 716 atque
1034 658 1072 700 E
1108 654 1324 713 oredirige
1363 652 1520 696 AEduis
1555 650 1706 710 adpel-

214 715 343 765 latus,
378 716 520 766 discit,
553 733 652 760 cum
689 718 805 760 omni
837 719 1037 776 equitatu
1061 674 1309 759 lPitavicum
1342 712 1396 755 ad
1416 710 1709 754 sollicitandos

216 774 384 818 AEduos
418 775 666 834 profectum
701 791 818 818 esse:
854 793 963 834 opus
983 792 1087 825 esse,
1123 783 1171 818 et
1207 773 1322 832 ipsos
1359 769 1614 814 antecedere
1650 770 1707 812 ad

214 833 555 877 confirmandam
584 834 820 878 civitatem.
884 835 979 877 Etsi
1014 833 1163 876 multis
1194 833 1283 892 jam
1316 830 1447 874 rebus
1481 827 1710 887 perfidiam

216 893 463 937 AEduorum
485 903 756 953 perspectam
789 893 994 943 habebat,
1017 899 1151 949 atque
1170 891 1327 935 horum
1350 889 1538 934 discessu
1559 885 1710 930 adma-

216 953 359 996 turari
383 953 670 997 defectionem
692 952 878 996 civitatis
913 950 1212 994 existimabat:
1251 958 1394 992 tamen
1423 963 1497 991 eos
1519 946 1708 990 retinen-

215 1011 294 1055 dos
315 1028 400 1055 non
422 1013 604 1064 censuit,
627 1029 680 1056 ne
698 1020 775 1055 aut
802 1012 961 1054 inferre
990 1009 1192 1068 injuriam
1224 1007 1467 1056 videretur,
1501 1014 1580 1049 aut
1607 1005 1711 1048 dare

217 1071 383 1115 timoris
421 1073 613 1131 aliquam
653 1071 955 1130 suspicionem.
1037 1066 1375 1113 Discedentibus
1415 1066 1478 1108 his
1517 1064 1715 1109 breviter

217 1147 295 1174 sua
325 1131 369 1175 in
404 1131 573 1176 AEduos
615 1131 772 1175 merita
808 1129 1013 1189 exponit:
1068 1136 1096 1154 ‘⁶
1120 1144 1231 1186 quos
1269 1133 1314 1170 et
1355 1141 1486 1183 quam
1527 1123 1712 1167 humiles

221 1197 249 1216 ‘⁶
272 1191 522 1249 accepisset,
546 1191 790 1249 compulsos
811 1190 854 1232 in
891 1189 1068 1248 oppida,
1104 1187 1314 1231 multatos
1343 1185 1477 1243 agris,
1511 1182 1715 1226 omnibus

220 1257 250 1275 ‘⁶
274 1251 434 1308 ereptis
467 1251 616 1310 copiis,
658 1249 844 1308 inposito
883 1248 1114 1308 stipendio,
1143 1245 1377 1289 'obsidibus
1414 1258 1581 1286 summa
1611 1257 1713 1285 cum

222 1316 252 1334 “
276 1310 536 1352 contumelia
564 1310 774 1357 extortis3
808 1317 853 1351 et
885 1324 1017 1366 quam
1054 1308 1097 1349 in
1128 1306 1367 1353 fortunam,
1410 1318 1630 1361 quamque
1670 1300 1712 1343 in

225 1375 252 1393 “
277 1368 608 1426 amplitudinem
640 1367 904 1416 deduxisset,
939 1376 990 1409 ut
1022 1381 1107 1409 non
1140 1364 1280 1408 solum
1315 1363 1357 1404 in
1379 1361 1609 1420 pristinum
1629 1368 1713 1402 sta-

223 1436 253 1453 “
278 1437 373 1470 tum
394 1427 615 1479 redissent,
646 1427 718 1469 sed
751 1426 942 1469 omnium
970 1434 1222 1484 temporum
1251 1421 1512 1480 dignitatem
1542 1428 1587 1462 et
1616 1435 1715 1478 gra-

224 1494 252 1513 “
278 1487 382 1530 tiam
404 1487 671 1530 antecessisse
705 1485 1004 1530 viderentur.'’
1068 1483 1150 1527 His
1171 1482 1283 1529 datis
1303 1479 1531 1532 mandatis,
1565 1494 1638 1522 eos
1658 1478 1716 1522 ab

222 1563 264 1589 se
287 1545 462 1588 dimisit.

285 1606 356 1647 55.
409 1604 722 1648 Noviodunum
773 1612 869 1646 erat
916 1601 1131 1660 oppidum
1173 1599 1437 1646 AEduorum,
1490 1595 1546 1638 ad
1598 1596 1719 1655 ripas

227 1664 396 1723 Ligeris
417 1666 667 1723 obportnno
690 1664 784 1706 loco
805 1662 1005 1722 positum.
1073 1660 1175 1702 Huc
1199 1658 1343 1701 Caesar
1377 1671 1521 1699 omnes
1555 1655 1722 1699 obsides

228 1723 402 1774 Galliae,
426 1724 708 1772 frumentum,
732 1723 955 1782 pecuniam
988 1719 1226 1779 publicam,
1265 1731 1443 1760 suorum
1482 1723 1617 1773 atque
1649 1731 1721 1757 ex-

225 1783 386 1826 ercitus
429 1783 824 1842 inpedimentorum
861 1796 1064 1838 magnam
1104 1786 1271 1837 partem
1307 1775 1587 1824 contulerat;
1634 1773 1720 1817 huc

228 1859 433 1901 magnum
466 1859 697 1885 numerum
734 1836 965 1899 equorum„
1008 1838 1136 1897 hujus
1178 1836 1283 1879 belli
1321 1851 1468 1878 caussa
1509 1833 1552 1877 in
1590 1833 1722 1876 Italia

227 1911 361 1960 atque
397 1901 607 1961 Hispania
646 1910 880 1950 coemtum‚
919 1900 1105 1942 miserat.
1176 1896 1242 1940 Eo
1279 1910 1417 1953 quum
1454 1892 1724 1952 Eporedirix

235 1961 615 2018 Virdnmarusque
635 1961 849 2004 venissent
873 1968 917 2002 et
939 1958 993 2001 de
1025 1966 1145 2000 statu
1179 1954 1367 1998 civitatis
1403 1952 1723 2011 cognovissent,

233 2021 478 2063 Litavicum
513 2021 720 2064 Bibracte
753 2020 809 2063 ab
833 2018 988 2062 AEduis
1010 2024 1250 2075 receptum,
1279 2013 1399 2072 quod
1422 2021 1487 2055 est
1507 2010 1724 2071 oppidum

233 2080 352 2138 apud
376 2096 446 2123 eos
467 2081 661 2123 maximae
679 2079 970 2128 auctoritatis,
1002 2073 1397 2120 Convictolitanem
1421 2071 1727 2130 magistratum

235 2153 524 2198 magnamque
548 2148 720 2198 partem
741 2147 915 2181 senatus
947 2137 1001 2179 ad
1032 2151 1130 2179 eum
1166 2132 1429 2181 convenisse,
1468 2130 1639 2190 legatos
1669 2129 1726 2173 ad

238 2198 647 2258 Vercingetorigem
683 2198 737 2241 de
778 2214 884 2256 pace
919 2205 965 2239 et
1004 2193 1195 2238 amicitia
1236 2189 1507 2235 concilianda
1548 2188 1727 2249 publice

235 2257 409 2302 missos:
446 2274 531 2302 non
566 2256 996 2317 praetermittendum
1025 2263 1196 2297 tantum
1217 2250 1491 2295 commodum
1513 2249 1726 2292 existima-

238 2327 410 2360 verunt.
473 2317 646 2376 Itaque,
682 2316 924 2359 interfectis
957 2312 1213 2357 Novioduni
1251 2309 1523 2358 custodibus,
1561 2307 1728 2367 quique

235 2393 286 2418 eo
304 2377 553 2436 negotiandi
573 2386 652 2420 aut
673 2376 838 2418 itineris
859 2391 1005 2417 caussa
1022 2379 1330 2420 convenerant,
1349 2368 1577 2429 pecuniam
1594 2376 1729 2426 atque

239 2452 374 2495 equos
403 2436 516 2480 inter
537 2453 580 2480 se
603 2436 756 2496 partiti
784 2442 917 2484 sunt:
962 2433 1130 2478 obsides
1164 2430 1393 2475 civitatum
1430 2427 1639 2473 Bibracte
1667 2426 1724 2470 ad

237 2592 322 2625 ibid.
355 2592 469 2624 Altera
485 2591 602 2632 lectio,
621 2593 726 2625 ‘nihilo
740 2595 868 2630 minus,
883 2590 947 2622 etsi

236 2644 290 2669 est
306 2637 547 2679 plerorumque
563 2637 736 2676 codicum,
759 2643 870 2668 tamen
890 2645 948 2677 per

237 2681 349 2723 ipsam
364 2692 436 2713 rem
450 2682 535 2713 salsa
550 2687 622 2712 est:
658 2691 735 2712 nam
755 2682 867 2723 palam
884 2685 948 2718 est,

239 2727 359 2758 Gallos
383 2727 587 2757 detrectasse
616 2735 765 2767 pugnam
794 2724 869 2757 acie
898 2724 950 2755 in-

241 2777 379 2803 structa.
407 2771 533 2802 Verum
550 2780 685 2801 sensnm
700 2769 868 2811 metaphr.
891 2769 949 2800 Gr.

237 2815 417 2857 expressit.
442 2816 490 2847 M.
537 2814 712 2853 Quantum
733 2813 848 2852 video,
872 2812 953 2844 viti-

241 2871 338 2891 osum
368 2859 402 2891 id
436 2861 548 2891 minus
580 2869 698 2891 omnes
728 2858 867 2890 codices
890 2857 953 2890 ob-

244 2905 436 2981 ὃιάἓὲάωτὶι
452 2948 527 2980 scil.
542 2950 666 2981 Caesar.
690 2949 741 2980 M.

289 2995 525 3038 Eporediriye.
552 2992 701 3037 Respice
715 2993 758 3026 ad
773 3003 805 3026 c.
820 2994 874 3026 38.

1062 2588 1274 2622 Αωροριίρνρ.
1298 2586 1343 2617 al.
1355 2583 1554 2628 prcecedere.

1063 2636 1176 2669 Quam
1200 2632 1343 2666 humiles
1370 2632 1556 2671 accepisset.

1065 2724 1111 2755 Et
1133 2733 1241 2765 quam
1267 2723 1305 2752 in
1323 2719 1405 2761 fort.
1441 2714 1726 2758 conjunctionem

1023 2766 1189 2811 praemisit
1205 2765 1297 2796 Oud.
1320 2774 1339 2795 e
1354 2762 1454 2794 codd.
1470 2766 1505 2792 et
1524 2761 1603 2792 edd.
1619 2765 1689 2792 vet.

1068 2813 1226 2843 Bibracte
1257 2809 1299 2840 ab
1327 2808 1466 2839 AEtluis.
1487 2804 1550 2837 alii
1580 2804 1731 2838 Bibracti

1020 2858 1075 2889 vel
1091 2867 1115 2888 a
1132 2856 1299 2887 Bibracte.

1071 2903 1137 2933 Aut
1163 2900 1302 2930 itineris.
1353 2895 1438 2928 Haec
1461 2894 1599 2926 verbaa
1614 2893 1733 2926 multis

1025 2946 1130 2978 codd.
1167 2948 1202 2976 et
1226 2943 1301 2975 edd.
1337 2940 1474 2979 absunt,
1503 2950 1566 2973 nec
1595 2938 1736 2973 Graecus

1020 2991 1138 3023 habet.

1602 2625 1658 2658 ef.
1693 2628 1726 2665 s,
