1946 3261
596 169 714 214 LIB.
749 168 834 213 ΙΙΙ.
898 169 1036 213 CAP.
1069 168 1259 212 26—28.
1585 168 1675 213 363

190 299 308 344 milia
330 313 532 359 passuum
553 299 655 350 tria,
687 314 738 342 eo
771 313 902 342 naves
933 298 1288 348 introduxerunt,
1318 298 1414 356 (qui
1446 304 1602 356 portus
1620 297 1678 341 ab

192 360 346 404 Africo
368 360 620 419 tegebatur,
640 358 697 402 ab
717 367 867 402 austro
901 373 985 400 non
1014 366 1109 400 erat
1132 361 1290 415 tutus,)
1321 357 1547 415 leviusque
1569 364 1678 400 tem-

189 420 388 478 pestatis,
418 436 552 477 quam
573 418 730 468 classim
763 417 1003 476 periculum
1025 416 1365 460 aestimaverunt.
1431 417 1532 467 Quo
1552 416 1679 460 simul

188 488 251 522 att
268 496 320 523 ue
363 479 476 522 intus
512 486 577 521 est
607 478 734 527 itum,
769 475 1014 520 incredibili
1052 475 1260 518 felicitate
1295 484 1455 526 auster,
1487 476 1563 534 qui
1599 492 1680 535 per

190 497 374 582 biduum
396 538 595 586 flaverat,
615 537 660 580 in
682 536 887 579 Africum
906 552 950 578 se
971 534 1122 578 vertit.

248 597 320 639 27.
356 597 443 640 Hic
480 596 673 639 subitam
713 595 1093 638 commutationem
1133 593 1321 636 fortunae
1356 593 1504 636 videre
1540 593 1678 638 licuit.

193 655 280 706 Qui
310 656 437 698 modo
471 655 552 698 sibi
585 655 840 703 timuerant,
874 654 948 696 hos
969 652 1208 696 tutissimus
1240 660 1397 710 portus
1419 653 1678 711 recipiebat:

189 714 265 772 qui
285 714 442 757 nostris
464 713 650 756 navibus
667 713 914 772 periculum
933 713 1188 762 intulerant,
1210 711 1264 754 de
1286 726 1362 753 suo
1385 711 1541 754 timere
1558 728 1681 770 coge-

192 774 369 819 bantur.
434 772 608 830 Itaque,
645 781 842 830 tempore
874 780 1162 821 commutato,
1193 778 1428 829 tempestas
1449 778 1495 812 et
1516 780 1684 814 nostros

191 833 318 883 texit,
351 840 397 874 et
419 847 547 875 naves
570 831 763 874 Rhodias
796 831 983 881 adflixit,
1013 831 1076 873 ita
1109 840 1161 873 ut
1191 831 1247 873 ad
1267 845 1397 872 unam
1419 845 1564 872 omnes
1584 845 1682 873 con-

191 900 354 941 stratae,
391 907 570 935 numero
601 891 803 941 sedecim,
839 891 1107 934 eliderentur
1130 899 1175 933 et
1202 889 1431 948 naufragio
1453 888 1685 932 interirent

191 960 237 995 et
269 967 323 994 ex
344 966 502 1008 magno
535 951 750 1009 remigum
785 958 1253 1009 propugnatorumque
1287 964 1467 992 numero
1500 963 1602 1007 pars
1631 949 1685 992 ad

189 1010 390 1069 scopulos
423 1010 560 1053 adlisa
589 1009 928 1060 interficeretur,
961 1026 1062 1068 pars
1093 1010 1151 1052 ab
1173 1009 1330 1052 nostris
1352 1007 1682 1052 detraheretur:

190 1087 301 1129 quos
322 1085 469 1114 omnes
489 1078 765 1113 conservatos
788 1070 932 1113 Caesar
953 1070 1130 1112 domum
1154 1068 1334 1112 remisit.

250 1130 322 1172 28.
359 1129 534 1173 Nostrae
554 1145 683 1172 naves
713 1128 828 1178 duae,
865 1128 1034 1172 tardius
1055 1145 1183 1171 cursu
1204 1128 1418 1176 confecto,
1450 1127 1493 1169 in
1515 1134 1686 1170 noctem

192 1189 413 1248 conjectae,
443 1205 581 1246 quum
613 1189 883 1248 ignorarent,
915 1203 1047 1245 quem
1080 1188 1224 1230 locum
1258 1187 1438 1245 reliquae
1458 1187 1684 1245 cepissent,

193 1256 348 1290 contra
370 1247 538 1290 Lissum
572 1248 614 1291 in
635 1248 802 1290 ancoris
823 1248 1129 1291 constiterunt.
1196 1247 1304 1298 Has,
1328 1245 1497 1304 scaphis
1515 1246 1686 1290 minori-

195 1308 361 1364 busque
384 1306 567 1365 navigiis
585 1307 888 1365 compluribus
905 1307 1136 1356 submissis,
1158 1306 1374 1349 Otacilius
1393 1306 1590 1356 Crassus,
1612 1306 1689 1364 qui

197 1365 305 1408 Lissi
329 1375 532 1424 praeerat,
556 1381 808 1425 expugnare
830 1366 1036 1424 parabat:
1070 1366 1198 1408 simul
1217 1366 1271 1408 de
1291 1364 1515 1408 deditione
1537 1381 1687 1408 eorum

192 1426 354 1483 agebat
374 1433 419 1468 et
441 1425 785 1468 incolumitatem
804 1425 960 1468 deditis
981 1424 1290 1483 pollicebatur.
1354 1423 1527 1466 Harum
1548 1424 1688 1468 altera

195 1485 317 1528 navis
344 1484 553 1528 ducentos
577 1484 733 1543 viginti
766 1501 818 1527 ex
842 1484 1012 1543 legione
1045 1483 1237 1527 tironum
1258 1482 1518 1526 sustulerat:
1551 1483 1688 1527 altera

193 1560 248 1586 ex
285 1552 492 1586 veterana
533 1544 684 1602 paullo
725 1544 866 1586 minus
903 1543 1114 1587 ducentis.
1181 1542 1268 1585 Hic
1306 1542 1508 1600 cognosci
1547 1542 1688 1593 licuit,

195 1612 407 1659 quantum
458 1612 568 1645 esset
619 1602 864 1645 hominibus
914 1602 1101 1661 praesidii
1152 1601 1194 1644 in
1236 1601 1367 1644 animi
1408 1601 1685 1646 firmitudine.

196 1662 377 1705 Tirones
409 1662 540 1712 enim,
572 1661 855 1705 multitudine
888 1662 1063 1705 navium
1093 1661 1318 1720 perterriti
1338 1668 1384 1703 et
1404 1661 1496 1703 salo
1518 1676 1688 1704 nausea-

195 1738 281 1779 que
302 1720 507 1770 confecti,
537 1721 824 1779 jurejurando
858 1730 1055 1780 accepto,
1090 1719 1195 1764 nihil
1219 1720 1270 1764 iis
1291 1720 1513 1763 nocituros
1533 1720 1689 1771 hostes,

193 1797 237 1823 se
261 1780 452 1824 Otacilio
474 1780 759 1824 dediderunt:
795 1781 872 1838 qui
895 1797 1053 1832 omnes,
1085 1780 1141 1823 ad
1163 1796 1264 1823 eum
1285 1779 1508 1838 producti,
1538 1788 1692 1824 contra

195 1839 451 1898 religionem
480 1840 762 1898 jurisjurandi
794 1841 837 1884 in
859 1839 950 1899 ejus
983 1848 1217 1898 conspectu
1241 1838 1534 1882 crudelissime
1559 1840 1689 1884 inter-

195 1898 419 1942 ficiuntur.
485 1900 548 1942 At
568 1909 788 1944 veteranae
819 1900 1001 1959 legionis
1033 1900 1208 1949 milites,
1243 1900 1346 1942 item
1378 1898 1616 1942 conflictati
1647 1908 1692 1943 et

197 2033 265 2065 vid.
282 2033 459 2066 Fabricius
483 2034 526 2066 ad
550 2034 654 2066 Dion.
671 2033 765 2066 Cass.
784 2037 837 2073 41,
856 2038 910 2067 45.

246 2122 370 2153 Lissus.
397 2122 478 2154 urbs
493 2122 614 2154 ultima
630 2122 757 2164 Illyrici
775 2124 817 2155 ad
836 2124 910 2156 Ma-

197 2166 390 2198 cedoniam.
418 2169 544 2199 Cellar.

244 2212 367 2244 Portus
397 2213 440 2244 ab
475 2212 585 2253 Africo
617 2217 680 2252 leq.
729 2212 911 2253 Perperam

200 2255 377 2287 Lucanum
393 2256 623 2288 contradicere
640 2256 768 2288 Caesari
787 2260 819 2290 5.
837 2258 910 2288 720.

198 2305 315 2331 censet
329 2300 447 2332 Davis.
487 2301 528 2331 V.
546 2302 759 2333 Burmannus
774 2302 817 2332 ad
832 2311 913 2332 eum

198 2344 324 2375 locum.

247 2388 343 2421 Intus
380 2395 425 2421 est
458 2391 555 2422 itmn.
612 2388 802 2421 Dicendum
842 2395 914 2421 erat

199 2434 298 2464 intro.
343 2433 408 2464 Sed
439 2440 474 2465 et
504 2434 645 2466 Plautus
668 2434 746 2465 Cas.
775 2438 806 2471 5,
832 2437 911 2473 2,7,

202 2475 306 2508 habet
328 2479 416 2510 intus
442 2478 581 2510 deduxi.
625 2478 747 2510 Celsus
773 2480 804 2517 7,
827 2481 861 2509 4.
886 2481 916 2509 si

200 2526 292 2554 recca
317 2524 407 2554 intas
429 2523 583 2554 tendant.
631 2523 732 2555 Multi
759 2524 859 2555 codd.
879 2522 913 2555 in

201 2572 318 2597 nostro
334 2566 412 2598 loco
428 2566 554 2598 habent
567 2569 667 2599 intro.

248 2610 477 2643 Eadm-entur.
501 2610 584 2643 inter
601 2613 773 2653 scopulos.

248 2656 519 2688 Dtetraheretur.
564 2655 721 2687 Clarkius
752 2654 914 2696 explicat,

201 2698 342 2740 dimersi.
365 2701 558 2740 capiamur.
604 2700 672 2731 Vix
697 2701 743 2731 ita
759 2700 827 2731 dici
847 2701 912 2731 hoc

203 2748 329 2783 potest.
376 2743 466 2774 Oud.
481 2745 710 2776 detraheretur
735 2755 754 2775 e
779 2745 913 2776 duobus

204 2787 305 2818 codd.
321 2787 388 2828 legi
404 2788 489 2826 vult,
505 2795 538 2820 et
555 2789 715 2830 explicat,
730 2799 750 2820 a
763 2789 914 2830 scopulis

204 2831 373 2864 detractos
386 2843 470 2865 esse.
517 2833 622 2865 Bene.
652 2832 814 2865 Davisius
837 2844 915 2866 cor-

979 2036 1071 2077 rigit,
1101 2036 1346 2073 extraheretur,
1378 2041 1411 2066 et
1442 2046 1484 2068 ex
1514 2046 1603 2077 aqua
1632 2047 1692 2069 ex-

980 2087 1106 2112 tractos
1123 2079 1296 2121 intelligit.
1315 2080 1366 2111 Μ.
1411 2080 1563 2122 Reposui
1579 2082 1691 2114 detra-

979 2128 1125 2163 heretur,
1150 2124 1225 2156 scil.
1243 2134 1263 2155 a
1281 2123 1445 2166 scopulis,
1467 2125 1593 2167 quibus
1615 2125 1693 2158 inli-

983 2170 1161 2201 debantur.

1027 2215 1136 2245 Paulo
1165 2217 1276 2246 minus
1301 2214 1460 2247 ducentis.
1508 2216 1590 2247 Post
1617 2215 1688 2248 haec

979 2258 1087 2289 verba
1106 2258 1138 2289 in
1155 2259 1232 2290 edd.
1248 2259 1394 2297 additur,
1409 2269 1444 2290 se
1457 2262 1689 2302 compleverat,

980 2301 1098 2333 invitis
1122 2302 1316 2334 codicibus.
1339 2304 1391 2335 M.
1438 2303 1494 2335 Sic
1518 2305 1561 2336 G.
1582 2306 1610 2343 l,
1638 2308 1688 2337 15.

977 2348 1126 2388 ampliu-5
1138 2349 1246 2390 quinis
1261 2348 1421 2380 millibus.
1466 2347 1521 2380 Cf.
1534 2354 1568 2380 et
1584 2352 1616 2388 8,
1636 2351 1686 2380 10.

980 2390 1018 2422 C.
1042 2393 1068 2431 1,
1087 2394 1128 2423 89-
1155 2398 1220 2423 etc.
1267 2392 1361 2423 Alias
1383 2393 1604 2425 accusativus
1627 2393 1688 2424 ob-

979 2435 1077 2474 tinet,
1091 2441 1128 2468 ut
1143 2437 1185 2468 G.
1202 2441 1234 2476 5,
1251 2440 1305 2474 53,
1320 2439 1352 2476 S,
1372 2438 1411 2468 16
1425 2443 1490 2469 etc.

1028 2482 1094 2512 His
1121 2481 1206 2523 (leg.
1238 2482 1320 2519 Hic,
1347 2481 1410 2513 etsi
1442 2483 1555 2514 nullus
1581 2483 1688 2515 codex

980 2524 1099 2564 habet)
1111 2528 1322 2567 cayno,3ci—.
1340 2527 1391 2557 M.
1421 2527 1512 2558 Bene
1523 2527 1570 2558 sic
1583 2527 1687 2569 vulgo

978 2576 1166 2611 receptum.
1211 2570 1353 2612 Sequor.

1026 2615 1265 2647 Firmitudine.
1310 2614 1379 2646 Alii
1390 2615 1597 2655 fortitudine.
1636 2616 1689 2648 Cf.

980 2658 1022 2690 G.
1044 2662 1054 2689 l
1063 2683 1073 2698 ,
1090 2664 1122 2691 3.

1028 2704 1198 2735 Producti.
1246 2703 1316 2736 Alii
1330 2703 1494 2745 perducti.

1029 2749 1123 2780 leem.
1171 2748 1227 2779 Sic
1244 2754 1279 2780 et
1294 2749 1335 2780 G.
1355 2751 1384 2785 l,
1402 2750 1454 2779 36.
1469 2752 1502 2779 et
1519 2759 1597 2781 mox
1611 2760 1688 2793 cap.

982 2795 1037 2824 31.
1083 2792 1245 2825 Heinsius
1261 2792 1411 2825 malebat
1429 2792 1556 2826 itidem.
