1946 3261
382 504 471 576 C.
551 506 899 580 JULII³
969 506 1509 582 CAESARIS

659 690 1238 749 COMMENTARII

480 842 597 892 DE
647 843 940 894 BELLO
996 845 1411 895 GALLICO.

691 1164 878 1208 LIBER
909 1164 1198 1208 TERTIUS.

901 1260 987 1267 ——

772 1318 1121 1346 ARGUMENTUM.

203 1377 229 1408 Ι.
256 1377 411 1409 BELLUM
430 1379 798 1421 ALPINORmr.—-Cap.
818 1382 846 1410 l.
872 1379 1021 1410 Hiberna
1039 1377 1148 1409 Servii
1164 1377 1284 1409 Galbae
1308 1376 1341 1408 in
1359 1376 1517 1419 Veragris
1540 1384 1573 1410 et
1593 1377 1683 1410 Nan-

248 1422 410 1453 tuatibus.
456 1427 487 1454 2.
511 1423 626 1454 Motus
649 1423 837 1455 Gallorum.
885 1426 981 1454 3—6.
1007 1421 1196 1454 Periculum
1230 1422 1393 1453 Romanae
1418 1422 1576 1463 legionis.
1608 1423 1682 1454 vic-

248 1465 349 1497 toria.
374 1466 437 1498 iter
452 1467 486 1498 in
504 1467 732 1498 Provinciam.

204 1510 245 1540 Il.
270 1509 426 1541 BELLUM
446 1510 820 1552 anerrcmr.-Cap.
835 1512 954 1542 7—11.
971 1510 1105 1542 Novum
1120 1510 1246 1541 bellum
1258 1508 1290 1540 in
1305 1509 1477 1542 Armorica
1487 1509 1684 1542 auctoribus

250 1552 390 1584 Venetis
412 1553 610 1585 conflatum.
633 1556 810 1595 adparatus
834 1556 875 1585 ad
897 1555 931 1585 id
955 1554 1096 1585 bellum.
1147 1557 1195 1591 12,
1225 1555 1275 1584 13.
1305 1553 1394 1584 Situs
1421 1553 1625 1586 Venetorum
1649 1561 1683 1586 et

245 1602 413 1628 armatura
427 1597 559 1629 classis.
610 1600 747 1629 14—16.
772 1598 933 1628 Proelium
950 1598 1080 1630 navale.
1104 1597 1218 1628 clades
1236 1597 1454 1628 Venetorum.

202 1641 259 1672 111.
290 1640 446 1672 BELLUM
478 1642 860 1683 Umerronum.—Cap.
887 1644 938 1672 17.
975 1641 1038 1672 Iter
1071 1640 1115 1678 Q.
1144 1639 1267 1672 Titurii
1306 1640 1340 1671 in
1371 1641 1525 1673 Unellos,
1563 1647 1683 1674 castra.

251 1687 301 1722 18,
323 1685 373 1715 19.
397 1685 511 1716 Unelli
527 1686 654 1717 ratione
669 1692 701 1717 et
718 1685 863 1717 consilio
878 1685 1039 1726 superati.

202 1728 262 1760 lv.
287 1729 504 1761 ΕΧΡΕῡιΤιο
530 1731 566 1761 P.
589 1729 725 1761 CRASSI
760 1739 796 1761 IN
822 1730 1216 1771 AQir1mN1An1.-Cap.
1241 1730 1382 1760 20—22.
1419 1728 1562 1760 Sotiates
1591 1739 1612 1760 a
1643 1731 1682 1761 P.

244 1772 366 1806 Crasso
382 1773 476 1805 victi.
498 1773 655 1805 soldurii.
701 1776 844 1805 23—-27,
869 1772 1006 1804 Deditio
1022 1772 1178 1804 maximae
1194 1771 1297 1814 partis
1312 1771 1514 1813 Aquitaniae.

202 1816 246 1848 V.
270 1818 487 1848 Exmzm‘rro
503 1817 672 1849 CAESARIS
692 1826 730 1848 ΙΝ
749 1817 926 1849 Monmos
946 1826 992 1848 Er
1009 1817 1355 1858 MENAP1os.—-Cap.
1371 1820 1425 1848 28.
1449 1818 1514 1848 Iter
1537 1816 1680 1849 Caesaris

243 1862 285 1892 ad
303 1861 430 1893 hostes.
452 1867 608 1903 receptus
623 1860 834 1892 Morinorum
851 1860 883 1892 in
898 1860 1013 1892 silvas.
1034 1860 1168 1903 inpetus
1185 1860 1218 1893 in
1238 1862 1423 1893 Romanos.
1459 1864 1514 1893 29.
1530 1861 1683 1894 Consilia

244 1905 386 1938 (taesaris
400 1905 657 1948 tempestatibus
673 1905 835 1948 inpedita.
858 1904 1010 1937 hiberna.

203 1989 419 2066 QUUM
453 2007 495 2050 in
520 2008 690 2051 Italiam
711 2007 1062 2067 proficisceretur
1084 2009 1241 2058 Caesar,
1268 2008 1471 2051 Servium
1493 2009 1681 2052 Galbam

199 2082 298 2108 cum
337 2066 508 2125 legione
545 2067 802 2111 duodecima
844 2076 889 2109 et
928 2075 1055 2125 parte
1095 2067 1316 2124 equitatus
1353 2067 1395 2109 in
1429 2068 1680 2117 Nantuatis,

200 2124 419 2183 Veragros
455 2125 740 2184 Sedunosque
770 2125 901 2175 misit,
938 2125 1015 2183 qui
1052 2127 1108 2168 ab
1130 2126 1286 2168 finibus
1309 2125 1605 2185 Allobrogum
1636 2137 1682 2169 et

196 2182 294 2225 lacu
339 2183 556 2227 Lemanno
592 2193 638 2228 et
667 2184 842 2227 flumine
873 2184 1087 2227 Rhodano
1116 2184 1171 2226 ad
1207 2200 1390 2227 summas
1412 2185 1550 2243 Alpes
1580 2202 1679 2244 per-

195 2242 350 2285 tinent.
414 2244 575 2286 Caussa
615 2242 816 2285 mittendi
856 2243 956 2292 fuit,
996 2243 1115 2300 quod
1157 2243 1242 2286 iter
1284 2259 1364 2302 per
1407 2243 1551 2302 Alpis,
1591 2260 1680 2301 quo

195 2316 351 2359 magno
373 2318 471 2344 cum
494 2302 691 2360 periculo
713 2301 964 2359 magnisque
985 2318 1084 2344 cum
1105 2302 1312 2360 portoriis
1334 2311 1595 2345 mercatores
1617 2303 1680 2345 ire

196 2369 466 2411 consuerant,
498 2360 695 2419 patefieri
726 2360 916 2402 volebat.
983 2360 1100 2402 Huic
1132 2361 1345 2419 permisit,
1384 2361 1417 2403 si
1449 2377 1559 2419 opus
1590 2377 1678 2403 esse

194 2417 501 2468 arbitraretur,
534 2419 599 2462 uti
630 2420 673 2461 in
703 2419 761 2461 eis
797 2418 900 2461 locis
933 2419 1148 2477 legionem
1176 2419 1393 2462 hiemandi
1415 2435 1560 2462 caussa
1581 2435 1678 2462 con-

194 2474 373 2518 locaret.
438 2477 597 2527 Galba,
627 2476 825 2520 secundis
854 2477 1022 2534 aliquot
1048 2477 1214 2536 proeliis
1235 2478 1374 2527 factis,
1407 2477 1678 2534 castellisque

194 2534 494 2592 compluribus
523 2553 675 2579 eorum
705 2537 980 2593 expugnatis,
1021 2537 1155 2579 missis
1185 2536 1240 2578 ad
1264 2553 1363 2579 eum
1395 2535 1588 2592 undique
1621 2537 1680 2579 le-

225 2592 306 2634 atis
343 2593 654 2651 obsidibusque
690 2595 802 2636 datis
834 2602 878 2636 et
917 2612 1023 2654 pace
1054 2596 1183 2644 facta,
1216 2594 1459 2642 constituit,
1491 2593 1680 2637 cohortis

193 2608 301 2693 {uas
343 2651 385 2693 in
425 2653 722 2695 Nantuatibus
764 2652 990 2697 conlocare
1030 2663 1076 2696 et
1112 2654 1201 2711 ipse
1240 2670 1338 2695 cum
1374 2652 1552 2709 reliquis
1588 2654 1681 2711 ejus

193 2708 375 2768 legionis
398 2710 650 2753 cohortibus
669 2711 711 2753 in
730 2711 825 2753 vico
846 2711 1162 2771 Veragrorum,
1182 2712 1258 2768 qui
1276 2710 1529 2769 adpellatur
1549 2712 1684 2755 Octo-

192 2767 346 2818 durus,
385 2768 599 2811 hiemare:
652 2769 728 2827 qui
770 2769 903 2822 vicus,
948 2771 1114 2831 positus
1153 2770 1196 2812 in
1234 2771 1360 2820 valle,
1403 2784 1487 2813 non
1527 2787 1683 2830 magna

242 2899 327 2929 Cum
339 2900 503 2939 p07·torii.s·.
527 2898 663 2929 Graecus
674 2899 759 2929 male
772 2898 903 2942 cogn-1015.
978 2897 1255 2940 Plaepositionem
1270 2898 1442 2939 praefigunt
1452 2899 1550 2930 codd.
1561 2904 1595 2930 et
1605 2899 1684 2930 edd.

194 2940 432 2982 Intelliguntur
447 2941 537 2972 enim
550 2942 730 2984 vectigalia
745 2954 765 2974 a
780 2954 909 2975 merca·
978 2949 1046 2976 vet.

195 2984 326 3018 toribus
336 2996 396 3028 pro
408 2985 547 3020 transitu
559 2987 721 3022 mercium
733 2986 910 3031 exigenda.
1021 2988 1066 3022 Ec
1080 2989 1163 3030 ipse,
1208 2986 1492 3030 Conjunetionem
1507 2987 1649 3030 ejectam
1663 2997 1684 3020 a
