<?xml version="1.0" encoding="UTF-8"?>
<!DOCTYPE html PUBLIC "-//W3C//DTD XHTML 1.0 Transitional//EN"
    "http://www.w3.org/TR/xhtml1/DTD/xhtml1-transitional.dtd">
<html xmlns="http://www.w3.org/1999/xhtml" xml:lang="en" lang="en">
 <head>
  <title>
</title>
<meta http-equiv="Content-Type" content="text/html;charset=utf-8" />
  <meta name='ocr-system' content='tesseract 3.04.00' />
  <meta name='ocr-capabilities' content='ocr_page ocr_carea ocr_par ocr_line ocrx_word'/>
</head>
<body>
  <div class='ocr_page' id='page_1' title='image "./commentariidebel00caesuoft_0478.png"; bbox 0 0 1946 3261; ppageno 0'>
   <div class='ocr_carea' id='block_1_1' title="bbox 224 210 1439 258">
    <p class='ocr_par' dir='ltr' id='par_1_1' title="bbox 224 210 1439 258">
     <span class='ocr_line' id='line_1_1' title="bbox 224 210 1439 258; baseline -0.003 -1"><span class='ocrx_word' id='word_1_1' title='bbox 224 212 311 258; x_wconf 85' lang='lat'>438</span> <span class='ocrx_word' id='word_1_2' title='bbox 460 215 514 256; x_wconf 86' lang='lat' dir='ltr'>A.</span> <span class='ocrx_word' id='word_1_3' title='bbox 546 210 744 256; x_wconf 88' lang='lat' dir='ltr'>HIRTII</span> <span class='ocrx_word' id='word_1_4' title='bbox 777 211 862 256; x_wconf 91' lang='lat' dir='ltr'>DE</span> <span class='ocrx_word' id='word_1_5' title='bbox 892 210 1094 256; x_wconf 88' lang='lat' dir='ltr'>BELLO</span> <span class='ocrx_word' id='word_1_6' title='bbox 1125 211 1439 256; x_wconf 83' lang='lat' dir='ltr'><strong>ALEXAND.</strong></span> 
     </span>
    </p>
   </div>
   <div class='ocr_carea' id='block_1_2' title="bbox 205 334 1686 2367">
    <p class='ocr_par' dir='ltr' id='par_1_2' title="bbox 217 334 1686 848">
     <span class='ocr_line' id='line_1_2' title="bbox 225 334 1684 396; baseline -0.003 -14"><span class='ocrx_word' id='word_1_7' title='bbox 225 336 489 396; x_wconf 80' lang='lat' dir='ltr'>Compressis</span> <span class='ocrx_word' id='word_1_8' title='bbox 509 338 633 396; x_wconf 89' lang='lat' dir='ltr'>pueri</span> <span class='ocrx_word' id='word_1_9' title='bbox 653 337 850 387; x_wconf 77' lang='lat' dir='ltr'><strong>lacrimis,</strong></span> <span class='ocrx_word' id='word_1_10' title='bbox 874 338 1015 379; x_wconf 88' lang='lat' dir='ltr'>Caesar</span> <span class='ocrx_word' id='word_1_11' title='bbox 1035 336 1125 394; x_wconf 87' lang='lat' dir='ltr'>ipse</span> <span class='ocrx_word' id='word_1_12' title='bbox 1146 344 1399 385; x_wconf 86' lang='lat' dir='ltr'>commotus,</span> <span class='ocrx_word' id='word_1_13' title='bbox 1417 335 1631 384; x_wconf 81' lang='lat' dir='ltr'>celeriter,</span> <span class='ocrx_word' id='word_1_14' title='bbox 1649 334 1684 378; x_wconf 83' lang='lat' dir='ltr'>si</span> 
     </span>
     <span class='ocr_line' id='line_1_3' title="bbox 223 391 1680 445; baseline -0.004 -6"><span class='ocrx_word' id='word_1_15' title='bbox 223 396 296 439; x_wconf 88' lang='lat' dir='ltr'>illa</span> <span class='ocrx_word' id='word_1_16' title='bbox 313 396 505 445; x_wconf 83' lang='lat' dir='ltr'><strong>sentiret,</strong></span> <span class='ocrx_word' id='word_1_17' title='bbox 528 396 620 438; x_wconf 87' lang='lat' dir='ltr'>fore</span> <span class='ocrx_word' id='word_1_18' title='bbox 641 412 738 439; x_wconf 90' lang='lat' dir='ltr'>eum</span> <span class='ocrx_word' id='word_1_19' title='bbox 758 410 899 438; x_wconf 90' lang='lat' dir='ltr'>secum</span> <span class='ocrx_word' id='word_1_20' title='bbox 919 393 1157 442; x_wconf 85' lang='lat' dir='ltr'>adfirmans,</span> <span class='ocrx_word' id='word_1_21' title='bbox 1180 394 1236 435; x_wconf 91' lang='lat' dir='ltr'>ad</span> <span class='ocrx_word' id='word_1_22' title='bbox 1257 410 1354 436; x_wconf 85' lang='lat' dir='ltr'>suos</span> <span class='ocrx_word' id='word_1_23' title='bbox 1373 393 1549 436; x_wconf 75' lang='lat' dir='ltr'>dimisit.</span> <span class='ocrx_word' id='word_1_24' title='bbox 1582 391 1680 441; x_wconf 75' lang='lat' dir='ltr'>Ille,</span> 
     </span>
     <span class='ocr_line' id='line_1_4' title="bbox 220 451 1684 500; baseline -0.003 -5"><span class='ocrx_word' id='word_1_25' title='bbox 220 462 271 496; x_wconf 85' lang='lat' dir='ltr'>ut</span> <span class='ocrx_word' id='word_1_26' title='bbox 307 470 361 495; x_wconf 83' lang='lat' dir='ltr'>ex</span> <span class='ocrx_word' id='word_1_27' title='bbox 397 454 641 497; x_wconf 85' lang='lat' dir='ltr'>carceribus</span> <span class='ocrx_word' id='word_1_28' title='bbox 672 454 717 496; x_wconf 89' lang='lat' dir='ltr'>in</span> <span class='ocrx_word' id='word_1_29' title='bbox 751 455 934 496; x_wconf 87' lang='lat' dir='ltr'>liberum</span> <span class='ocrx_word' id='word_1_30' title='bbox 968 465 1140 493; x_wconf 85' lang='lat' dir='ltr'>cursum</span> <span class='ocrx_word' id='word_1_31' title='bbox 1177 451 1366 500; x_wconf 88' lang='lat' dir='ltr'>emissus,</span> <span class='ocrx_word' id='word_1_32' title='bbox 1397 452 1506 494; x_wconf 88' lang='lat' dir='ltr'>adeo</span> <span class='ocrx_word' id='word_1_33' title='bbox 1533 457 1684 493; x_wconf 82' lang='lat' dir='ltr'>contra</span> 
     </span>
     <span class='ocr_line' id='line_1_5' title="bbox 222 507 1686 566; baseline -0.002 -13"><span class='ocrx_word' id='word_1_34' title='bbox 222 512 434 555; x_wconf 84' lang='lat' dir='ltr'>Caesarem</span> <span class='ocrx_word' id='word_1_35' title='bbox 462 512 617 555; x_wconf 85' lang='lat' dir='ltr'>acriter</span> <span class='ocrx_word' id='word_1_36' title='bbox 646 512 807 552; x_wconf 72' lang='lat' dir='ltr'>bellum</span> <span class='ocrx_word' id='word_1_37' title='bbox 837 522 986 565; x_wconf 85' lang='lat' dir='ltr'>gerere</span> <span class='ocrx_word' id='word_1_38' title='bbox 1016 509 1165 566; x_wconf 83' lang='lat' dir='ltr'>coepit,</span> <span class='ocrx_word' id='word_1_39' title='bbox 1195 518 1245 551; x_wconf 88' lang='lat' dir='ltr'>ut</span> <span class='ocrx_word' id='word_1_40' title='bbox 1274 509 1485 559; x_wconf 85' lang='lat' dir='ltr'>lacrimas,</span> <span class='ocrx_word' id='word_1_41' title='bbox 1515 524 1623 565; x_wconf 85' lang='lat' dir='ltr'>quas</span> <span class='ocrx_word' id='word_1_42' title='bbox 1640 507 1686 550; x_wconf 68' lang='lat' dir='ltr'>iii</span> 
     </span>
     <span class='ocr_line' id='line_1_6' title="bbox 221 565 1683 629; baseline -0.001 -20"><span class='ocrx_word' id='word_1_43' title='bbox 221 570 452 628; x_wconf 86' lang='lat' dir='ltr'>conloquio</span> <span class='ocrx_word' id='word_1_44' title='bbox 473 571 726 629; x_wconf 76' lang='lat' dir='ltr'>projecerat,</span> <span class='ocrx_word' id='word_1_45' title='bbox 750 566 907 624; x_wconf 84' lang='lat' dir='ltr'>gaudio</span> <span class='ocrx_word' id='word_1_46' title='bbox 927 565 1149 609; x_wconf 85' lang='lat' dir='ltr'>videretur</span> <span class='ocrx_word' id='word_1_47' title='bbox 1169 567 1420 625; x_wconf 87' lang='lat' dir='ltr'>profudisse.</span> <span class='ocrx_word' id='word_1_48' title='bbox 1468 566 1683 609; x_wconf 76' lang='lat' dir='ltr'>Accidisse</span> 
     </span>
     <span class='ocr_line' id='line_1_7' title="bbox 217 624 1685 687; baseline -0.005 -14"><span class='ocrx_word' id='word_1_49' title='bbox 217 627 298 670; x_wconf 82' lang='lat' dir='ltr'>hoe</span> <span class='ocrx_word' id='word_1_50' title='bbox 318 630 555 687; x_wconf 80' lang='lat' dir='ltr'>complures</span> <span class='ocrx_word' id='word_1_51' title='bbox 575 625 752 667; x_wconf 75' lang='lat' dir='ltr'>Caesaris</span> <span class='ocrx_word' id='word_1_52' title='bbox 770 624 939 682; x_wconf 84' lang='lat' dir='ltr'>Legati,</span> <span class='ocrx_word' id='word_1_53' title='bbox 959 624 1099 674; x_wconf 87' lang='lat' dir='ltr'>amici,</span> <span class='ocrx_word' id='word_1_54' title='bbox 1124 626 1424 675; x_wconf 86' lang='lat' dir='ltr'>Centuriones,</span> <span class='ocrx_word' id='word_1_55' title='bbox 1446 625 1685 681; x_wconf 74' lang='lat' dir='ltr'>militesque</span> 
     </span>
     <span class='ocr_line' id='line_1_8' title="bbox 217 682 1678 742; baseline -0.003 -14"><span class='ocrx_word' id='word_1_56' title='bbox 217 685 490 732; x_wconf 82' lang='lat' dir='ltr'>laetabantur,</span> <span class='ocrx_word' id='word_1_57' title='bbox 504 682 621 739; x_wconf 87' lang='lat' dir='ltr'>quod</span> <span class='ocrx_word' id='word_1_58' title='bbox 639 683 768 725; x_wconf 86' lang='lat' dir='ltr'>nimia</span> <span class='ocrx_word' id='word_1_59' title='bbox 787 683 954 724; x_wconf 89' lang='lat' dir='ltr'>bonitas</span> <span class='ocrx_word' id='word_1_60' title='bbox 972 683 1010 740; x_wconf 87' lang='lat' dir='ltr'>ej</span> <span class='ocrx_word' id='word_1_61' title='bbox 1018 699 1062 725; x_wconf 84' lang='lat' dir='ltr'>us</span> <span class='ocrx_word' id='word_1_62' title='bbox 1080 684 1258 726; x_wconf 85' lang='lat' dir='ltr'>fallaciis</span> <span class='ocrx_word' id='word_1_63' title='bbox 1273 685 1398 742; x_wconf 86' lang='lat' dir='ltr'>pueri</span> <span class='ocrx_word' id='word_1_64' title='bbox 1413 684 1530 726; x_wconf 86' lang='lat' dir='ltr'>elusa</span> <span class='ocrx_word' id='word_1_65' title='bbox 1545 690 1678 725; x_wconf 85' lang='lat' dir='ltr'>esset:</span> 
     </span>
     <span class='ocr_line' id='line_1_9' title="bbox 218 740 1681 800; baseline -0.002 -12"><span class='ocrx_word' id='word_1_66' title='bbox 218 746 462 800; x_wconf 89' lang='lat' dir='ltr'>quasivero</span> <span class='ocrx_word' id='word_1_67' title='bbox 481 740 526 782; x_wconf 91' lang='lat' dir='ltr'>id</span> <span class='ocrx_word' id='word_1_68' title='bbox 547 741 687 783; x_wconf 87' lang='lat' dir='ltr'>Caesar</span> <span class='ocrx_word' id='word_1_69' title='bbox 708 741 901 783; x_wconf 88' lang='lat' dir='ltr'>bonitate</span> <span class='ocrx_word' id='word_1_70' title='bbox 928 749 1099 784; x_wconf 89' lang='lat' dir='ltr'>tantum</span> <span class='ocrx_word' id='word_1_71' title='bbox 1123 742 1347 792; x_wconf 87' lang='lat' dir='ltr'>adductus,</span> <span class='ocrx_word' id='word_1_72' title='bbox 1386 758 1434 785; x_wconf 86' lang='lat' dir='ltr'>ac</span> <span class='ocrx_word' id='word_1_73' title='bbox 1457 758 1543 785; x_wconf 88' lang='lat' dir='ltr'>non</span> <span class='ocrx_word' id='word_1_74' title='bbox 1575 752 1681 799; x_wconf 76' lang='lat' dir='ltr'>pru-</span> 
     </span>
     <span class='ocr_line' id='line_1_10' title="bbox 218 799 874 848; baseline -0.008 -3"><span class='ocrx_word' id='word_1_75' title='bbox 218 802 463 845; x_wconf 82' lang='lat' dir='ltr'>dentissimo</span> <span class='ocrx_word' id='word_1_76' title='bbox 479 799 669 848; x_wconf 81' lang='lat' dir='ltr'>consilio,</span> <span class='ocrx_word' id='word_1_77' title='bbox 692 799 874 842; x_wconf 82' lang='lat' dir='ltr'>fecisset.</span> 
     </span>
    </p>

    <p class='ocr_par' dir='ltr' id='par_1_3' title="bbox 205 857 1683 2367">
     <span class='ocr_line' id='line_1_11' title="bbox 271 857 1681 907; baseline 0 -8"><span class='ocrx_word' id='word_1_78' title='bbox 271 858 343 900; x_wconf 75' lang='lat'>25.</span> <span class='ocrx_word' id='word_1_79' title='bbox 380 858 542 906; x_wconf 82' lang='lat' dir='ltr'>Quum,</span> <span class='ocrx_word' id='word_1_80' title='bbox 563 857 670 900; x_wconf 90' lang='lat' dir='ltr'>duce</span> <span class='ocrx_word' id='word_1_81' title='bbox 691 858 905 907; x_wconf 89' lang='lat' dir='ltr'>adsumto,</span> <span class='ocrx_word' id='word_1_82' title='bbox 941 858 1223 901; x_wconf 83' lang='lat' dir='ltr'>Alexandrini</span> <span class='ocrx_word' id='word_1_83' title='bbox 1254 858 1386 901; x_wconf 79' lang='lat' dir='ltr'>nihilo</span> <span class='ocrx_word' id='word_1_84' title='bbox 1407 875 1451 901; x_wconf 87' lang='lat' dir='ltr'>se</span> <span class='ocrx_word' id='word_1_85' title='bbox 1473 857 1681 900; x_wconf 79' lang='lat' dir='ltr'>firmiores</span> 
     </span>
     <span class='ocr_line' id='line_1_12' title="bbox 214 915 1682 973; baseline -0.002 -13"><span class='ocrx_word' id='word_1_86' title='bbox 214 918 366 965; x_wconf 85' lang='lat' dir='ltr'>factos,</span> <span class='ocrx_word' id='word_1_87' title='bbox 388 923 467 957; x_wconf 88' lang='lat' dir='ltr'>aut</span> <span class='ocrx_word' id='word_1_88' title='bbox 491 915 781 973; x_wconf 85' lang='lat' dir='ltr'>languidiores</span> <span class='ocrx_word' id='word_1_89' title='bbox 802 916 1032 966; x_wconf 86' lang='lat' dir='ltr'>Romanos,</span> <span class='ocrx_word' id='word_1_90' title='bbox 1061 916 1476 965; x_wconf 56' lang='lat' dir='ltr'>animadvertere-uu</span> <span class='ocrx_word' id='word_1_91' title='bbox 1508 915 1682 958; x_wconf 82' lang='lat' dir='ltr'>eluden-</span> 
     </span>
     <span class='ocr_line' id='line_1_13' title="bbox 212 974 1681 1033; baseline -0.001 -17"><span class='ocrx_word' id='word_1_92' title='bbox 212 974 416 1031; x_wconf 85' lang='lat' dir='ltr'>tibusque</span> <span class='ocrx_word' id='word_1_93' title='bbox 432 974 642 1016; x_wconf 89' lang='lat' dir='ltr'>militibus</span> <span class='ocrx_word' id='word_1_94' title='bbox 664 974 795 1033; x_wconf 83' lang='lat' dir='ltr'>Regis</span> <span class='ocrx_word' id='word_1_95' title='bbox 815 984 984 1017; x_wconf 79' lang='lat' dir='ltr'>aetatem</span> <span class='ocrx_word' id='word_1_96' title='bbox 1002 983 1135 1031; x_wconf 89' lang='lat' dir='ltr'>atque</span> <span class='ocrx_word' id='word_1_97' title='bbox 1152 975 1460 1024; x_wconf 89' lang='lat' dir='ltr'>infirmitatem,</span> <span class='ocrx_word' id='word_1_98' title='bbox 1477 988 1681 1032; x_wconf 82' lang='lat' dir='ltr'>magnum</span> 
     </span>
     <span class='ocr_line' id='line_1_14' title="bbox 213 1032 1679 1092; baseline -0.002 -16"><span class='ocrx_word' id='word_1_99' title='bbox 213 1033 407 1076; x_wconf 89' lang='lat' dir='ltr'>dolorem</span> <span class='ocrx_word' id='word_1_100' title='bbox 426 1033 672 1090; x_wconf 82' lang='lat' dir='ltr'>acciperent</span> <span class='ocrx_word' id='word_1_101' title='bbox 692 1048 701 1080; x_wconf 73' lang='grc' dir='ltr'><strong>ς</strong></span> <span class='ocrx_word' id='word_1_102' title='bbox 742 1049 880 1090; x_wconf 87' lang='lat' dir='ltr'>neque</span> <span class='ocrx_word' id='word_1_103' title='bbox 900 1050 942 1075; x_wconf 88' lang='lat' dir='ltr'>se</span> <span class='ocrx_word' id='word_1_104' title='bbox 965 1033 1203 1091; x_wconf 86' lang='lat' dir='ltr'>quidquam</span> <span class='ocrx_word' id='word_1_105' title='bbox 1223 1034 1432 1092; x_wconf 88' lang='lat' dir='ltr'>proficere</span> <span class='ocrx_word' id='word_1_106' title='bbox 1453 1032 1649 1075; x_wconf 85' lang='lat' dir='ltr'>viderent</span> <span class='ocrx_word' id='word_1_107' title='bbox 1668 1046 1679 1079; x_wconf 88' lang='lat'><em>;</em></span> 
     </span>
     <span class='ocr_line' id='line_1_15' title="bbox 215 1089 1682 1150; baseline -0.001 -17"><span class='ocrx_word' id='word_1_108' title='bbox 215 1106 496 1146; x_wconf 87' lang='lat' dir='ltr'>rumoresque</span> <span class='ocrx_word' id='word_1_109' title='bbox 536 1091 785 1138; x_wconf 84' lang='lat' dir='ltr'>existerent,</span> <span class='ocrx_word' id='word_1_110' title='bbox 827 1107 983 1149; x_wconf 82' lang='lat' dir='ltr'>magna</span> <span class='ocrx_word' id='word_1_111' title='bbox 1034 1092 1191 1134; x_wconf 80' lang='lat' dir='ltr'>Caesari</span> <span class='ocrx_word' id='word_1_112' title='bbox 1240 1091 1439 1150; x_wconf 80' lang='lat' dir='ltr'>praesidia</span> <span class='ocrx_word' id='word_1_113' title='bbox 1487 1089 1682 1132; x_wconf 83' lang='lat' dir='ltr'>terrestri</span> 
     </span>
     <span class='ocr_line' id='line_1_16' title="bbox 212 1147 1680 1207; baseline -0.002 -16"><span class='ocrx_word' id='word_1_114' title='bbox 212 1149 367 1191; x_wconf 84' lang='lat' dir='ltr'>itinere</span> <span class='ocrx_word' id='word_1_115' title='bbox 400 1149 527 1206; x_wconf 84' lang='lat' dir='ltr'>Syria</span> <span class='ocrx_word' id='word_1_116' title='bbox 560 1149 799 1206; x_wconf 83' lang='lat' dir='ltr'>Ciliciaque</span> <span class='ocrx_word' id='word_1_117' title='bbox 831 1150 986 1192; x_wconf 86' lang='lat' dir='ltr'>adduci</span> <span class='ocrx_word' id='word_1_118' title='bbox 1018 1150 1154 1207; x_wconf 87' lang='lat' dir='ltr'>(quod</span> <span class='ocrx_word' id='word_1_119' title='bbox 1174 1151 1361 1192; x_wconf 90' lang='lat' dir='ltr'>nondum</span> <span class='ocrx_word' id='word_1_120' title='bbox 1386 1148 1541 1192; x_wconf 83' lang='lat' dir='ltr'>Caesari</span> <span class='ocrx_word' id='word_1_121' title='bbox 1562 1147 1680 1189; x_wconf 89' lang='lat' dir='ltr'>audi-</span> 
     </span>
     <span class='ocr_line' id='line_1_17' title="bbox 212 1205 1683 1265; baseline -0.002 -16"><span class='ocrx_word' id='word_1_122' title='bbox 212 1216 306 1250; x_wconf 81' lang='lat' dir='ltr'>tum</span> <span class='ocrx_word' id='word_1_123' title='bbox 323 1209 460 1262; x_wconf 82' lang='lat' dir='ltr'>erat):</span> <span class='ocrx_word' id='word_1_124' title='bbox 504 1216 804 1256; x_wconf 84' lang='lat' dir='ltr'>commeatum,</span> <span class='ocrx_word' id='word_1_125' title='bbox 836 1209 912 1265; x_wconf 90' lang='lat' dir='ltr'>qui</span> <span class='ocrx_word' id='word_1_126' title='bbox 935 1209 1089 1250; x_wconf 86' lang='lat' dir='ltr'>nostris</span> <span class='ocrx_word' id='word_1_127' title='bbox 1110 1209 1217 1249; x_wconf 87' lang='lat' dir='ltr'>mari</span> <span class='ocrx_word' id='word_1_128' title='bbox 1239 1208 1598 1264; x_wconf 85' lang='lat' dir='ltr'>subportabatur‚</span> <span class='ocrx_word' id='word_1_129' title='bbox 1621 1205 1683 1246; x_wconf 92' lang='lat' dir='ltr'>in-</span> 
     </span>
     <span class='ocr_line' id='line_1_18' title="bbox 213 1262 1683 1324; baseline -0.002 -16"><span class='ocrx_word' id='word_1_130' title='bbox 213 1266 427 1322; x_wconf 84' lang='lat' dir='ltr'>tercipere</span> <span class='ocrx_word' id='word_1_131' title='bbox 444 1272 705 1307; x_wconf 78' lang='lat' dir='ltr'>statuerunt.</span> <span class='ocrx_word' id='word_1_132' title='bbox 760 1266 929 1323; x_wconf 83' lang='lat' dir='ltr'>Itaque,</span> <span class='ocrx_word' id='word_1_133' title='bbox 952 1266 1161 1324; x_wconf 80' lang='lat' dir='ltr'>expeditis</span> <span class='ocrx_word' id='word_1_134' title='bbox 1183 1267 1376 1322; x_wconf 78' lang='lat' dir='ltr'>navigiiS,</span> <span class='ocrx_word' id='word_1_135' title='bbox 1399 1265 1502 1307; x_wconf 89' lang='lat' dir='ltr'>locis</span> <span class='ocrx_word' id='word_1_136' title='bbox 1521 1262 1683 1306; x_wconf 79' lang='lat' dir='ltr'>idoneis</span> 
     </span>
     <span class='ocr_line' id='line_1_19' title="bbox 210 1322 1679 1381; baseline -0.002 -15"><span class='ocrx_word' id='word_1_137' title='bbox 210 1324 268 1366; x_wconf 86' lang='lat' dir='ltr'>ad</span> <span class='ocrx_word' id='word_1_138' title='bbox 289 1324 514 1381; x_wconf 87' lang='lat' dir='ltr'>Canopum</span> <span class='ocrx_word' id='word_1_139' title='bbox 535 1322 578 1365; x_wconf 88' lang='lat' dir='ltr'>in</span> <span class='ocrx_word' id='word_1_140' title='bbox 598 1324 780 1366; x_wconf 88' lang='lat' dir='ltr'>statione</span> <span class='ocrx_word' id='word_1_141' title='bbox 802 1324 1016 1381; x_wconf 82' lang='lat' dir='ltr'>dispositis</span> <span class='ocrx_word' id='word_1_142' title='bbox 1036 1325 1230 1372; x_wconf 83' lang='lat' dir='ltr'>navibus,</span> <span class='ocrx_word' id='word_1_143' title='bbox 1254 1323 1566 1366; x_wconf 85' lang='lat' dir='ltr'>insidiabantur</span> <span class='ocrx_word' id='word_1_144' title='bbox 1586 1334 1679 1363; x_wconf 80' lang='lat' dir='ltr'>nos·</span> 
     </span>
     <span class='ocr_line' id='line_1_20' title="bbox 212 1380 1681 1431; baseline -0.002 -7"><span class='ocrx_word' id='word_1_145' title='bbox 212 1382 290 1424; x_wconf 88' lang='lat' dir='ltr'>tris</span> <span class='ocrx_word' id='word_1_146' title='bbox 313 1382 633 1424; x_wconf 89' lang='lat' dir='ltr'>commeatibus.</span> <span class='ocrx_word' id='word_1_147' title='bbox 697 1382 828 1431; x_wconf 80' lang='lat' dir='ltr'>Quod</span> <span class='ocrx_word' id='word_1_148' title='bbox 851 1382 926 1425; x_wconf 91' lang='lat' dir='ltr'>ubi</span> <span class='ocrx_word' id='word_1_149' title='bbox 950 1382 1107 1424; x_wconf 81' lang='lat' dir='ltr'>Caesari</span> <span class='ocrx_word' id='word_1_150' title='bbox 1128 1382 1378 1424; x_wconf 83' lang='lat' dir='ltr'>nunciatum</span> <span class='ocrx_word' id='word_1_151' title='bbox 1398 1389 1475 1430; x_wconf 86' lang='lat' dir='ltr'>est,</span> <span class='ocrx_word' id='word_1_152' title='bbox 1507 1380 1681 1422; x_wconf 81' lang='lat' dir='ltr'>classem</span> 
     </span>
     <span class='ocr_line' id='line_1_21' title="bbox 205 1439 1677 1498; baseline -0.001 -16"><span class='ocrx_word' id='word_1_153' title='bbox 205 1439 334 1497; x_wconf 83' lang='lat' dir='ltr'>jubet</span> <span class='ocrx_word' id='word_1_154' title='bbox 354 1439 551 1498; x_wconf 84' lang='lat' dir='ltr'>expediri</span> <span class='ocrx_word' id='word_1_155' title='bbox 579 1448 711 1497; x_wconf 88' lang='lat' dir='ltr'>atque</span> <span class='ocrx_word' id='word_1_156' title='bbox 737 1441 905 1483; x_wconf 89' lang='lat' dir='ltr'>instrui.</span> <span class='ocrx_word' id='word_1_157' title='bbox 971 1440 1153 1483; x_wconf 87' lang='lat' dir='ltr'>Praeficit</span> <span class='ocrx_word' id='word_1_158' title='bbox 1183 1440 1280 1481; x_wconf 90' lang='lat' dir='ltr'>huic</span> <span class='ocrx_word' id='word_1_159' title='bbox 1311 1439 1412 1481; x_wconf 92' lang='lat' dir='ltr'>Tib.</span> <span class='ocrx_word' id='word_1_160' title='bbox 1445 1439 1677 1482; x_wconf 85' lang='lat' dir='ltr'>Neronem.</span> 
     </span>
     <span class='ocr_line' id='line_1_22' title="bbox 214 1495 1680 1555; baseline -0.001 -14"><span class='ocrx_word' id='word_1_161' title='bbox 214 1498 554 1541; x_wconf 89' lang='lat' dir='ltr'>Proficiscuntur</span> <span class='ocrx_word' id='word_1_162' title='bbox 589 1499 632 1540; x_wconf 91' lang='lat' dir='ltr'>in</span> <span class='ocrx_word' id='word_1_163' title='bbox 669 1514 720 1540; x_wconf 88' lang='lat' dir='ltr'>ea</span> <span class='ocrx_word' id='word_1_164' title='bbox 757 1499 885 1541; x_wconf 88' lang='lat' dir='ltr'>classe</span> <span class='ocrx_word' id='word_1_165' title='bbox 919 1498 1101 1540; x_wconf 85' lang='lat' dir='ltr'>Rhodiae</span> <span class='ocrx_word' id='word_1_166' title='bbox 1129 1513 1256 1540; x_wconf 90' lang='lat' dir='ltr'>naves</span> <span class='ocrx_word' id='word_1_167' title='bbox 1286 1506 1417 1555; x_wconf 90' lang='lat' dir='ltr'>atque</span> <span class='ocrx_word' id='word_1_168' title='bbox 1445 1498 1487 1540; x_wconf 92' lang='lat' dir='ltr'>in</span> <span class='ocrx_word' id='word_1_169' title='bbox 1507 1496 1571 1539; x_wconf 89' lang='lat' dir='ltr'>his</span> <span class='ocrx_word' id='word_1_170' title='bbox 1593 1495 1680 1538; x_wconf 85' lang='lat' dir='ltr'>Eu-</span> 
     </span>
     <span class='ocr_line' id='line_1_23' title="bbox 210 1553 1681 1615; baseline -0.003 -15"><span class='ocrx_word' id='word_1_171' title='bbox 210 1556 415 1615; x_wconf 84' lang='lat' dir='ltr'>phranor,</span> <span class='ocrx_word' id='word_1_172' title='bbox 441 1557 527 1598; x_wconf 90' lang='lat' dir='ltr'>sine</span> <span class='ocrx_word' id='word_1_173' title='bbox 554 1572 642 1613; x_wconf 87' lang='lat' dir='ltr'>quo</span> <span class='ocrx_word' id='word_1_174' title='bbox 665 1557 784 1598; x_wconf 88' lang='lat' dir='ltr'>nulla</span> <span class='ocrx_word' id='word_1_175' title='bbox 812 1571 1017 1612; x_wconf 88' lang='lat' dir='ltr'>umquam</span> <span class='ocrx_word' id='word_1_176' title='bbox 1047 1556 1266 1598; x_wconf 86' lang='lat' dir='ltr'>dimicatio</span> <span class='ocrx_word' id='word_1_177' title='bbox 1286 1556 1531 1604; x_wconf 88' lang='lat' dir='ltr'>marituma,</span> <span class='ocrx_word' id='word_1_178' title='bbox 1559 1553 1681 1597; x_wconf 78' lang='lat' dir='ltr'>nulla</span> 
     </span>
     <span class='ocr_line' id='line_1_24' title="bbox 206 1612 1680 1671; baseline -0.001 -15"><span class='ocrx_word' id='word_1_179' title='bbox 206 1615 337 1657; x_wconf 83' lang='lat' dir='ltr'>etiam</span> <span class='ocrx_word' id='word_1_180' title='bbox 375 1628 529 1671; x_wconf 87' lang='lat' dir='ltr'>parum</span> <span class='ocrx_word' id='word_1_181' title='bbox 558 1615 740 1655; x_wconf 81' lang='lat' dir='ltr'>feliciter</span> <span class='ocrx_word' id='word_1_182' title='bbox 771 1614 966 1656; x_wconf 88' lang='lat' dir='ltr'>confecta</span> <span class='ocrx_word' id='word_1_183' title='bbox 997 1622 1105 1655; x_wconf 86' lang='lat' dir='ltr'>erat.</span> <span class='ocrx_word' id='word_1_184' title='bbox 1168 1615 1229 1656; x_wconf 90' lang='lat' dir='ltr'>At</span> <span class='ocrx_word' id='word_1_185' title='bbox 1259 1614 1449 1663; x_wconf 84' lang='lat' dir='ltr'>fortuna,</span> <span class='ocrx_word' id='word_1_186' title='bbox 1472 1629 1568 1671; x_wconf 79' lang='lat' dir='ltr'>quae</span> <span class='ocrx_word' id='word_1_187' title='bbox 1590 1612 1680 1670; x_wconf 83' lang='lat' dir='ltr'>ple-</span> 
     </span>
     <span class='ocr_line' id='line_1_25' title="bbox 209 1671 1677 1728; baseline -0.001 -14"><span class='ocrx_word' id='word_1_188' title='bbox 209 1685 396 1728; x_wconf 87' lang='lat' dir='ltr'>rumque</span> <span class='ocrx_word' id='word_1_189' title='bbox 431 1687 519 1719; x_wconf 70' lang='grc' dir='ltr'>εοε,</span> <span class='ocrx_word' id='word_1_190' title='bbox 552 1686 659 1727; x_wconf 89' lang='lat' dir='ltr'>quos</span> <span class='ocrx_word' id='word_1_191' title='bbox 696 1672 890 1728; x_wconf 89' lang='lat' dir='ltr'>plurimis</span> <span class='ocrx_word' id='word_1_192' title='bbox 919 1671 1134 1714; x_wconf 88' lang='lat' dir='ltr'>beneficiis</span> <span class='ocrx_word' id='word_1_193' title='bbox 1163 1672 1348 1721; x_wconf 84' lang='lat' dir='ltr'>ornavit,</span> <span class='ocrx_word' id='word_1_194' title='bbox 1379 1672 1435 1714; x_wconf 89' lang='lat' dir='ltr'>ad</span> <span class='ocrx_word' id='word_1_195' title='bbox 1455 1671 1677 1714; x_wconf 85' lang='lat' dir='ltr'>duriorem</span> 
     </span>
     <span class='ocr_line' id='line_1_26' title="bbox 208 1728 1677 1787; baseline -0.002 -15"><span class='ocrx_word' id='word_1_196' title='bbox 208 1743 351 1772; x_wconf 85' lang='lat' dir='ltr'>casum</span> <span class='ocrx_word' id='word_1_197' title='bbox 391 1737 595 1776; x_wconf 83' lang='lat' dir='ltr'>reservat,</span> <span class='ocrx_word' id='word_1_198' title='bbox 633 1730 903 1786; x_wconf 89' lang='lat' dir='ltr'>superiorum</span> <span class='ocrx_word' id='word_1_199' title='bbox 939 1738 1183 1786; x_wconf 84' lang='lat' dir='ltr'>temporum</span> <span class='ocrx_word' id='word_1_200' title='bbox 1215 1730 1440 1778; x_wconf 88' lang='lat' dir='ltr'>dissimilis,</span> <span class='ocrx_word' id='word_1_201' title='bbox 1479 1728 1677 1787; x_wconf 89' lang='lat' dir='ltr'>Euphra-</span> 
     </span>
     <span class='ocr_line' id='line_1_27' title="bbox 211 1786 1676 1845; baseline -0.001 -15"><span class='ocrx_word' id='word_1_202' title='bbox 211 1802 359 1830; x_wconf 84' lang='lat' dir='ltr'>norem</span> <span class='ocrx_word' id='word_1_203' title='bbox 390 1786 749 1843; x_wconf 87' lang='lat' dir='ltr'>prosequebatur.</span> <span class='ocrx_word' id='word_1_204' title='bbox 814 1788 943 1837; x_wconf 86' lang='lat' dir='ltr'>Nam,</span> <span class='ocrx_word' id='word_1_205' title='bbox 980 1803 1114 1844; x_wconf 88' lang='lat' dir='ltr'>quum</span> <span class='ocrx_word' id='word_1_206' title='bbox 1146 1787 1199 1829; x_wconf 87' lang='lat' dir='ltr'>ad</span> <span class='ocrx_word' id='word_1_207' title='bbox 1238 1788 1464 1845; x_wconf 86' lang='lat' dir='ltr'>Canopum</span> <span class='ocrx_word' id='word_1_208' title='bbox 1501 1796 1676 1829; x_wconf 85' lang='lat' dir='ltr'>ventum</span> 
     </span>
     <span class='ocr_line' id='line_1_28' title="bbox 208 1845 1676 1902; baseline -0.001 -14"><span class='ocrx_word' id='word_1_209' title='bbox 208 1854 332 1894; x_wconf 81' lang='lat' dir='ltr'>esset,</span> <span class='ocrx_word' id='word_1_210' title='bbox 354 1846 647 1902; x_wconf 86' lang='lat' dir='ltr'>instructaque</span> <span class='ocrx_word' id='word_1_211' title='bbox 667 1845 888 1902; x_wconf 89' lang='lat' dir='ltr'>utrimque</span> <span class='ocrx_word' id='word_1_212' title='bbox 906 1846 1045 1887; x_wconf 86' lang='lat' dir='ltr'>classis</span> <span class='ocrx_word' id='word_1_213' title='bbox 1057 1845 1325 1894; x_wconf 83' lang='lat' dir='ltr'>conflixisset,</span> <span class='ocrx_word' id='word_1_214' title='bbox 1347 1854 1391 1887; x_wconf 90' lang='lat' dir='ltr'>et</span> <span class='ocrx_word' id='word_1_215' title='bbox 1410 1861 1487 1887; x_wconf 85' lang='lat' dir='ltr'>sua</span> <span class='ocrx_word' id='word_1_216' title='bbox 1503 1860 1676 1888; x_wconf 88' lang='lat' dir='ltr'>consue-</span> 
     </span>
     <span class='ocr_line' id='line_1_29' title="bbox 210 1902 1677 1962; baseline -0.001 -16"><span class='ocrx_word' id='word_1_217' title='bbox 210 1903 360 1946; x_wconf 89' lang='lat' dir='ltr'>tudine</span> <span class='ocrx_word' id='word_1_218' title='bbox 394 1902 654 1960; x_wconf 86' lang='lat' dir='ltr'>Euphranor</span> <span class='ocrx_word' id='word_1_219' title='bbox 690 1905 851 1960; x_wconf 91' lang='lat' dir='ltr'>primus</span> <span class='ocrx_word' id='word_1_220' title='bbox 884 1904 1085 1962; x_wconf 70' lang='lat' dir='ltr'>proelium</span> <span class='ocrx_word' id='word_1_221' title='bbox 1117 1904 1389 1946; x_wconf 87' lang='lat' dir='ltr'>commisisset</span> <span class='ocrx_word' id='word_1_222' title='bbox 1417 1912 1461 1946; x_wconf 90' lang='lat' dir='ltr'>et</span> <span class='ocrx_word' id='word_1_223' title='bbox 1491 1903 1580 1945; x_wconf 84' lang='lat' dir='ltr'>illic</span> <span class='ocrx_word' id='word_1_224' title='bbox 1601 1902 1677 1945; x_wconf 89' lang='lat' dir='ltr'>tri-</span> 
     </span>
     <span class='ocr_line' id='line_1_30' title="bbox 207 1960 1677 2019; baseline -0.001 -14"><span class='ocrx_word' id='word_1_225' title='bbox 207 1975 367 2005; x_wconf 84' lang='lat' dir='ltr'>remem</span> <span class='ocrx_word' id='word_1_226' title='bbox 386 1960 572 2004; x_wconf 87' lang='lat' dir='ltr'>hostium</span> <span class='ocrx_word' id='word_1_227' title='bbox 593 1962 853 2018; x_wconf 86' lang='lat' dir='ltr'>perforasset</span> <span class='ocrx_word' id='word_1_228' title='bbox 874 1977 922 2004; x_wconf 90' lang='lat' dir='ltr'>ac</span> <span class='ocrx_word' id='word_1_229' title='bbox 938 1962 1227 2004; x_wconf 88' lang='lat' dir='ltr'>demersisset:</span> <span class='ocrx_word' id='word_1_230' title='bbox 1252 1962 1490 2019; x_wconf 85' lang='lat' dir='ltr'>proximam</span> <span class='ocrx_word' id='word_1_231' title='bbox 1507 1961 1677 2018; x_wconf 87' lang='lat' dir='ltr'>longius</span> 
     </span>
     <span class='ocr_line' id='line_1_31' title="bbox 210 2019 1676 2077; baseline 0 -15"><span class='ocrx_word' id='word_1_232' title='bbox 210 2021 442 2067; x_wconf 83' lang='lat' dir='ltr'>insecutus,</span> <span class='ocrx_word' id='word_1_233' title='bbox 474 2034 627 2077; x_wconf 85' lang='lat' dir='ltr'>parum</span> <span class='ocrx_word' id='word_1_234' title='bbox 669 2020 866 2063; x_wconf 82' lang='lat' dir='ltr'>celeriter</span> <span class='ocrx_word' id='word_1_235' title='bbox 905 2020 1223 2077; x_wconf 84' lang='lat' dir='ltr'>insequentibus</span> <span class='ocrx_word' id='word_1_236' title='bbox 1265 2019 1455 2076; x_wconf 89' lang='lat' dir='ltr'>reliquis,</span> <span class='ocrx_word' id='word_1_237' title='bbox 1497 2019 1676 2062; x_wconf 84' lang='lat' dir='ltr'>circum-</span> 
     </span>
     <span class='ocr_line' id='line_1_32' title="bbox 209 2075 1674 2126; baseline -0.001 -5"><span class='ocrx_word' id='word_1_238' title='bbox 209 2086 362 2121; x_wconf 86' lang='lat' dir='ltr'>ventus</span> <span class='ocrx_word' id='word_1_239' title='bbox 381 2078 437 2119; x_wconf 85' lang='lat' dir='ltr'>ab</span> <span class='ocrx_word' id='word_1_240' title='bbox 460 2075 760 2120; x_wconf 82' lang='lat' dir='ltr'>Alexandrinis</span> <span class='ocrx_word' id='word_1_241' title='bbox 782 2088 858 2120; x_wconf 88' lang='lat' dir='ltr'>est.</span> <span class='ocrx_word' id='word_1_242' title='bbox 922 2078 1005 2120; x_wconf 86' lang='lat' dir='ltr'>Cui</span> <span class='ocrx_word' id='word_1_243' title='bbox 1027 2078 1264 2121; x_wconf 90' lang='lat' dir='ltr'>subsidium</span> <span class='ocrx_word' id='word_1_244' title='bbox 1286 2093 1409 2119; x_wconf 91' lang='lat' dir='ltr'>nemo</span> <span class='ocrx_word' id='word_1_245' title='bbox 1435 2077 1551 2126; x_wconf 86' lang='lat' dir='ltr'>tulit,</span> <span class='ocrx_word' id='word_1_246' title='bbox 1586 2078 1674 2120; x_wconf 84' lang='lat' dir='ltr'>sive</span> 
     </span>
     <span class='ocr_line' id='line_1_33' title="bbox 208 2135 1673 2194; baseline 0 -16"><span class='ocrx_word' id='word_1_247' title='bbox 208 2135 328 2193; x_wconf 91' lang='lat' dir='ltr'>quod</span> <span class='ocrx_word' id='word_1_248' title='bbox 364 2135 407 2177; x_wconf 89' lang='lat' dir='ltr'>in</span> <span class='ocrx_word' id='word_1_249' title='bbox 444 2136 536 2192; x_wconf 85' lang='lat' dir='ltr'>ipso</span> <span class='ocrx_word' id='word_1_250' title='bbox 573 2136 672 2177; x_wconf 88' lang='lat' dir='ltr'>satis</span> <span class='ocrx_word' id='word_1_251' title='bbox 710 2137 895 2194; x_wconf 79' lang='lat' dir='ltr'>praesidii</span> <span class='ocrx_word' id='word_1_252' title='bbox 934 2153 1015 2194; x_wconf 89' lang='lat' dir='ltr'>pro</span> <span class='ocrx_word' id='word_1_253' title='bbox 1056 2137 1220 2178; x_wconf 85' lang='lat' dir='ltr'>virtute</span> <span class='ocrx_word' id='word_1_254' title='bbox 1253 2152 1302 2178; x_wconf 90' lang='lat' dir='ltr'>ac</span> <span class='ocrx_word' id='word_1_255' title='bbox 1342 2135 1544 2178; x_wconf 88' lang='lat' dir='ltr'>felicitate</span> <span class='ocrx_word' id='word_1_256' title='bbox 1581 2136 1673 2194; x_wconf 85' lang='lat' dir='ltr'>ejus</span> 
     </span>
     <span class='ocr_line' id='line_1_34' title="bbox 208 2194 1672 2253; baseline 0.001 -18"><span class='ocrx_word' id='word_1_257' title='bbox 208 2201 417 2252; x_wconf 85' lang='lat' dir='ltr'>putarent</span> <span class='ocrx_word' id='word_1_258' title='bbox 447 2209 548 2242; x_wconf 82' lang='lat' dir='ltr'>esse,</span> <span class='ocrx_word' id='word_1_259' title='bbox 580 2194 666 2235; x_wconf 85' lang='lat' dir='ltr'>sive</span> <span class='ocrx_word' id='word_1_260' title='bbox 695 2195 811 2250; x_wconf 90' lang='lat' dir='ltr'>quod</span> <span class='ocrx_word' id='word_1_261' title='bbox 832 2195 909 2253; x_wconf 89' lang='lat' dir='ltr'>ipsi</span> <span class='ocrx_word' id='word_1_262' title='bbox 931 2196 1009 2237; x_wconf 90' lang='lat' dir='ltr'>sibi</span> <span class='ocrx_word' id='word_1_263' title='bbox 1032 2195 1253 2237; x_wconf 87' lang='lat' dir='ltr'>timebant.</span> <span class='ocrx_word' id='word_1_264' title='bbox 1317 2194 1468 2252; x_wconf 88' lang='lat' dir='ltr'>Itaque</span> <span class='ocrx_word' id='word_1_265' title='bbox 1491 2209 1600 2236; x_wconf 91' lang='lat' dir='ltr'>unus</span> <span class='ocrx_word' id='word_1_266' title='bbox 1619 2211 1672 2236; x_wconf 83' lang='lat' dir='ltr'>ex</span> 
     </span>
     <span class='ocr_line' id='line_1_35' title="bbox 205 2251 1670 2313; baseline 0.001 -20"><span class='ocrx_word' id='word_1_267' title='bbox 205 2252 404 2294; x_wconf 86' lang='lat' dir='ltr'>omnibus</span> <span class='ocrx_word' id='word_1_268' title='bbox 422 2267 473 2294; x_wconf 88' lang='lat' dir='ltr'>eo</span> <span class='ocrx_word' id='word_1_269' title='bbox 496 2252 650 2308; x_wconf 85' lang='lat' dir='ltr'>proelio</span> <span class='ocrx_word' id='word_1_270' title='bbox 669 2252 778 2295; x_wconf 90' lang='lat' dir='ltr'>bene</span> <span class='ocrx_word' id='word_1_271' title='bbox 796 2269 885 2297; x_wconf 87' lang='lat' dir='ltr'>rem</span> <span class='ocrx_word' id='word_1_272' title='bbox 907 2254 1050 2313; x_wconf 85' lang='lat' dir='ltr'>gessit,</span> <span class='ocrx_word' id='word_1_273' title='bbox 1069 2253 1184 2297; x_wconf 86' lang='lat' dir='ltr'>solus</span> <span class='ocrx_word' id='word_1_274' title='bbox 1203 2269 1303 2296; x_wconf 87' lang='lat' dir='ltr'>cum</span> <span class='ocrx_word' id='word_1_275' title='bbox 1320 2268 1395 2295; x_wconf 88' lang='lat' dir='ltr'>sua</span> <span class='ocrx_word' id='word_1_276' title='bbox 1408 2251 1670 2309; x_wconf 84' lang='lat' dir='ltr'>quadriremi</span> 
     </span>
     <span class='ocr_line' id='line_1_36' title="bbox 207 2309 546 2367; baseline -0.006 -15"><span class='ocrx_word' id='word_1_277' title='bbox 207 2310 383 2352; x_wconf 83' lang='lat' dir='ltr'>victrice</span> <span class='ocrx_word' id='word_1_278' title='bbox 402 2309 546 2367; x_wconf 88' lang='lat' dir='ltr'>periit.</span> 
     </span>
    </p>
   </div>
   <div class='ocr_carea' id='block_1_3' title="bbox 201 2459 1672 2592">
    <p class='ocr_par' dir='ltr' id='par_1_4' title="bbox 201 2459 1672 2592">
     <span class='ocr_line' id='line_1_37' title="bbox 252 2459 1672 2505; baseline 0.001 -13"><span class='ocrx_word' id='word_1_279' title='bbox 252 2459 482 2492; x_wconf 76' lang='lat' dir='ltr'>Laetabantur.</span> <span class='ocrx_word' id='word_1_280' title='bbox 530 2459 583 2491; x_wconf 91' lang='lat' dir='ltr'>Sic</span> <span class='ocrx_word' id='word_1_281' title='bbox 608 2465 641 2491; x_wconf 86' lang='lat' dir='ltr'>et</span> <span class='ocrx_word' id='word_1_282' title='bbox 663 2460 784 2492; x_wconf 85' lang='lat' dir='ltr'>Celsus</span> <span class='ocrx_word' id='word_1_283' title='bbox 810 2472 904 2502; x_wconf 77' lang='lat' dir='ltr'>paene</span> <span class='ocrx_word' id='word_1_284' title='bbox 1018 2463 1292 2505; x_wconf 68' lang='lat' dir='ltr'>prosequebatur.</span> <span class='ocrx_word' id='word_1_285' title='bbox 1338 2461 1463 2494; x_wconf 76' lang='lat' dir='ltr'>Melior</span> <span class='ocrx_word' id='word_1_286' title='bbox 1478 2461 1587 2494; x_wconf 81' lang='lat' dir='ltr'>altera</span> <span class='ocrx_word' id='word_1_287' title='bbox 1602 2461 1672 2493; x_wconf 85' lang='lat' dir='ltr'>lec-</span> 
     </span>
     <span class='ocr_line' id='line_1_38' title="bbox 204 2503 1669 2548; baseline 0.003 -16"><span class='ocrx_word' id='word_1_288' title='bbox 204 2503 281 2534; x_wconf 71' lang='lat' dir='ltr'>loeci.</span> <span class='ocrx_word' id='word_1_289' title='bbox 326 2504 499 2536; x_wconf 84' lang='lat' dir='ltr'>Bentleius</span> <span class='ocrx_word' id='word_1_290' title='bbox 511 2504 625 2535; x_wconf 86' lang='lat' dir='ltr'>mallet</span> <span class='ocrx_word' id='word_1_291' title='bbox 640 2505 904 2543; x_wconf 71' lang='lat' dir='ltr'>indiqnabantur</span> <span class='ocrx_word' id='word_1_292' title='bbox 974 2506 1035 2545; x_wconf 82' lang='lat' dir='ltr'>tio,</span> <span class='ocrx_word' id='word_1_293' title='bbox 1049 2508 1317 2548; x_wconf 72' lang='lat' dir='ltr'>persequebatur.</span> <span class='ocrx_word' id='word_1_294' title='bbox 1333 2507 1385 2538; x_wconf 88' lang='lat' dir='ltr'>M.</span> <span class='ocrx_word' id='word_1_295' title='bbox 1409 2505 1472 2538; x_wconf 86' lang='lat' dir='ltr'>Sed</span> <span class='ocrx_word' id='word_1_296' title='bbox 1486 2510 1519 2537; x_wconf 87' lang='lat' dir='ltr'>et</span> <span class='ocrx_word' id='word_1_297' title='bbox 1533 2505 1573 2537; x_wconf 90' lang='lat' dir='ltr'>G.</span> <span class='ocrx_word' id='word_1_298' title='bbox 1587 2510 1620 2544; x_wconf 88' lang='lat'>5,</span> <span class='ocrx_word' id='word_1_299' title='bbox 1634 2505 1669 2536; x_wconf 87' lang='grc'>9.</span> 
     </span>
     <span class='ocr_line' id='line_1_39' title="bbox 201 2547 1669 2592; baseline 0.002 -16"><span class='ocrx_word' id='word_1_300' title='bbox 201 2547 259 2578; x_wconf 85' lang='lat' dir='ltr'>sed</span> <span class='ocrx_word' id='word_1_301' title='bbox 275 2548 449 2588; x_wconf 83' lang='lat' dir='ltr'>sequentia</span> <span class='ocrx_word' id='word_1_302' title='bbox 463 2547 593 2579; x_wconf 85' lang='lat' dir='ltr'>firmant</span> <span class='ocrx_word' id='word_1_303' title='bbox 607 2548 793 2586; x_wconf 70' lang='lat' dir='ltr'>vulgatum.</span> <span class='ocrx_word' id='word_1_304' title='bbox 968 2552 1124 2592; x_wconf 79' lang='lat' dir='ltr'>prosequi</span> <span class='ocrx_word' id='word_1_305' title='bbox 1139 2550 1226 2581; x_wconf 85' lang='lat' dir='ltr'>idem</span> <span class='ocrx_word' id='word_1_306' title='bbox 1242 2554 1334 2581; x_wconf 81' lang='lat' dir='ltr'>notat</span> <span class='ocrx_word' id='word_1_307' title='bbox 1347 2559 1387 2581; x_wconf 88' lang='lat' dir='ltr'>ac</span> <span class='ocrx_word' id='word_1_308' title='bbox 1400 2551 1564 2591; x_wconf 71' lang='lat' dir='ltr'>persequi.</span> <span class='ocrx_word' id='word_1_309' title='bbox 1621 2549 1669 2581; x_wconf 76' lang='lat' dir='ltr'>Ita</span> 
     </span>
    </p>
   </div>
   <div class='ocr_carea' id='block_1_4' title="bbox 206 2590 1667 2718">
    <p class='ocr_par' dir='ltr' id='par_1_5' title="bbox 206 2590 1667 2718">
     <span class='ocr_line' id='line_1_40' title="bbox 248 2590 1666 2635; baseline 0.002 -15"><span class='ocrx_word' id='word_1_310' title='bbox 248 2591 351 2629; x_wconf 76' lang='lat' dir='ltr'>Syria</span> <span class='ocrx_word' id='word_1_311' title='bbox 370 2592 564 2633; x_wconf 78' lang='lat' dir='ltr'>Ciliciaque.</span> <span class='ocrx_word' id='word_1_312' title='bbox 590 2590 685 2622; x_wconf 87' lang='lat' dir='ltr'>Conf.</span> <span class='ocrx_word' id='word_1_313' title='bbox 700 2601 776 2632; x_wconf 88' lang='lat' dir='ltr'>cap.</span> <span class='ocrx_word' id='word_1_314' title='bbox 799 2595 827 2622; x_wconf 89' lang='lat' dir='ltr'>l.</span> <span class='ocrx_word' id='word_1_315' title='bbox 852 2593 902 2623; x_wconf 85' lang='lat' dir='ltr'>M.</span> <span class='ocrx_word' id='word_1_316' title='bbox 971 2602 1005 2625; x_wconf 81' lang='lat' dir='ltr'>et</span> <span class='ocrx_word' id='word_1_317' title='bbox 1021 2594 1155 2625; x_wconf 82' lang='lat' dir='ltr'>Petron.</span> <span class='ocrx_word' id='word_1_318' title='bbox 1170 2604 1200 2624; x_wconf 91' lang='lat' dir='ltr'>c.</span> <span class='ocrx_word' id='word_1_319' title='bbox 1217 2595 1271 2625; x_wconf 86' lang='lat'>90.</span> <span class='ocrx_word' id='word_1_320' title='bbox 1284 2596 1439 2634; x_wconf 72' lang='lat' dir='ltr'>prosequi</span> <span class='ocrx_word' id='word_1_321' title='bbox 1451 2593 1618 2635; x_wconf 69' lang='lat' dir='ltr'>lapidibus</span> <span class='ocrx_word' id='word_1_322' title='bbox 1633 2597 1666 2623; x_wconf 81' lang='lat' dir='ltr'>et</span> 
     </span>
     <span class='ocr_line' id='line_1_41' title="bbox 248 2633 1667 2675; baseline 0.001 -10"><span class='ocrx_word' id='word_1_323' title='bbox 248 2633 486 2666; x_wconf 77' lang='lat' dir='ltr'>Commeatum.</span> <span class='ocrx_word' id='word_1_324' title='bbox 531 2636 615 2666; x_wconf 88' lang='lat' dir='ltr'>Ante</span> <span class='ocrx_word' id='word_1_325' title='bbox 632 2635 769 2666; x_wconf 89' lang='lat' dir='ltr'>verbum</span> <span class='ocrx_word' id='word_1_326' title='bbox 785 2635 899 2667; x_wconf 86' lang='lat' dir='ltr'>hocin</span> <span class='ocrx_word' id='word_1_327' title='bbox 969 2637 1043 2668; x_wconf 84' lang='lat' dir='ltr'>Cic.</span> <span class='ocrx_word' id='word_1_328' title='bbox 1069 2637 1162 2668; x_wconf 76' lang='lat' dir='ltr'>Vei-r.</span> <span class='ocrx_word' id='word_1_329' title='bbox 1186 2641 1218 2675; x_wconf 78' lang='lat'>2,</span> <span class='ocrx_word' id='word_1_330' title='bbox 1250 2639 1301 2668; x_wconf 82' lang='lat'>29.</span> <span class='ocrx_word' id='word_1_331' title='bbox 1316 2637 1422 2669; x_wconf 70' lang='lat' dir='ltr'>verbis</span> <span class='ocrx_word' id='word_1_332' title='bbox 1450 2637 1667 2668; x_wconf 75' lang='lat' dir='ltr'>vehementio-</span> 
     </span>
     <span class='ocr_line' id='line_1_42' title="bbox 206 2675 1284 2718; baseline 0.005 -11"><span class='ocrx_word' id='word_1_333' title='bbox 206 2675 278 2708; x_wconf 84' lang='lat' dir='ltr'>edd.</span> <span class='ocrx_word' id='word_1_334' title='bbox 297 2677 478 2718; x_wconf 87' lang='lat' dir='ltr'>inrepserat</span> <span class='ocrx_word' id='word_1_335' title='bbox 495 2680 631 2710; x_wconf 75' lang='lat' dir='ltr'>interea.</span> <span class='ocrx_word' id='word_1_336' title='bbox 659 2680 706 2710; x_wconf 90' lang='lat' dir='ltr'>M.</span> <span class='ocrx_word' id='word_1_337' title='bbox 969 2681 1069 2711; x_wconf 71' lang='lat' dir='ltr'>ribus.</span> <span class='ocrx_word' id='word_1_338' title='bbox 1099 2680 1195 2711; x_wconf 86' lang='lat' dir='ltr'>Conf.</span> <span class='ocrx_word' id='word_1_339' title='bbox 1213 2682 1284 2712; x_wconf 85' lang='lat' dir='ltr'>Ind.</span> 
     </span>
    </p>
   </div>
   <div class='ocr_carea' id='block_1_5' title="bbox 203 2721 1665 2859">
    <p class='ocr_par' dir='ltr' id='par_1_6' title="bbox 203 2721 1665 2859">
     <span class='ocr_line' id='line_1_43' title="bbox 255 2721 1662 2761; baseline 0.001 -10"><span class='ocrx_word' id='word_1_340' title='bbox 255 2721 326 2752; x_wconf 74' lang='lat' dir='ltr'>Tib.</span> <span class='ocrx_word' id='word_1_341' title='bbox 347 2722 524 2754; x_wconf 75' lang='lat' dir='ltr'>Neronem.</span> <span class='ocrx_word' id='word_1_342' title='bbox 554 2721 607 2753; x_wconf 88' lang='lat' dir='ltr'>Cf.</span> <span class='ocrx_word' id='word_1_343' title='bbox 624 2722 761 2754; x_wconf 87' lang='lat' dir='ltr'>Sueton.</span> <span class='ocrx_word' id='word_1_344' title='bbox 784 2722 899 2754; x_wconf 88' lang='lat' dir='ltr'>Tiber.</span> <span class='ocrx_word' id='word_1_345' title='bbox 1014 2725 1059 2755; x_wconf 81' lang='lat' dir='ltr'>Et</span> <span class='ocrx_word' id='word_1_346' title='bbox 1080 2725 1160 2755; x_wconf 71' lang='lat' dir='ltr'>illic.</span> <span class='ocrx_word' id='word_1_347' title='bbox 1186 2724 1237 2755; x_wconf 90' lang='lat' dir='ltr'>Al.</span> <span class='ocrx_word' id='word_1_348' title='bbox 1262 2729 1291 2756; x_wconf 74' lang='lat' dir='ltr'>el</span> <span class='ocrx_word' id='word_1_349' title='bbox 1314 2724 1374 2761; x_wconf 69' lang='grc' dir='ltr'>ἰίΙῘ,</span> <span class='ocrx_word' id='word_1_350' title='bbox 1407 2723 1524 2754; x_wconf 86' lang='lat' dir='ltr'>eodem</span> <span class='ocrx_word' id='word_1_351' title='bbox 1552 2731 1662 2753; x_wconf 79' lang='lat' dir='ltr'>sensu.</span> 
     </span>
     <span class='ocr_line' id='line_1_44' title="bbox 203 2764 1665 2807; baseline 0.001 -11"><span class='ocrx_word' id='word_1_352' title='bbox 203 2773 234 2793; x_wconf 76' lang='lat' dir='ltr'>C·</span> <span class='ocrx_word' id='word_1_353' title='bbox 253 2766 282 2794; x_wconf 81' lang='grc'>4-</span> <span class='ocrx_word' id='word_1_354' title='bbox 304 2766 424 2796; x_wconf 75' lang='lat' dir='ltr'>Cellar.</span> <span class='ocrx_word' id='word_1_355' title='bbox 470 2766 573 2797; x_wconf 85' lang='lat' dir='ltr'>Aldus</span> <span class='ocrx_word' id='word_1_356' title='bbox 595 2772 707 2797; x_wconf 81' lang='lat' dir='ltr'>contra</span> <span class='ocrx_word' id='word_1_357' title='bbox 730 2767 828 2798; x_wconf 88' lang='lat' dir='ltr'>codd.</span> <span class='ocrx_word' id='word_1_358' title='bbox 844 2767 900 2798; x_wconf 87' lang='lat' dir='ltr'>de·</span> <span class='ocrx_word' id='word_1_359' title='bbox 970 2766 1011 2798; x_wconf 85' lang='lat' dir='ltr'>V.</span> <span class='ocrx_word' id='word_1_360' title='bbox 1037 2768 1131 2799; x_wconf 86' lang='lat' dir='ltr'>Parei</span> <span class='ocrx_word' id='word_1_361' title='bbox 1155 2768 1219 2799; x_wconf 82' lang='lat' dir='ltr'>lex.</span> <span class='ocrx_word' id='word_1_362' title='bbox 1245 2768 1354 2799; x_wconf 84' lang='lat' dir='ltr'>Plaut.</span> <span class='ocrx_word' id='word_1_363' title='bbox 1385 2767 1497 2799; x_wconf 82' lang='lat' dir='ltr'>Jurin.</span> <span class='ocrx_word' id='word_1_364' title='bbox 1526 2764 1665 2807; x_wconf 80' lang='lat' dir='ltr'>conjicit</span> 
     </span>
     <span class='ocr_line' id='line_1_45' title="bbox 206 2807 1534 2859; baseline 0.004 -21"><span class='ocrx_word' id='word_1_365' title='bbox 206 2807 297 2837; x_wconf 86' lang='lat' dir='ltr'>derat</span> <span class='ocrx_word' id='word_1_366' title='bbox 315 2809 501 2849; x_wconf 77' lang='lat' dir='ltr'>Praeficilw·</span> <span class='ocrx_word' id='word_1_367' title='bbox 515 2812 592 2841; x_wconf 70' lang='lat' dir='ltr'>huic</span> <span class='ocrx_word' id='word_1_368' title='bbox 614 2811 684 2841; x_wconf 79' lang='lat' dir='ltr'>Tib.</span> <span class='ocrx_word' id='word_1_369' title='bbox 700 2811 799 2842; x_wconf 81' lang='lat' dir='ltr'>Nero.</span> <span class='ocrx_word' id='word_1_370' title='bbox 968 2813 1067 2851; x_wconf 69' lang='lat' dir='ltr'>illico,</span> <span class='ocrx_word' id='word_1_371' title='bbox 1083 2816 1120 2844; x_wconf 80' lang='lat' dir='ltr'>ut</span> <span class='ocrx_word' id='word_1_372' title='bbox 1132 2812 1223 2859; x_wconf 84' lang='lat' dir='ltr'>apud</span> <span class='ocrx_word' id='word_1_373' title='bbox 1237 2810 1348 2844; x_wconf 81' lang='lat' dir='ltr'>Tacit.</span> <span class='ocrx_word' id='word_1_374' title='bbox 1366 2811 1414 2844; x_wconf 80' lang='lat' dir='ltr'>ll.</span> <span class='ocrx_word' id='word_1_375' title='bbox 1433 2811 1466 2850; x_wconf 73' lang='lat'>4,</span> <span class='ocrx_word' id='word_1_376' title='bbox 1481 2812 1534 2849; x_wconf 64' lang='grc'>34,-</span> 
     </span>
    </p>
   </div>
   <div class='ocr_carea' id='block_1_6' title="bbox 254 2850 754 2894">
    <p class='ocr_par' dir='ltr' id='par_1_7' title="bbox 254 2850 754 2894">
     <span class='ocr_line' id='line_1_46' title="bbox 254 2850 754 2894; baseline 0.004 -12"><span class='ocrx_word' id='word_1_377' title='bbox 254 2850 473 2894; x_wconf 75' lang='lat' dir='ltr'>Euphranor.</span> <span class='ocrx_word' id='word_1_378' title='bbox 495 2853 563 2888; x_wconf 85' lang='lat' dir='ltr'>vid.</span> <span class='ocrx_word' id='word_1_379' title='bbox 579 2864 610 2886; x_wconf 84' lang='lat' dir='ltr'>c.</span> <span class='ocrx_word' id='word_1_380' title='bbox 632 2855 682 2886; x_wconf 88' lang='grc'>15.</span> <span class='ocrx_word' id='word_1_381' title='bbox 703 2854 754 2885; x_wconf 85' lang='grc' dir='ltr'>Μ.</span> 
     </span>
    </p>
   </div>
  </div>
 </body>
</html>
