1946 3261
699 235 818 283 LIB.
852 234 940 283 III.

1002 234 1143 282 CAP.
1181 234 1278 280 112.
1639 229 1726 274 419

228 362 394 436 bellurn
427 365 728 412 administrare
764 368 914 428 coepit.
979 364 1066 409 Sed
1103 363 1303 408 celeriter
1333 369 1398 406 est
1427 360 1542 405 inter
1575 375 1645 404 eos
1671 359 1724 403 de

228 437 484 494 principatu
502 428 795 473 controversia
814 437 932 475 orta;
964 441 1061 482 quae
1079 440 1147 467 res
1164 423 1282 482 apud
1299 422 1458 465 milites
1475 419 1727 479 largitiones

227 495 372 528 aux1t:
407 502 475 530 ma
509 489 573 531 nis
594 487 705 530 enim
735 486 917 546 jacturis
944 484 1025 528 sibi
1058 483 1240 543 quisque
1262 497 1410 524 eorum
1442 480 1603 523 animos
1625 493 1724 522 con-

227 544 422 588 ciliabat.

535 562 594 590 aec
630 546 735 589 dum
769 545 890 605 apud
928 544 1070 588 hostes
1105 550 1338 601 geruntur,
1380 539 1608 589 Pothinus,
1645 553 1724 581 nu-

226 603 378 647 tricius
401 606 526 664 pueri
554 614 599 648 et
627 615 889 664 procurator
912 602 1072 663 Regni,
1105 602 1149 644 in
1173 608 1299 659 parte
1322 599 1520 646 Caesaris,
1548 613 1646 640 cum
1666 595 1723 639 ad

228 661 433 706 Achillan
454 665 631 708 nuncios
646 665 842 708 mitteret
860 663 1218 719 hortareturque,
1237 675 1289 702 ne
1308 657 1481 717 negotio
1497 657 1724 700 desisteret

225 736 334 764 neve
366 723 508 766 animo
528 723 750 775 deficeret,
773 722 973 767 indicatis
993 718 1358 781 deprehensisque
1378 715 1676 764 internunciis,
1697 730 1724 757 a

227 780 396 825 Caesare
418 791 482 825 est
504 782 772 827 interfectus.

271 891 333 924 Est
346 893 432 925 inter
445 903 498 925 eos
513 910 558 916 —
571 899 657 927 orta.
705 893 805 926 Cous.
823 893 863 925 B.
881 894 936 926 ΑΙ.

224 944 256 967 c.
271 937 305 985 .4·
352 936 438 969 Cum
458 938 600 970 Arsinoe
621 938 686 970 suit
708 938 936 980 Ganymedes,

223 990 280 1022 qui
296 990 373 1012 eam
387 982 574 1015 abduxerat
591 981 623 1015 in
639 989 759 1021 castra,
770 989 803 1014 et
817 982 936 1014 Achil-

222 1023 283 1074 lan·
295 1032 413 1058 contra
426 1037 462 1058 se
475 1033 509 1058 et
525 1028 689 1060 Arsinoen
705 1027 855 1059 inritavit
872 1028 933 1065 ita,

223 1075 258 1101 ut
276 1080 350 1111 ipse
368 1071 500 1113 potiore
517 1078 603 1104 esset
618 1072 828 1104 auctoritate.
864 1071 932 1104 Dio

222 1112 317 1146 Cass.
333 1117 387 1154 42,
405 1118 458 1148 40.
483 1118 534 1148 M.

267 1159 429 1192 Jacturte.
478 1160 829 1201 Donis,muneribus.
877 1160 931 1193 Cf.

223 1201 314 1252 G·.‘6‚
333 1205 384 1236 12.
432 1204 485 1237 Sic
504 1206 591 1238 Plin.
609 1216 733 1248 paneg.
750 1216 781 1236 c.
800 1207 846 1236 12.
866 1205 929 1238 lar-

222 1252 371 1287 gitiones
394 1249 522 1282 damna
537 1250 634 1282 dixit.
681 1251 756 1282 Hoc
776 1250 854 1282 loco
871 1250 933 1282 ite·

224 1301 296 1322 rum
325 1296 476 1334 pacem-is
506 1294 573 1336 legi
602 1294 702 1337 jubet
733 1294 929 1327 Salmasius.

225 1333 289 1367 Sed
306 1347 338 1368 v.
354 1343 425 1369 not.
441 1338 483 1369 ad
499 1339 540 1370 G.
558 1341 589 1377 6,
611 1342 646 1370 12
672 1345 705 1371 et
722 1338 772 1371 ibi
787 1339 930 1373 citatum

223 1379 447 1415 Gronovium.
491 1383 546 1415 Cf.
562 1388 595 1414 et
610 1383 682 1416 lud.

825 783 932 826 Haec
953 782 1074 826 initia
1092 779 1200 824 belli
1221 775 1504 821 Alexandrini
1522 775 1716 817 fuerunt.

1050 893 1094 925 In
1106 896 1202 934 parte
1219 892 1376 927 C'aevaris,
1400 888 1434 920 h.
1449 898 1480 920 e.
1506 886 1539 918 in
1562 897 1602 919 ea
1622 891 1716 928 parte

1001 936 1110 975 urbis,
1140 936 1173 967 in
1196 946 1262 978 qua
1286 934 1399 966 Caesar
1422 937 1503 964 erat.
1543 941 1577 963 v.
1602 930 1642 962 B.
1660 931 1714 962 ΑΙ.

1001 993 1033 1014 c.
1051 983 1071 1013 6
1094 987 1127 1013 et
1154 983 1205 1019 32,
1233 979 1292 1012 ubi
1313 988 1394 1021 pars
1420 977 1564 1009 Caesaris
1590 975 1713 1007 eodem

1001 1036 1102 1058 sensu
1126 1025 1270 1056 dicitur.
1316 1023 1392 1054 Jam
1417 1022 1531 1053 Caesar
1554 1028 1625 1052 erat
1649 1018 1715 1057 ibi,

1000 1071 1062 1103 ubi
1079 1071 1152 1102 Rex
1165 1075 1235 1101 erat
1250 1068 1295 1108 (e.
1314 1069 1373 1099 109
1386 1066 1503 1105 extr.)·.
1527 1064 1712 1103 Pothinus,

1000 1115 1132 1148 nutrius
1148 1114 1265 1156 Regis,
1287 1117 1359 1144 erat
1382 1121 1458 1142 cum
1479 1110 1585 1151 Rege.
1633 1109 1712 1140 Erat.

999 1171 1080 1202 ergo
1101 1158 1265 1191 Pothinus
1284 1157 1344 1195 ibi,
1368 1155 1427 1187 ubi
1444 1154 1556 1186 Caesar
1569 1159 1652 1192 erat,
1677 1153 1710 1184 in

1000 1215 1041 1237 ea
1066 1210 1157 1246 parte
1189 1203 1294 1239 urbis,
1318 1201 1350 1232 in
1373 1211 1440 1242 qua
1464 1198 1576 1230 Caesar
1601 1207 1710 1229 versa-

1000 1249 1110 1281 batur.
1149 1247 1217 1286 Qui
1233 1250 1269 1279 in
1282 1251 1380 1288 parte
1400 1246 1540 1276 Caesarte
1552 1253 1619 1275 esse
1633 1251 1712 1274 cum

1000 1293 1189 1325 Ciacconio
1216 1292 1491 1332 interpretantur,
1513 1298 1534 1319 a
1559 1286 1713 1329 partibus

1000 1337 1145 1370 Caesaris
1166 1343 1266 1375 stare,
1290 1335 1324 1366 hi
1342 1339 1471 1366 errant:
1496 1342 1574 1364 nam
1593 1330 1711 1363 Pothi-

998 1392 1061 1415 nus
1077 1381 1205 1414 Caesari
1221 1378 1476 1413 inimicissimus
1492 1376 1567 1409 fuit.
1594 1376 1643 1408 M.

1411 3011 1529 3046 2E2
