1946 3261
264 194 347 239 172
665 189 749 234 DE
781 186 999 232 BELLO‘
1016 186 1310 233 GALLICO.

257 316 546 380 subplementi
565 316 870 375 equitatusque
890 315 1072 375 cogendi
1091 316 1148 358 ab
1165 314 1359 357 exercitu
1379 311 1584 356 discedit:
1611 312 1722 356 Bru-

257 387 352 422 tum
387 377 703 420 adolescentem
742 376 792 418 iis
823 375 956 433 copiis
988 374 1193 432 praeficit;
1237 373 1349 415 hunc
1389 382 1549 422 monet,
1591 380 1641 414 ut
1677 372 1721 414 in

257 438 391 480 omnis
419 443 565 494 partes
593 435 761 493 equites
782 450 910 492 quam
944 434 1144 475 latissime
1167 439 1488 491 pervagentur3
1519 432 1722 473 daturum

256 512 300 539 se
318 511 508 553 operam,
530 509 583 537 ne
602 493 772 551 longius
793 493 941 536 triduo
957 492 1014 534 ab
1036 491 1186 534 castris
1206 491 1331 533 absit.
1378 490 1459 532 His
1483 490 1726 532 constitutis

258 554 401 604 rebus,
437 553 520 596 suis
541 552 876 611 inopinantibus,
913 567 1042 608 quam
1073 550 1269 592 maximis
1298 557 1441 607 potest
1479 548 1722 596 itineribus,

260 612 472 655 Viennam
506 611 720 670 pervenit.
784 610 852 652 Ibi
883 618 1031 652 nactus
1065 617 1279 651 recentem
1314 608 1573 663 equitatum,
1594 623 1725 664 quem

257 671 403 714 multis
422 678 521 713 ante
539 670 690 713 diebus
719 685 770 711 eo
792 668 1072 726 praemiserat,
1108 683 1245 724 neque
1277 666 1434 709 diurno
1470 682 1608 723 neque
1627 681 1724 707 noc-

254 737 385 772 turno
418 729 572 771 itinere
609 727 864 777 intermisso,
896 743 974 784 per
1003 726 1107 768 fines
1144 726 1387 768 AEduorum
1425 725 1468 767 in
1510 725 1724 782 Lingones

255 788 495 838 contendit,
517 787 594 830 ubi
621 787 718 829 duae
737 786 927 845 legiones
946 786 1208 834 hiemabant,
1238 793 1303 833 ut,
1334 784 1367 825 si
1387 783 1492 840 quid
1521 784 1649 825 etiam
1670 783 1726 824 de

256 863 333 889 sua
350 847 488 889 salute
509 847 566 888 ab
587 845 742 888 AEduis
769 845 950 887 iniretur
972 844 1151 893 consilii,
1174 843 1397 885 celeritate
1420 849 1723 900 praecurreret.

257 905 325 948 Eo
356 921 489 962 quum
521 906 799 962 pervenisset,
829 903 885 946 ad
906 904 1096 960 reliquas
1116 903 1306 960 legiones
1334 901 1485 949 mittit,
1522 901 1726 958 priusque

257 979 402 1006 omnes
419 963 462 1006 in
481 979 613 1005 unum
632 963 775 1005 locum
792 963 927 1021 cogit,
950 978 1077 1020 quam
1108 961 1163 1003 de
1185 962 1274 1018 ejus
1303 960 1494 1002 adventu
1517 958 1728 1001 Arvernis

256 1022 448 1064 nunciari
484 1030 640 1079 posset.
705 1021 802 1063 Hac
831 1038 878 1062 re
907 1021 1094 1079 cognita,
1135 1019 1467 1075 Vercingetorix
1501 1034 1648 1060 rursus
1682 1018 1724 1059 in

258 1080 479 1139 Bituriges
498 1081 733 1122 exercitum
745 1079 915 1121 reducit
929 1089 1076 1135 atque,
1090 1078 1189 1120 inde
1206 1076 1426 1135 profectus
1445 1077 1726 1134 Gergoviam,

259 1139 465 1182 Boiorum
485 1138 712 1197 oppidum,
750 1154 856 1195 quos
888 1138 949 1180 ibi
980 1137 1212 1179 Helvetico
1242 1136 1397 1194 proelio
1425 1136 1559 1177 victos
1581 1135 1725 1177 Caesar

257 1198 556 1241 conlocaverat
575 1196 814 1253 AEduisque
835 1196 1127 1244 adtribuerat,
1148 1196 1402 1252 obpugnare
1425 1194 1624 1235 instituit.

319 1256 382 1298 10.
420 1256 627 1313 Magnam
659 1255 745 1296 haec
778 1271 845 1296 res
884 1255 1042 1296 Caesari
1076 1254 1377 1295 difficultatem
1411 1252 1465 1293 ad
1504 1251 1726 1293 consilium

256 1313 513 1372 capiendum
533 1313 785 1355 adferebat:
819 1313 851 1353 si
874 1312 1083 1368 reliquam
1105 1320 1273 1367 partem
1296 1311 1443 1351 hiemis
1463 1325 1548 1351 uno
1571 1310 1613 1351 in
1633 1309 1727 1351 loco

257 1373 446 1430 legiones
463 1372 722 1419 contineret,
755 1385 822 1419 ne,
856 1369 1146 1426 stipendiariis
1178 1368 1421 1410 AEduorum
1452 1368 1728 1426 expugnatis,

256 1440 410 1473 cuncta
440 1429 585 1472 Gallia
604 1428 823 1478 deficeret,
848 1428 967 1485 quod
995 1428 1162 1469 nullum
1188 1428 1332 1469 amicis
1353 1427 1395 1468 in
1413 1443 1464 1469 eo
1484 1426 1730 1484 praesidium

257 1489 429 1532 videret
464 1488 653 1546 positum
684 1502 791 1529 esse:
826 1487 888 1528 sin
912 1487 1120 1529 maturius
1141 1503 1192 1528 ex
1214 1486 1404 1527 hibernis
1425 1485 1644 1533 educeret,
1676 1500 1728 1528 ne

258 1549 314 1591 ab
336 1564 382 1590 re
402 1545 685 1589 frumentaria
705 1546 826 1587 duris
847 1546 1195 1587 subvectionibus
1217 1544 1452 1587 laboraret.
1519 1544 1728 1586 Praestare

257 1608 393 1649 visum
426 1613 490 1647 est
527 1613 685 1652 tamen,
722 1620 867 1647 omnes
894 1603 1169 1645 difficultates
1202 1604 1388 1660 perpeti,
1424 1619 1568 1661 quam,
1607 1611 1729 1644 tanta

257 1663 517 1707 contumelia
560 1671 756 1720 accepta,
802 1663 990 1705 omnium
1029 1677 1202 1704 suorum
1243 1661 1487 1704 voluntates
1527 1661 1728 1703 alienare.

258 1723 413 1780 Itaque
449 1721 698 1764 cohortatus
735 1721 900 1763 AEduos
928 1720 983 1762 de
1005 1719 1307 1778 subportando
1336 1729 1591 1768 commeatu,
1623 1736 1728 1777 prae-

256 1781 395 1824 mittit
415 1780 469 1822 ad
505 1779 651 1829 Boios,
679 1780 754 1836 qui
787 1779 841 1821 de
873 1794 950 1821 suo
982 1779 1173 1820 adventu
1195 1777 1379 1820 doceant
1400 1778 1730 1835 hortenturque,

257 1849 307 1883 ut
326 1841 368 1882 in
390 1838 475 1880 fide
497 1847 700 1880 maneant
719 1847 851 1895 atque
883 1838 1068 1880 hostium
1092 1838 1283 1894 inpetum
1306 1853 1463 1895 magno
1485 1837 1626 1879 animo
1646 1854 1731 1879 sus-

258 1899 436 1941 tineant.
501 1897 682 1939 Duabus
725 1896 939 1953 Agendici
978 1896 1222 1953 legionibus
1257 1903 1388 1952 atque
1430 1896 1731 1955 inpedimentis

257 1958 389 2000 totius
410 1955 622 2010 enercitus
639 1955 814 2004 relictis,
836 1955 889 1998 ad
914 1955 1045 1997 Boios
1061 1953 1357 2012 proficiscitur.

322 2017 386 2057 ll.
422 2015 578 2057 Altero
607 2013 678 2056 die
711 2030 843 2071 quum
867 2013 921 2055 ad
951 2013 1161 2071 oppidum
1198 2014 1413 2055 Senonum
1438 2012 1732 2055 Vellaunodu-

259 2089 362 2117 num
384 2073 582 2121 venisset,
605 2088 657 2114 ne
677 2089 805 2130 quem
827 2081 924 2130 post
944 2088 987 2114 se
1004 2072 1169 2114 hostem
1189 2071 1469 2128 relinqueret,
1500 2087 1586 2129 quo
1605 2089 1731 2130 expe-

307 2198 516 2238 Gerfyoviam,
560 2196 631 2226 Boi.
666 2208 738 2237 opp.
799 2196 962 2236 Suspecta
1030 2196 1153 2227 Contra
1177 2196 1345 2233 eleganter
1361 2195 1421 2227 alii
1446 2200 1567 2234 rie-cm·;
1589 2197 1729 2237 quidam

260 2240 378 2272 multis
409 2239 580 2280 Gergovia
612 2239 791 2278 Boiorumg
823 2247 901 2271 nota
929 2246 960 2270 ct

260 2285 406 2325 probata
449 2285 671 2314 Arvernorum
701 2283 749 2321 (c.
778 2285 796 2312 4
829 2289 862 2313 et
892 2286 961 2321 3-1).

261 2330 386 2360 Cellar.
424 2326 600 2358 Immerito
624 2333 817 2367 suspectum
833 2327 963 2358 habent

260 2372 325 2404 hoc
357 2381 480 2404 nomen
512 2370 664 2410 Scaliger
699 2370 841 2410 aliique.
884 2382 959 2402 cum

260 2415 430 2458 Gergovia
470 2414 541 2446 haec
580 2414 672 2445 dicta
702 2414 745 2444 sit
788 2413 962 2446 Boiorum.

258 2460 363 2490 altera
379 2460 614 2490 Arvernorum.
656 2458 819 2489 Clarla'us.
858 2458 962 2491 Idem.

259 2504 351 2545 quod
367 2502 504 2534 Clarkio
520 2501 660 2543 placuit,
686 2503 794 2532 visum
817 2507 890 2532 erat
905 2501 963 2532 Ci-

260 2547 425 2586 acconio3
451 2547 507 2577 sed
525 2557 602 2578 cum
631 2545 777 2576 varietur
793 2544 960 2586 scriptura

262 2591 361 2632 hujus
412 2589 508 2622 verbi
557 2591 760 2631 (Gergouia,
804 2590 960 2628 (Sartona,

262 2633 443 2678 regyolssivm,
467 2634 644 2675 Gorqobia,
670 2633 855 2669 Gorbolia),
869 2632 962 2664 ideo—

261 2689 326 2718 que
342 2678 469 2710 incerta
491 2677 546 2716 sit,
568 2676 644 2718 quis
660 2677 796 2707 tandem
811 2675 959 2711 definiat.

261 2732 363 2752 unam
379 2728 436 2753 aut
450 2721 644 2753 duasfuisse
654 2720 805 2761 ejusdem
816 2719 963 2751 nominis

262 2765 374 2801 urbes,
396 2775 458 2796 nec
476 2764 590 2806 potius
607 2765 762 2802 fateatur,
793 2763 892 2794 nobis
918 2765 960 2794 de

263 2808 329 2839 hoc
346 2808 482 2840 nomine
499 2808 531 2839 h.
559 2809 582 2839 1.
606 2818 671 2839 non
689 2807 864 2839 constare?
910 2808 962 2839 M.

262 2852 363 2883 Conf.
379 2852 558 2884 D'Anville
575 2853 599 2883 l.
617 2863 646 2883 c.
662 2852 703 2883 ad
718 2862 749 2883 c.
767 2853 798 2882 4.

310 2897 397 2930 Quos
421 2897 746 2929 ibi—conlocarant.
784 2894 865 2926 Vid.
889 2905 962 2927 om-

262 2938 343 2971 nino
376 2942 403 2978 l,
435 2942 489 2972 28.
535 2940 587 2972 Μ.
633 2938 702 2980 Alii
737 2940 825 2980 male
861 2940 964 2982 quod.

1029 2239 1132 2271 otiam
1152 2242 1313 2278 Helvetia,
1329 2242 1385 2271 sed
1406 2242 1573 2273 Hele-erico
1589 2242 1727 2272 omnino

1031 2291 1177 2325 praestat.

1077 2329 1200 2359 ACrluis
1214 2328 1432 2360 adtribuet-at.
1452 2330 1495 2361 Ut
1510 2329 1550 2361 iis
1562 2329 1731 2371 stipendia

1029 2377 1061 2403 et
1077 2372 1203 2403 tributa
1218 2372 1399 2403 solverent.
1428 2374 1481 2405 Cf.
1496 2384 1526 2404 c.
1548 2377 1596 2405 10.
1622 2375 1671 2405 M.

1082 2418 1094 2446 1
1103 2417 1214 2447 'ider-et
1223 2417 1327 2456 positu
1335 2428 1362 2446 ηι
1374 2427 1451 2448 esse.
1475 2417 1544 2449 Alii
1558 2418 1731 2450 rideretur.

1082 2459 1389 2492 Vellaunodunum.
1450 2461 1562 2499 Vulgo
1599 2466 1731 2503 putatur

1029 2514 1101 2535 esse
1116 2502 1424 2536 c'laotean-Landon
1440 2516 1481 2536 pn
1497 2507 1666 2543 Gatinois;
1680 2510 1732 2536 ast

1030 2547 1077 2577 Le
1095 2546 1224 2577 Boufin
1241 2550 1361 2578 recueil
1375 2549 1415 2579 «Ie
1432 2550 1540 2580 din-ers
1552 2548 1646 2581 &cr-its
1659 2560 1729 2580 ser-

1032 2591 1142 2622 rant&
1159 2590 1258 2621 l‘lm-ae.
1280 2591 1319 2621 de
1342 2593 1472 2624 Franz-e
1498 2599 1522 2623 t.
1544 2597 1575 2624 2.
1601 2604 1635 2634 p.
1657 2594 1728 2623 179.

1029 2645 1070 2665 ex
1100 2645 1154 2673 eo,
1179 2635 1269 2674 quod
1298 2635 1405 2667 amnis
1440 2647 1480 2667 ex
1508 2642 1621 2668 monte
1651 2647 1729 2677 pro-

1033 2678 1151 2715 fluens,
1171 2678 1227 2708 cui
1245 2678 1430 2718 inpositum
1446 2687 1516 2711 erat
1545 2681 1730 2711 Vellauno-

1030 2723 1168 2754 dunum.
1192 2721 1319 2753 dicitur
1347 2723 1516 2765 hodieque
1543 2725 1686 2755 I'allaon
1703 2733 1732 2754 s.

1037 2767 1161 2797 sallem
1195 2776 1302 2807 prope
1333 2767 1590 2799 Autisiodorum
1618 2768 1731 2805 (Azar-

1030 2810 1132 2847 erre),
1147 2809 1246 2841 infert
1262 2809 1339 2840 heic
1358 2811 1507 2851 positum
1522 2810 1625 2842 fuisse
1660 2811 1730 2841 sel·

1030 2853 1287 2893 lattrmdunum3
1324 2854 1538 2886 D’Anvillius
1567 2860 1681 2885 contra
1711 2864 1731 2884 e

1031 2895 1188 2928 distantia
1219 2898 1371 2929 locorum
1400 2898 1486 2929 inter
1518 2897 1729 2939 Agedincum

1031 2948 1064 2972 et
1093 2951 1135 2971 ex
1162 2941 1300 2974 nomine
1329 2943 1412 2973 silla
1445 2942 1548 2976 Belua
1580 2945 1615 2974 in
1639 2952 1728 2984 payo
