1961 3230
211 199 255 241 iv
778 192 1124 236 PRAEFATIO.

217 323 380 380 majore
425 321 503 363 ista
544 318 970 360 OUDENDORPIANA
1014 317 1255 366 editione*,
1295 315 1420 358 hodie
1460 313 1692 358 admodum

219 412 334 446 rara,
355 394 566 444 destituti,
587 392 642 435 ad
664 393 963 450 explicandum
980 392 1221 450 junioribus
1237 398 1458 433 auctorem
1473 389 1698 437 accedunt,

221 478 397 529 gratum
436 484 503 511 me
538 467 683 509 fecisse
724 466 907 510 confido.
972 468 1066 509 Nec
1106 464 1386 523 injucundum
1421 463 1501 506 hoc
1537 462 1702 505 accidet

221 545 331 594 aliis,
364 544 440 601 qui
471 542 651 600 proprio
686 543 832 584 Marte
864 543 907 584 in
930 542 1141 585 Gaesarem
1172 540 1400 598 legendum
1430 537 1702 585 incumbunt,

223 632 360 674 quum
391 616 448 658 sic
479 615 534 658 de
554 616 721 659 ratione
746 615 942 658 lectionis
962 622 1150 673 acceptae
1173 614 1319 672 aptius
1344 612 1539 672 judicare
1562 611 1701 653 liceat.

223 692 339 734 Tum
359 690 598 734 cavendum
617 690 877 741 arbitrabar,
909 705 961 731 ne
987 689 1161 740 tirones,
1195 687 1313 745 quod
1335 687 1469 745 vulgo
1490 685 1584 728 fieri
1605 699 1704 727 con-

223 767 379 817 suevit,
403 779 729 824 ‘quamcumque
757 766 985 808 lectionem
1009 765 1052 806 in
1081 781 1156 807 sua
1178 764 1359 821 quisque
1381 763 1569 806 editione
1591 761 1705 804 inve-

224 841 354 890 nerit,
377 856 468 882 eam
490 840 623 898 ipsius
643 840 863 897 scriptoris
883 839 1010 880 fuisse
1030 844 1202 895 putent.

287 916 456 965 Sicubi,
489 916 608 974 quod
638 931 767 973 parce
798 916 975 964 factum,
1006 915 1062 956 ab
1096 911 1474 970 Oudendorpiana‚
1508 925 1637 967 quam
1663 916 1708 951 et

229 990 386 1033 Morus
403 1006 522 1032 suam
537 990 713 1038 fecerat,
732 989 974 1031 recensione
994 987 1160 1036 recessi,
1179 1003 1275 1043 quae
1292 1002 1358 1028 me
1380 986 1490 1028 ratio
1507 982 1709 1031 moverit,

218 1063 423 1107 indicavi.
486 1063 747 1121 Fragmenta
771 1063 947 1108 Caesaris
973 1071 1019 1105 et
1043 1061 1285 1104 testimonia
1307 1069 1502 1103 veterum
1523 1057 1708 1106 restitui,

226 1154 253 1180 a
294 1138 426 1180 Moro
466 1138 677 1196 neglecta.
743 1137 887 1194 Hujus
921 1135 1155 1193 diligentiae
1188 1134 1347 1176 sedulae
1387 1133 1546 1176 indices
1579 1131 1710 1174 debet

227 1211 383 1260 lector,
421 1227 528 1269 quos
568 1211 764 1269 pauculis
792 1211 889 1252 hinc
927 1210 1023 1252 inde
1057 1209 1265 1266 adspersis
1300 1208 1414 1251 auxi.
1478 1206 1712 1249 Recentius

227 1286 427 1342 quaedam
445 1285 737 1328 animadversa
758 1285 801 1327 in
824 1285 1075 1327 Mantissam
1098 1283 1272 1341 conjeci.
1578 1287 1580 1289 ’

291 1360 343 1402 In
375 1361 422 1402 iis
454 1361 571 1410 locis,
603 1376 700 1417 quae
726 1362 778 1402 de
803 1359 1034 1401 Gallorum
1069 1359 1473 1413 Germanorumque
1504 1356 1713 1414 religione

230 1440 276 1475 et
306 1434 498 1475 moribus
526 1440 680 1488 agunt,
711 1432 901 1487 itemque
941 1431 994 1473 de
1028 1432 1269 1473 Germaniae
1297 1431 1566 1481 animalibus,
1595 1439 1713 1473 recte

225 1506 436 1565 judicasse
461 1507 640 1548 Morum
662 1520 828 1553 censeo,
863 1513 890 1530 “
909 1504 962 1545 de
985 1504 1047 1546 his
1068 1507 1197 1548 rebus
1218 1505 1525 1548 moderandum
1546 1521 1632 1546 esse
1652 1505 1712 1547 ita

231 1589 261 1608 ‘⁶
280 1580 511 1638 judicium,
550 1595 603 1621 ne
644 1587 841 1636 tempora
884 1579 1157 1627 misceantur,
1195 1594 1247 1621 ne
1288 1580 1357 1621 vel
1394 1579 1604 1621 TACITUS
1643 1579 1715 1621 vel

232 1664 262 1683 “
290 1657 476 1704 CAESAR,
509 1655 541 1696 si
562 1655 734 1711 quando
755 1655 1019 1703 dissentiant,
1041 1656 1259 1698 necessarii
1280 1655 1436 1698 erroris
1457 1663 1714 1713 arguantur,

232 1732 263 1758 (ί
286 1746 339 1773 ne
362 1730 565 1772 Romanis
585 1729 764 1772 vocibus
785 1745 981 1787 expressa
1004 1738 1235 1787 propterea
1266 1730 1321 1772 ad
1344 1730 1559 1772 Romanos
1579 1745 1717 1771 mores

234 1813 264 1833 “
288 1814 562 1854 revocentur,
596 1804 667 1847 sed
689 1813 736 1847 ut
759 1804 887 1862 ipsius
910 1805 1092 1847 nationis
1114 1804 1343 1846 domestica
1363 1803 1569 1846 sentiendi
1591 1819 1718 1862 agen-

235 1887 266 1907 “
291 1879 425 1936 dique
455 1877 719 1920 consuetudo
744 1878 801 1920 ab
830 1877 913 1919 illis
940 1877 1160 1920 vocabulis
1190 1879 1347 1920 exteris
1375 1887 1635 1926 secernatur,
1669 1893 1721 1919 ne

236 1960 266 1980 “
291 1953 467 1995 nimium
508 1952 731 1994 tribuatur
779 1952 1052 2009 etymologiae
1101 1953 1335 1995 verborum
1383 1953 1723 1995 obsoletorum.’'

238 2025 370 2075 Quod
389 2025 443 2067 ad
464 2024 537 2066 illa
557 2025 651 2067 loca
671 2024 857 2074 adtinet,
882 2025 1038 2082 quibus
1064 2033 1296 2068 structurae
1327 2027 1542 2084 pontium,
1565 2028 1721 2070 machi-

239 2115 393 2142 narum
433 2098 702 2155 aliarumque
754 2114 914 2147 rerum,
967 2099 1070 2141 item
1120 2090 1224 2141 artis
1270 2101 1398 2157 ipsius
1438 2104 1634 2145 militaris
1674 2104 1725 2145 fit

240 2174 420 2224 mentio,
452 2172 507 2214 ad
545 2190 614 2215 eos
650 2181 847 2215 auctores
889 2181 1005 2215 recte
1046 2174 1200 2216 Morus
1243 2175 1424 2218 lectores
1463 2177 1722 2234 ablegandos

242 2249 391 2298 suasit,
425 2247 501 2304 qui
528 2247 581 2288 de
611 2247 770 2289 talibus
798 2263 850 2289 ex
884 2248 1075 2304 professo
1108 2257 1153 2290 et
1184 2248 1283 2292 data
1315 2265 1445 2306 opera
1468 2238 1734 2300 tractarunt:

241 2337 427 2379 quorum
445 2320 612 2377 aliquos
632 2336 730 2362 mox
747 2321 1043 2375 indicabimus.¹

301 2397 371 2440 De
403 2395 502 2453 ipsis
537 2395 715 2437 Caesaris
748 2397 1060 2439 commentariis
1091 2398 1255 2441 diversa
1268 2400 1503 2443 doctorum
1533 2402 1727 2444 virorum

239 2471 399 2530 judicia
420 2470 516 2512 inde
537 2486 562 2512 a
583 2470 740 2512 renatis
760 2470 883 2512 bonis
913 2471 1069 2514 litteris
1098 2489 1184 2515 esse
1214 2474 1314 2523 lata,
1348 2484 1497 2517 notum
1519 2484 1582 2518 est
1602 2476 1724 2524 satis;

244 2561 384 2602 neque
406 2544 498 2587 heic
526 2544 762 2602 repetenda
795 2559 881 2585 esse
909 2544 1075 2601 judico,
1110 2563 1204 2603 quae
1235 2547 1277 2589 in
1299 2557 1529 2606 utramque
1561 2559 1727 2607 partem

246 2626 348 2659 sunt
388 2617 622 2674 disputata.
700 2616 910 2659 Veterum
951 2618 1214 2669 testimoniis,
1259 2621 1541 2672 emm-tows,
1582 2624 1727 2664 STRA-

266 2762 316 2843 b*
341 2760 471 2792 Prodiit
487 2761 525 2792 L.
541 2761 580 2792 B.
601 2762 694 2791 1737.
712 2763 743 2792 4.
761 2763 779 2790 2
800 2760 877 2791 Vol.
928 2759 1074 2792 Omissis
1091 2761 1179 2793 notis
1195 2762 1271 2793 dein
1290 2764 1433 2803 repetita
1458 2764 1574 2805 paucis
1592 2763 1728 2795 mutatis

251 2812 262 2843 i
294 2835 300 2842 .
328 2814 419 2843 1740.
447 2814 477 2843 8.
