1992 3271
275 231 333 273 32
696 228 779 270 DE
812 225 1014 268 BELLO
1048 226 1341 269 GALLICO.

273 353 463 396 omnium
484 360 659 401 mentes,
681 368 932 410 summaque
949 351 1145 394 alacritas
1165 361 1208 394 et
1227 352 1437 410 cupiditas
1454 352 1557 395 belli
1575 352 1749 409 gerendi

273 413 418 454 innata
436 421 515 460 est,
546 411 831 468 princepsque
851 411 1013 452 decima
1032 411 1144 468 legio
1166 426 1244 468 per
1266 411 1483 453 'lribunos
1503 412 1691 453 militum
1711 412 1749 453 ei

275 471 432 528 gratias
452 469 557 526 egit,
579 469 699 526 quod
717 470 769 511 de
789 485 832 511 se
853 469 1067 526 optimum
1083 468 1291 532 judicium
1312 469 1491 519 fecisset,
1513 485 1641 526 seque
1662 485 1750 511 esse

273 528 327 570 ad
348 527 511 569 bellum
540 528 775 584 gerendum
808 527 1117 585 palatissimam
1151 521 1435 569 confirmavit.
1498 527 1664 569 Deinde
1684 543 1749 569 re-

274 586 405 642 liquae
436 585 622 642 legiones
654 601 733 643 per
754 585 972 628 Tlibunos
1002 585 1189 627 militum
1220 594 1263 627 et
1286 586 1528 643 primorum
1549 585 1750 628 ordinum

277 643 562 686 Centuriones
599 652 797 710 egerunt,
840 645 906 685 uti
949 643 1107 685 Caesari
1155 644 1473 687 satisfacerent·
1526 660 1569 686 se
1608 659 1750 701 neque

274 717 481 759 umquam
514 701 746 751 dubitasse,
783 717 922 760 neque
957 701 1160 751 timuisse,
1196 717 1336 768 neque
1367 702 1419 744 de
1450 718 1615 744 summa
1645 701 1751 744 belli

272 776 399 801 suum
425 760 650 818 judicium,
684 761 757 803 sed
786 759 1063 826 Imperatoris
1082 776 1184 809 esse,
1207 761 1520 803 existimavisse.
1582 761 1749 803 Eorum

271 818 556 860 satisfactione
573 827 749 884 accepta
769 827 813 860 et
831 819 980 860 itinere
996 818 1209 875 exquisito
1230 834 1308 876 per
1328 819 1609 868 Divitiacum,
1629 818 1750 885 quod

273 892 325 917 ex
346 876 483 918 Gallis
498 877 535 918 81
553 892 778 918 maxnnam
797 876 923 918 fidem
942 876 1144 925 habebat,
1163 886 1213 918 ut
1233 877 1400 918 milium
1416 877 1602 934 amplius
1623 876 1747 934 quin-

273 935 482 992 quaginta
502 935 688 977 circuitu
719 934 822 976 locis
843 935 1002 992 apertis
1031 935 1267 976 exercitum
1296 935 1488 984 ducelet,
1517 935 1569 976 de
1591 943 1751 992 quarta.

272 993 435 1051 vigilia,
468 1003 519 1035 ut
553 993 735 1042 dixerat,
770 994 990 1050 profectus
1021 1001 1098 1035 est.
1163 993 1358 1050 Septimo
1386 993 1470 1042 die,
1499 1009 1637 1051 quum
1665 993 1748 1036 iter

272 1066 358 1094 non
379 1051 698 1100 intermitteret,
731 1051 788 1093 ab
808 1051 1156 1109 exploratoribus
1177 1051 1334 1094 certior
1363 1051 1500 1094 factus
1518 1060 1597 1101 est,
1621 1051 1749 1094 Ario-

272 1110 369 1152 visti
387 1110 530 1167 copias
549 1125 574 1151 a
591 1109 745 1153 nostris
758 1109 930 1152 milibus
944 1125 1146 1167 passuum
1160 1118 1350 1167 quatuor
1365 1118 1409 1152 et
1422 1110 1575 1167 viginti
1587 1109 1747 1152 abesse.

330 1168 402 1210 42
437 1168 626 1226 Cognito
662 1168 839 1210 Caesaris
871 1168 1074 1217 adventu,
1110 1168 1354 1210 Ariovistus
1386 1168 1550 1225 legatos
1577 1168 1630 1210 ad
1649 1184 1748 1210 eum

272 1226 428 1269 mittit:
462 1227 581 1284 quod
599 1234 724 1269 antea
755 1226 807 1268 de
829 1226 1058 1293 conloquio
1088 1226 1362 1284 postulasset,
1396 1226 1439 1268 id
1471 1242 1550 1283 per
1580 1243 1623 1268 se
1655 1225 1748 1268 fieri

271 1284 414 1335 licere,
449 1285 667 1351 quoniam
686 1285 867 1342 propius
898 1285 1152 1327 accessisset:
1196 1300 1326 1341 seque
1354 1284 1398 1325 id
1436 1284 1524 1326 sine
1552 1284 1748 1342 periculo

271 1343 411 1386 facere
447 1360 569 1400 posse
604 1342 856 1385 existimare
922 1343 1024 1384 Non
1058 1343 1225 1399 respuit
1259 1341 1542 1384 conditionem
1580 1342 1746 1384 Caesar:

267 1417 442 1459 1amque
459 1417 557 1442 eum
578 1401 632 1442 ad
649 1401 871 1442 sanitatem
890 1400 1048 1441 leverti
1064 1400 1378 1450 arbitrabatur,
1398 1416 1535 1457 quum
1552 1400 1610 1450 id,
1628 1400 1748 1458 quod

270 1469 397 1501 antea
429 1459 593 1517 petenti
625 1459 886 1516 denegasset,
917 1458 1034 1500 ultro
1064 1458 1366 1516 polliceretun
1398 1473 1682 1525 magnamque
1703 1459 1747 1501 111

270 1534 390 1575 spem
425 1517 639 1565 veniebat,
678 1532 759 1583 pro
792 1533 877 1558 suis
909 1517 1038 1558 tantis
1073 1516 1318 1574 Populique
1353 1516 1537 1559 Romani
1570 1517 1613 1559 in
1647 1532 1747 1559 eum

271 1574 500 1624 beneficiis,
533 1575 713 1633 cognitis
744 1575 830 1616 suis
862 1574 1105 1632 postulatis,
1138 1576 1246 1623 fore,
1281 1574 1347 1616 uti
1368 1574 1603 1631 pertinacia
1623 1575 1747 1617 (18313-

271 1642 398 1676 teret.
453 1634 555 1676 Dies
575 1633 806 1690 conloquio
823 1632 962 1675 dictus
979 1641 1057 1682 est,
1075 1649 1127 1675 ex
1143 1649 1193 1675 eo
1209 1633 1277 1674 die
1297 1633 1488 1690 quintus.
1550 1632 1746 1683 Interim,

272 1709 410 1749 quum
430 1707 540 1749 saepe
561 1691 679 1734 ultro
700 1693 897 1748 citroque
918 1691 1049 1749 legati
1077 1691 1187 1733 inter
1211 1707 1282 1733 eos
1302 1691 1595 1740 mitterentur,
1620 1692 1747 1733 Ario-

272 1751 407 1793 vistus
440 1750 693 1808 postulavit,
727 1765 779 1791 ne
816 1765 945 1806 quem
960 1728 1167 1807 &peditem
1202 1750 1256 1792 ad
1290 1749 1569 1806 conloquium
1603 1749 1747 1792 Caesar

272 1809 523 1851 adduceret:
558 1809 694 1850 vereri
715 1824 773 1856 se,
806 1823 856 1850 ne
879 1823 956 1874 pel
978 1808 1142 1850 insidias
1176 1808 1231 1850 ab
1261 1823 1311 1849 eo
1337 1807 1744 1850 circumveniretur:

272 1876 458 1924 uterque
487 1882 584 1909 cum
614 1866 813 1924 equitatu
835 1866 1019 1908 veniret:
1052 1866 1135 1908 alia
1161 1865 1325 1908 ratione
1352 1881 1395 1907 se
1423 1881 1508 1908 non
1540 1882 1626 1907 8338
1647 1882 1746 1909 ven-

271 1934 435 1967 turum.
499 1925 656 1974 Caesar,
693 1924 812 1982 quod
839 1940 976 1981 neque
1007 1924 1282 1981 conloquium
1318 1924 1571 1981 interposita
1602 1940 1748 1967 caussa

271 1983 368 2025 tolli
389 1983 579 2032 volebat,
613 1999 752 2040 neque
779 1983 960 2024 salutem
987 1998 1106 2024 suam
1130 1983 1360 2024 Gallorum
1391 1982 1605 2039 equitatui
1633 1998 1746 2025 com-

271 2042 442 2083 mittere
461 2042 663 2090 audebat,
693 2041 1077 2083 commodissimum
1108 2057 1192 2082 esse
1213 2041 1381 2089 statuit,
1408 2040 1606 2082 omnibus
1626 2042 1747 2098 equis

277 2100 414 2141 Gallis
453 2100 673 2166 equitibus
719 2099 935 2148 detractis,
983 2115 1032 2141 eo
1074 2099 1328 2156 legionarios
1377 2098 1531 2140 milites
1568 2099 1747 2157 legionis

271 2157 458 2206 decimae,
496 2175 564 2200 cui
598 2174 727 2224 quam
761 2158 939 2200 maxime
972 2137 1228 2206 confidebat,
1265 2157 1485 2214 inponere,
1520 2166 1570 2199 ut
1605 2158 1746 2214 praesi-

270 2216 389 2257 dium
423 2231 552 2274 quam
581 2216 891 2282 amicissimum,
923 2216 955 2257 si
982 2216 1087 2273 quid
1110 2232 1219 2273 opus
1248 2216 1362 2257 facto
1396 2223 1518 2263 esset,
1550 2214 1743 2258 haberet.

275 2274 405 2324 Quod
426 2290 563 2332 quum
582 2273 718 2324 fieret,
737 2290 820 2316 non
842 2274 1064 2317 inridicule
1083 2274 1258 2333 quidam
1277 2290 1329 2315 ex
1351 2273 1559 2315 militibus
1574 2273 1747 2317 decimae

317 2389 383 2419 Per
402 2388 611 2419 Trib.--
630 2388 851 2419 Centuriones.
882 2387 976 2418 113110
1043 2387 1186 2423 additur,
1218 2387 1330 2422 Gallis,
1357 2391 1392 2416 ut
1418 2395 1497 2415 mox
1524 2385 1747 2426 qnaaelraffl'nla

270 2431 455 2462 lectionem
477 2430 698 2471 metaphrasis
721 2430 779 2461 Gr.
800 2430 976 2470 expressit.

274 2475 336 2505 Sed
364 2475 398 2506 in
424 2474 596 2516 plerisque
619 2475 718 2505 codd.
735 2473 877 2513 legitur:
900 2484 976 2504 cum

278 2519 434 2550 Tribunis
458 2530 505 2550 m.
531 2525 559 2549 et
580 2530 633 2560 pr.
657 2530 686 2549 ο.
713 2518 976 2548 Ορηίιιι·ἱοηί1ηι.ς.·

270 2573 347 2603 quae
360 2569 391 2594 ct
406 2562 480 2603 ipsa
495 2562 598 2593 lectio
611 2562 826 2592 commodum
843 2571 975 2591 3811311111

272 2606 386 2643 habet,
403 2617 526 2647 nempe
541 2605 669 2637 milites
685 2604 887 2635 delibemss(
900 2615 975 2635 cum

272 2631 429 2688 ducibiis,
450 2660 520 2691 quo
537 2650 639 2680 modo
654 2648 727 2680 Caes
715 2647 777 2678 3311
794 2647 874 2678 satis
891 2648 977 2678 saco-

271 2694 608 2725 1’8111..711.8811111111
623 2693 653 2724 11
655 2692 800 2730 ‘rendum
816 2690 933 2721 (1811181
939 2703 976 2732 ps

272 2738 321 2768 uti
346 2739 467 2769 Caeemi
484 2748 546 2779 per
567 2748 617 2769 eos·
639 2732 865 2776 satisfac-ermen!
885 2736 977 2775 quod

273 2780 372 2810 codd.
416 2781 573 2812 nonnulli
617 2771 755 2812 habent.
813 2778 977 2810 Caetemm

268 2826 457 2864 primorum
482 2826 637 2856 ordinum
667 2824 874 2855 Centuriones
903 2830 978 2854 sunt

273 2866 435 2898 Centurio
453 2867 635 2908 primipili,
660 2866 788 2908 primus
810 2865 978 2907 princeps,

276 2910 406 2951 primus
436 2910 596 2942 hastatus.
641 2910 693 2942 Cf.
724 2914 754 2950 5,
787 2913 840 2947 28,
865 2911 917 2941 37.
946 2917 979 2941 et

275 2953 373 2995 Lips.
388 2955 428 2984 de
446 2954 520 2985 mil.
537 2959 568 2985 2.
585 2958 617 2986 8.

323 2999 415 3033 Quod
434 3009 475 3030 em
489 3000 573 3031 aliis.
621 2999 732 3040 Vulgo
749 3003 865 3030 contra
879 2997 965 3029 codd

1045 2442 1105 2472 pro
1121 2431 1374 2472 quinquaqinta.
1393 2429 1442 2459 M.
1481 2428 1637 2459 Daxisius
1652 2435 1747 2469 putat

1042 2475 1220 2516 legendum
1240 2474 1353 2505 Gallis-
1367 2473 1478 2503 1181810
1493 2474 1577 2503 aliis.
1594 2473 1693 2503 bene.

1088 2518 1317 2557 luil.ampl1'11e
1339 2518 1592 2557 quinquaqinta.
1636 2515 1747 2556 Majo-

1042 2573 1109 2593 18111
1142 2562 1219 2599 long
1203 2572 1242 2591 8
1272 2570 1444 2590 numerum
1470 2559 1571 2591 habet
1598 2559 1746 2590 Giaecus.

1043 2606 1113 2636 Alii
1130 2606 1207 2636 dant
1223 2604 1457 2644 qnwluaqinta.

1088 2650 1161 2680 llil.
1181 2658 1270 2689 pax&
1286 2653 1430 2688 quatuor
1449 2652 1478 2678 et
1496 2648 1622 2687 u'qe'ntc'.
1666 2644 1748 2676 Clu-

1041 2692 1152 2724 verius
1176 2691 1210 2721 in
1236 2690 1405 2731 prmemio
1423 2690 1623 2720 Gern1.ant.
1639 2689 1742 2719 scribi

1041 2736 1113 2767 11111
1137 2737 1281 2777 quinque
1307 2740 1335 2765 er
1359 2735 1483 2772 vislinti,
1505 2739 1540 2764 ut
1563 2743 1639 2763 cum
1667 2733 1745 2763 Plu·

1041 2779 1170 2817 tarcho,
1186 2789 1216 2809 8.
1238 2779 1288 2807 19.
1333 2777 1443 2808 (18331
1458 2777 1648 2808 conveniat.

1089 2824 1301 2854 Eristimmv.
1347 2820 1402 2851 Sic
1441 2819 1529 2850 Oud.
1567 2830 1608 2850 ex
1644 2819 1746 2850 codd.

1046 2867 1157 2907 Vulgo
1173 2867 1383 2897 emistimarel.
1429 2863 1534 2894 Paulo
1559 2870 1637 2894 ante
1655 2863 1745 2894 Oud.

1043 2910 1144 2942 ctiam
1158 2911 1262 2946 licere,
1279 2909 1376 2940 bene.
1392 2917 1458 2937 non
1473 2907 1590 2937 liceret.

1092 2955 1140 2984 1τό
1155 2969 1199 2975 -—
1211 2955 1322 2993 inpon.
1370 2950 1482 2990 Vulgo
1496 2952 1540 2980 eis
1554 2951 1609 2981 vel
1625 2952 1658 2981 in
1673 2959 1736 2982 ρος.

1091 2998 1165 3029 Νοη
1179 2996 1308 3030 inridt'c.
1353 2994 1459 3026 Graec.
1474 2994 1590 3025 ἀτ-τεῖόν
1613 3006 1654 3025 τι.
