1946 3261
30 1390 38 1487 -..ευ-
29 975 41 1383 μνᾷ-ψ’,-

696 203 814 249 LIB.
877 203 1014 248 GAP.
1046 204 1236 248 31—33.
1599 206 1687 250 443

214 330 382 390 Regem
409 330 568 389 ipsum,
596 339 908 390 receptumque
936 329 979 371 in
1015 344 1183 379 navem,
1211 329 1490 374 multitudine
1522 346 1690 382 eorum,

212 389 288 447 qui
323 389 380 432 ad
413 390 629 449 proximas
655 405 783 433 naves
819 388 1102 438 adnatabant,
1139 388 1332 432 demerso
1357 390 1557 449 navigio,
1593 406 1690 450 per-

214 447 321 491 iisse.

272 507 345 550 32.
379 505 446 549 Re
469 505 710 550 felicissime
739 506 1049 563 celerrimeque
1077 513 1214 563 gesta,
1243 507 1389 551 Caesar
1416 524 1582 567 magnae
1603 510 1691 553 vic-

214 566 337 608 toriae
372 564 531 608 fiducia
571 565 768 623 proximo
803 565 1000 608 terrestri
1037 564 1190 607 itinere
1241 565 1551 611 Alexandriam
1591 584 1691 612 cum

213 623 433 682 equitibus
463 623 714 670 contendit;
757 632 891 680 atque
920 640 970 666 ea
1000 631 1126 682 parte
1155 623 1308 681 oppidi
1338 624 1477 668 victor
1506 626 1693 678 introiit,

214 698 310 740 quae
337 681 536 740 praesidio
576 681 766 724 hostium
804 682 1050 725 tenebatur.
1134 682 1292 738 Neque
1327 698 1426 724 eum
1465 686 1695 729 consilium

212 755 336 783 suum
376 739 549 789 fefellit,
577 739 685 796 quin
716 739 872 789 hostes,
904 757 954 783 eo
991 740 1148 799 proelio
1181 740 1350 790 audito,
1383 740 1490 783 nihil
1517 743 1606 799 jam
1636 745 1689 787 de

211 798 328 842 bello
348 806 488 840 essent
508 799 758 856 cogitaturi.
822 799 1017 857 Dignum
1045 798 1276 841 adveniens
1302 799 1496 842 fructum
1516 801 1693 845 virtutis

212 865 259 900 et
277 856 409 900 animi
427 856 735 915 magnitudinis
765 858 892 900 tulit:
938 858 1072 901 omnis
1101 858 1214 900 enim
1244 858 1479 901 multitudo
1510 860 1692 919 oppida-

212 931 382 966 norum,
399 916 527 958 armis
546 916 766 974 projectis,
786 917 1183 973 munitionibusque
1201 917 1286 958 suis
1307 917 1482 968 relictis,
1505 930 1623 961 veste
1642 936 1694 963 ea

212 983 369 1024 sumta,
412 991 500 1032 qua
539 974 755 1032 subplices
790 976 1056 1018 dominantes
1095 975 1323 1034 deprecari
1358 987 1690 1030 consueverunt,

211 1033 425 1090 sacrisque
442 1034 636 1075 omnibus
656 1034 853 1090 prolatiS,
871 1050 1057 1091 quorum
1075 1034 1284 1091 religione
1306 1035 1474 1092 precari
1493 1036 1692 1081 obfensos

211 1092 430 1149 iratosque
459 1092 620 1134 animos
646 1092 818 1150 Regum
853 1102 977 1135 erant
1006 1092 1136 1142 soliti,
1169 1092 1416 1136 advenienti
1441 1094 1601 1138 Caesari
1623 1113 1693 1139 oc-

213 1159 446 1194 currerunt
467 1166 598 1207 seque
617 1151 656 1193 ei
677 1148 948 1193 dediderunt.
999 1151 1141 1194 Caesar
1159 1151 1202 1194 in
1223 1151 1354 1195 fidem
1375 1162 1574 1212 receptos
1594 1170 1693 1199 con-

212 1209 390 1259 solatus,
413 1225 491 1266 per
511 1209 699 1252 hostium
712 1210 970 1253 munitiones
987 1210 1029 1253 in
1044 1226 1163 1253 suam
1183 1219 1352 1269 partem
1371 1213 1520 1270 oppidi
1537 1229 1693 1273 magna

212 1268 506 1327 gratulatione
526 1268 645 1311 venit
664 1284 865 1311 suorum:
900 1269 975 1326 qui
996 1285 1081 1312 non
1102 1278 1273 1312 tantum
1296 1270 1462 1313 bellum
1483 1272 1623 1330 ipsum
1642 1287 1692 1316 ac

212 1327 546 1377 dimicationem,
567 1326 642 1369 sed
667 1328 799 1370 etiam
821 1328 951 1370 talem
980 1328 1216 1371 adventum
1245 1330 1337 1387 ejus
1367 1330 1537 1374 felicem
1564 1332 1692 1377 fuisse

212 1386 489 1430 laetabantur.

269 1444 342 1487 33.
377 1445 536 1493 Caesar,
570 1444 767 1503 AEgypto
788 1452 919 1501 atque
942 1445 1205 1488 Alexandria
1225 1446 1408 1504 potitus,
1433 1448 1575 1507 Reges
1595 1465 1692 1494 con-

211 1503 372 1552 stituit,
386 1519 495 1560 quos
510 1503 767 1546 Ptolemaeus
783 1511 1039 1546 testamento
1055 1504 1288 1563 scripserat
1300 1514 1434 1563 atque
1451 1506 1693 1553 obtestatus

211 1571 304 1605 erat
328 1561 548 1620 Populum
570 1562 830 1611 Romanum,
864 1577 915 1604 ne
946 1570 1233 1606 mutarentur.
1297 1565 1427 1614 Nam,
1460 1567 1620 1625 majore
1640 1583 1693 1612 ex

211 1621 383 1664 duobus
421 1621 567 1679 pueris
609 1620 730 1679 Rege
773 1620 938 1669 amisso,
988 1621 1144 1663 minori
1196 1623 1424 1666 transdidit
1475 1624 1690 1682 Regnum,

211 1679 453 1737 majorique
474 1694 527 1720 ex
547 1679 712 1722 duabus
731 1678 844 1728 filiis,
881 1679 1144 1737 Cleopatrae,
1175 1697 1272 1738 quae
1307 1692 1521 1726 manserat
1543 1680 1586 1727 in
1606 1684 1692 1729 fide

210 1737 502 1797 praesidiisque
522 1738 633 1797 ejus:
666 1738 877 1781 minorem
903 1739 1131 1788 Arsinoen,
1162 1741 1284 1799 cujus
1307 1742 1476 1785 nomine
1497 1742 1573 1786 diu
1594 1760 1692 1805 reg·

257 1870 386 1912 Reyem
398 1871 509 1912 ipsum
520 1886 563 1892 —
573 1871 722 1911 perite-se.
769 1869 859 1901 Flor.
888 1872 919 1908 4,

213 1918 246 1954 2,
269 1917 334 1946 60:
380 1914 491 1956 Reges
513 1924 636 1954 corpus
653 1913 812 1945 obrutum
834 1913 917 1945 limo

988 1870 1053 1901 huc
1065 1871 1237 1912 posuerim
1248 1873 1361 1904 talem.
1391 1872 1616 1913 Laetabantur,
1627 1880 1695 1907 non

987 1919 1115 1947 tantum
1131 1915 1260 1946 bellum
1276 1922 1308 1947 et
1323 1916 1579 1949 dimicationem
1592 1919 1694 1951 talem

210 1964 380 2000 repertum
397 1964 447 1989 est
464 1957 496 1989 in
513 1967 623 1989 aureae
645 1957 758 1989 loricae
777 1958 918 1990 honore.

210 2003 318 2034 -De
343 2002 466 2043 proelio
494 2001 559 2032 hoc
583 2003 628 2032 cf.
651 2001 717 2032 Dio
739 2002 833 2034 Cass.
863 2004 918 2040 42,

254 2090 482 2122 Multitudine.
533 2090 714 2130 Pei-peram
741 2089 802 2120 alii
833 2101 917 2131 prae-

212 2133 350 2166 mittunt
364 2139 406 2165 et.

262 2179 350 2210 Veste
364 2188 406 2210 ea
419 2183 544 2210 sumta.
596 2177 804 2219 Simpliciter
817 2177 919 2210 vilio-

210 2233 281 2254 rem
311 2227 345 2253 et
373 2221 529 2253 detritam
560 2227 647 2262 puto
675 2221 833 2263 intelligi.
864 2222 917 2253 M.

209 2264 354 2301 Sordida
370 2265 474 2297 vestis
490 2265 703 2306 intelligitur.
736 2266 777 2296 V.
801 2266 918 2297 Ferra-

207 2310 278 2342 rius
300 2311 342 2341 de
369 2320 404 2340 re
430 2315 516 2341 vest.
548 2312 574 2347 l,
601 2313 639 2341 21
666 2322 714 2351 sq.
749 2309 917 2341 Convenit

210 2354 246 2385 h.
262 2354 285 2385 l.
302 2364 344 2384 eo
359 2353 478 2394 magis,
491 2354 582 2394 quod
600 2353 752 2395 AEgyptii
775 2353 917 2385 candida

208 2403 300 2429 veste
316 2402 499 2428 uterentur.
528 2397 579 2428 Cf.
597 2399 725 2429 Herod.
741 2401 773 2436 2,
790 2399 843 2429 81.

253 2442 408 2474 Praelatis
437 2443 540 2473 sacris
567 2452 609 2473 ex
636 2442 712 2473 edd.
741 2446 808 2473 ant.
839 2452 917 2473 cum

208 2484 448 2527 Oudendorpio
461 2485 637 2517 meliorem
652 2485 832 2517 lectionem
842 2496 916 2517 esse

208 2536 306 2572 puto.
330 2530 382 2560 M.
432 2528 486 2560 Sic
505 2534 537 2560 et
552 2529 590 2560 C.
607 2534 640 2569 2,
656 2532 708 2562 39.
754 2530 912 2562 Ceterum

203 2586 264 2617 pro
282 2573 315 2607 in
333 2573 534 2614 compositis
557 2585 648 2615 saepe
670 2574 853 2616 aequivalet
872 2576 916 2614 τῷ

205 2628 288 2660 prae.
317 2617 368 2648 Cf.
387 2616 526 2658 Sciopp.
544 2628 636 2659 susp.
650 2618 699 2649 lec
708 2623 730 2649 t.
747 2620 780 2648 4.
792 2628 846 2659 ep.
863 2619 913 2648 14.

253 2663 404 2694 Precari.
463 2661 617 2693 Jurinius
654 2673 731 2693 cum
761 2662 914 2693 Manutio

207 2706 324 2737 mallet
346 2706 499 2747 placare.
523 2706 580 2737 sed
604 2706 702 2737 codd.
725 2716 793 2738 non
817 2705 915 2737 addi-

208 2755 302 2782 cunt.

253 2795 398 2826 Felicem
418 2794 524 2835 fulsse
551 2795 767 2826 laetabantufr.
812 2794 915 2826 Dele-

206 2838 315 2874 verim
321 2839 468 2881 felicem,
481 2843 513 2870 et
525 2848 585 2884 pro
599 2849 640 2870 eo
650 2849 669 2871 e
683 2837 913 2884 superioribus

986 1959 1118 1998 (talem,
1142 1959 1253 2000 qualis
1280 1961 1396 1998 fuerat,
1421 1962 1454 1991 11.
1485 1972 1515 1992 e.
1543 1962 1694 2003 felicem)

985 2003 1087 2034 fuisse
1099 2015 1106 2041 3
1119 2005 1177 2034 sed
1188 2009 1220 2034 et
1228 2005 1407 2035 adventum
1419 2005 1522 2036 fuisse
1534 2007 1634 2037 talem
1644 2007 1694 2046 (h.

985 2058 1016 2078 e.
1030 2047 1194 2085 felicem).
1244 2046 1362 2079 Voluit
1375 2058 1454 2090 ergo
1468 2048 1594 2090 aliquis
1609 2050 1694 2083 illud

984 2093 1086 2123 talem
1114 2091 1298 2132 explicare,
1325 2092 1468 2133 ideoque
1493 2093 1624 2125 addidit
1638 2095 1695 2136 fe-

985 2135 1091 2166 licem.
1119 2136 1170 2165 M.
1216 2135 1302 2166 Rem
1318 2146 1379 2167 acu
1394 2136 1503 2178 tetigit
1519 2138 1648 2171 Morus.

1037 2180 1254 2211 Testamenta
1302 2180 1352 2210 De
1369 2181 1409 2211 B.
1427 2180 1467 2211 C.
1485 2185 1516 2219 3,
1536 2183 1608 2214 108.
1640 2185 1693 2216 Μ.

1034 2224 1228 2264 Cleopatrae.
1241 2223 1307 2255 Dio
1315 2223 1527 2264 Cassius(42,
1544 2227 1603 2266 44)
1614 2237 1692 2260 cum

986 2266 1049 2298 hac
1067 2266 1228 2298 societate
1243 2268 1335 2310 regni
1355 2269 1570 2310 conjunctum
1586 2271 1691 2303 fuisse

985 2310 1067 2341 dicit
1096 2311 1350 2344 matrimonium
1389 2312 1581 2354 Cleopatrae
1612 2326 1689 2347 cum

987 2355 1051 2385 hoc
1067 2366 1128 2386 suo
1143 2355 1243 2387 fratre
1260 2369 1267 2387 x
1301 2368 1436 2398 nempe,
1464 2362 1498 2388 ut
1524 2369 1608 2389 uxor
1623 2360 1691 2391 fra-

990 2398 1050 2429 tris
1076 2404 1110 2430 et
1138 2399 1233 2440 pueri
1264 2401 1380 2433 onmia
1410 2402 1482 2433 sola
1511 2410 1625 2443 posset
1656 2408 1689 2435 et

984 2447 1122 2474 teneret.
1149 2445 1200 2478 M.

1031 2488 1198 2528 Reqnasse
1212 2491 1405 2530 inpotenter.
1435 2490 1542 2531 Supra
1555 2502 1632 2532 cap.
1648 2495 1690 2525 23

983 2530 1104 2563 dicitur
1118 2532 1349 2565 crudelissima
1364 2534 1568 2574 Ganymedis
1580 2535 1690 2567 domi-

983 2575 1095 2607 natio:
1125 2581 1158 2606 et
1175 2576 1296 2608 dicitur
1308 2577 1412 2609 homo
1425 2580 1581 2620 inpotens,
1595 2580 1690 2620 quis-

981 2619 1059 2661 quis
1085 2632 1120 2651 se
1147 2631 1212 2652 non
1235 2621 1339 2652 habet
1366 2621 1400 2653 in
1430 2628 1609 2663 potestate,
1631 2625 1690 2656 sed

982 2675 1051 2695 suae
1079 2664 1216 2696 libidini
1244 2670 1276 2695 et
1299 2665 1480 2697 temeritati
1501 2666 1616 2698 omnia
1637 2667 1690 2699 in-

982 2708 1097 2750 dulget
1112 2720 1121 2747 3
1144 2714 1203 2740 aut
1221 2708 1270 2740 ira
1286 2711 1445 2750 inpotem,
1457 2721 1533 2750 quae
1544 2709 1689 2756 inpedit,

980 2763 1049 2793 quo
1076 2752 1185 2783 minus
1211 2753 1288 2793 quis
1312 2763 1346 2783 se
1370 2753 1493 2784 habeat
1520 2753 1552 2785 in
1577 2761 1690 2796 potes..

981 2802 1068 2836 tate3
1089 2802 1147 2829 aut
1161 2807 1260 2838 agere
1276 2797 1406 2838 aliquid
1422 2799 1616 2839 inpotenter,
1627 2808 1687 2842 qui

981 2841 1051 2883 agit
1067 2841 1125 2880 ita,
1142 2846 1176 2872 ut
1191 2852 1226 2873 se
1242 2851 1425 2883 numquam
1441 2842 1594 2875 refrenet.
1622 2846 1673 2878 M.
