1946 3261
618 191 737 235 LIB.
772 191 858 235 III.
922 189 1062 234 CAP.
1094 190 1169 241 83,
1200 190 1273 233 84.
1611 186 1697 247 399

207 318 267 362 Et
287 319 336 362 L.
357 319 577 364 Domitius
598 320 641 363 in
661 319 837 364 consilio
858 320 984 369 dixit,
1006 319 1179 377 placere
1212 317 1309 367 sibi,
1342 315 1461 360 bello
1482 315 1698 365 confecto,

205 387 350 429 ternas
371 379 558 423 tabellas
595 380 689 423 dari
725 379 782 423 ad
815 378 1099 438 judicandum
1137 377 1202 428 iis,
1244 377 1320 435 qui
1356 375 1521 420 ordinis
1557 383 1699 420 efflent

209 438 427 482 Senatorii
447 439 655 498 belloque
678 455 762 482 una
780 455 878 481 cum
908 437 1010 497 ipsis
1040 435 1353 486 interfuissent,
1375 434 1700 492 sententiasque

207 496 261 540 de
282 498 464 555 singulis
505 500 686 548 ferrent,
728 498 804 555 qui
838 498 989 541 Romae
1020 495 1337 545 remansissent,
1380 494 1545 553 quique
1581 493 1707 537 intra

206 557 406 615 praesidia
430 558 625 616 Pompeii
645 557 842 607 fuissent,
865 573 1007 614 neque
1027 570 1206 614 operam
1227 555 1270 596 in
1301 569 1348 596 re
1378 553 1559 597 militari
1588 569 1697 613 proe-

205 615 413 659 stitissent
433 632 442 658 :
479 632 607 659 unam
630 616 724 659 fore
747 617 973 666 tabellam,
997 616 1072 672 qui
1094 612 1343 657 liberandos
1364 612 1480 655 omni
1504 613 1700 671 periculo

206 684 457 724 censerent;
488 676 689 725 alteram,
710 675 786 733 qui
808 676 963 734 capitis
984 675 1258 722 damnarent,
1281 671 1476 720 tertiani,
1510 672 1588 728 qui
1623 688 1698 730 pe-

207 734 334 776 cunia
355 733 608 777 multarent.
666 735 891 777 Postremo
912 749 1056 777 omnes
1073 741 1151 775 aut
1172 731 1228 775 de
1244 731 1484 774 honoribus
1499 730 1602 779 suis,
1623 741 1702 774 aut

206 791 261 835 de
286 793 472 852 praemiis
490 793 700 852 pecuniae,
719 802 797 836 aut
813 794 867 837 de
889 792 1198 853 persequendis
1226 789 1459 834 inimicitiis
1477 789 1667 832 avebant
1689 806 1700 839 ;

205 867 297 902 nec,
316 853 478 910 quibus
497 853 740 897 rationibus
760 869 968 912 superare
1000 861 1189 910 possent,
1225 850 1299 894 sed
1332 827 1701 908 quemadmodum

210 911 276 954 uti
298 913 482 955 victoria
503 911 732 962 deberent,
753 913 1022 971 cogitabant.

265 971 338 1014 84.
373 971 442 1014 Re
464 972 749 1016 frumentaria
767 980 1027 1031 praeparata,
1041 968 1390 1028 confirmatisque
1408 967 1639 1019 militibus,
1656 977 1704 1013 et

205 1031 309 1073 satis
330 1030 463 1090 longo
480 1031 620 1090 spatio
639 1031 848 1090 temporis
868 1048 893 1075 a
913 1030 1227 1090 Dyrrhachinis
1255 1029 1420 1088 proeliis
1441 1029 1703 1079 intermisso,

207 1105 298 1148 quo
318 1091 421 1134 satis
444 1099 723 1150 perspectum
746 1091 906 1134 habere
927 1090 1118 1133 militum
1139 1090 1327 1132 animum
1349 1087 1592 1138 videretur,
1609 1097 1703 1132 ten-

207 1149 390 1193 tandum
415 1151 558 1194 Caesar
593 1150 871 1203 existimavit,
893 1149 1102 1208 quidnam
1125 1148 1358 1207 Pompeius
1381 1148 1596 1208 propositi
1624 1157 1705 1192 aut

208 1209 446 1253 voluntatis
466 1209 523 1253 ad
545 1209 838 1254 dimicandum
859 1210 1055 1253 haberet.
1119 1208 1278 1266 Itaque
1309 1224 1363 1251 ex
1401 1207 1552 1251 castris
1583 1224 1706 1251 exer-

209 1269 346 1311 citum
382 1268 537 1312 eduxit
575 1269 795 1327 aciemque
830 1269 1054 1319 instruxit,
1100 1268 1290 1327 primum
1326 1266 1411 1310 suis
1433 1267 1555 1317 locis,
1579 1268 1704 1326 paul-

210 1327 339 1386 loque
360 1344 386 1372 a
407 1328 556 1372 castris
577 1328 773 1387 Pompeii
802 1329 1000 1387 longius;
1035 1327 1358 1371 continentibus
1392 1343 1499 1370 vero
1531 1326 1705 1377 diebus,

212 1396 264 1430 ut
286 1387 631 1447 progrederetur
651 1404 678 1430 a
700 1388 852 1430 castris
875 1387 960 1430 suis
984 1386 1256 1443 collibusque
1278 1386 1553 1445 Pompeianis
1568 1387 1708 1430 aciem

210 1446 459 1505 subjiceret.
524 1447 634 1497 Quae
657 1463 723 1490 res
755 1446 910 1490 indies
939 1446 1305 1490 confirmatiorem
1340 1446 1433 1504 ejus
1464 1445 1706 1489 exereitum

210 1506 437 1550 efficiebat.
511 1506 724 1566 Superius
762 1515 905 1550 tamen
943 1505 1190 1549 institutum
1228 1507 1270 1547 in
1310 1505 1551 1563 equitibus,
1582 1504 1708 1564 quod

210 1563 620 1616 demonstravimus,
654 1566 875 1615 servabat,
909 1574 958 1608 ut
991 1565 1198 1623 quoniam
1231 1580 1410 1607 numero
1436 1564 1585 1608 multis
1607 1581 1708 1623 par-

211 1623 330 1679 tibus
366 1634 478 1668 esset
510 1625 705 1677 inferior,
740 1625 1029 1668 adolescentes
1066 1632 1201 1681 atque
1223 1622 1470 1682 expeditos,
1502 1639 1556 1666 ex
1585 1633 1708 1668 ante-

210 1683 399 1742 signanis
418 1685 581 1728 electos
614 1684 773 1727 milites
803 1683 859 1727 ad
898 1684 1203 1735 )ernicitatem,
1227 1682 1356 1725 armis
1388 1682 1502 1726 inter
1538 1683 1706 1742 equites

211 1743 408 1802 proeliari
423 1744 618 1802 juberet,
649 1744 726 1801 qui
750 1744 872 1802 quot'
910 1744 1004 1786 iana
1025 1741 1337 1787 consuetudine
1366 1742 1492 1785 usum
1526 1758 1708 1801 quoque

212 1803 305 1862 ejus
325 1804 495 1862 generis
518 1803 774 1862 proeliorum
791 1804 1080 1863 perciperent.
1126 1801 1207 1845 His
1228 1810 1322 1845 erat
1342 1802 1473 1845 rebus
1486 1802 1706 1853 effectum,

213 1871 264 1906 ut
303 1863 473 1922 equites
512 1862 615 1907 mile
655 1864 951 1923 apertioribus
991 1863 1123 1907 etiam
1173 1861 1277 1906 locis
1324 1870 1492 1921 septem
1541 1862 1709 1906 milium

263 2027 509 2069 Imerfue'ssent.
534 2027 628 2060 Male
641 2028 702 2061 alii
720 2028 933 2070 praemittunt

215 2082 293 2104 mm.
337 2074 455 2104 Sermo
477 2078 527 2104 est
544 2074 585 2104 de
599 2073 778 2115 judicibus
794 2073 930 2112 futuris,

215 2126 282 2156 non
300 2117 559 2159 dejudicandis.

256 2161 693 2204 SementIasque—few·ent‚
703 2160 735 2192 h.
745 2172 776 2192 e.
791 2162 851 2204 qui
863 2163 931 2202 (ut)

219 2212 304 2237 sent.
326 2206 370 2236 de
385 2205 472 2247 sing.
496 2206 632 2238 ferrent.
678 2205 819 2239 Monuit
833 2208 929 2240 Clar-

218 2249 306 2282 kius.
337 2250 389 2281 M.

266 2295 365 2328 Intra
389 2293 566 2337 praesidia,
598 2294 631 2326 in
661 2295 791 2336 castris,
817 2301 852 2327 ut
879 2294 929 2328 ibi

219 2339 284 2372 tuti
302 2340 455 2371 laterent.
482 2339 532 2371 M.

265 2385 333 2420 Qui
359 2384 550 2417 liberandos
579 2389 648 2416 etc.
671 2383 824 2416 Jurinius
847 2395 928 2426 qua.

220 2438 280 2460 nec
298 2429 344 2460 ita
361 2429 461 2460 male.

267 2474 471 2506 Inimicitiis.
498 2474 547 2505 lta
564 2473 682 2507 Davis.
699 2484 719 2505 e
735 2474 934 2506 codd.Vul-

217 2528 264 2560 go
278 2519 433 2549 inimicis.

265 2562 484 2604 Praepnrata.
537 2562 634 2595 Leid.
672 2564 701 2594 1.
732 2566 930 2604 comparata

217 2607 308 2649 quod
324 2612 440 2638 nostro
455 2607 635 2639 familiare.
652 2606 841 2639 Laborasse
858 2606 932 2637 ino-

221 2651 280 2694 pia
305 2651 464 2683 frumenti
490 2651 592 2684 refert
624 2651 804 2694 Appianus
828 2654 860 2689 2,
878 2652 933 2681 66.

221 2696 281 2728 ubi
296 2696 383 2728 benc
400 2696 517 2728 Davis.
534 2696 693 2738 praecipit
708 2697 774 2737 leg.
792 2696 817 2728 ἔς
834 2694 932 2734 λοιμδν

219 2741 252 2772 ἔκ
268 2741 356 2782 λιμοῦ
370 2741 435 2775 τοὺς
447 2740 604 2781 πολεμίους
620 2740 784 2784 τεξιφέξειν.

269 2787 341 2822 Quo
357 2787 438 2818 satis
452 2791 521 2817 (etc.
537 2785 612 2817 scil.
628 2790 795 2828 tempore.
815 2783 930 2826 Vulgo

221 2841 331 2876 quum
346 2836 462 2863 contra
478 2831 581 2862 codd.

269 2876 421 2910 Militum
441 2878 608 2910 animum.
641 2874 726 2909 Haec
742 2874 810 2908 duo
826 2873 931 2908 verba

994 2026 1120 2070 adjecit
1137 2027 1227 2060 Scal.
1240 2038 1259 2059 e
1276 2027 1378 2060 codd.
1397 2026 1540 2060 Notarat
1557 2033 1591 2060 et
1605 2027 1710 2061 Glan-

993 2075 1093 2114 dorp.

1044 2117 1140 2152 Quod
1163 2115 1478 2149 demonstravimus.
1533 2115 1634 2148 Ubi?
1671 2116 1710 2149 In

997 2161 1144 2194 Gallicis
1161 2160 1264 2192 bellis
1279 2161 1345 2193 hoc
1359 2161 1488 2204 saepius
1502 2161 1629 2194 factum
1646 2168 1710 2201 est,

999 2213 1036 2237 ut
1059 2207 1098 2237 B.
1115 2205 1157 2237 G.
1179 2207 1208 2242 l,
1226 2208 1282 2245 48,
1307 2208 1402 2248 quod
1432 2206 1546 2239 Caesar
1572 2206 1708 2238 videtur

997 2250 1150 2282 imitatus
1165 2249 1233 2281 hoc
1246 2255 1412 2293 tempore.
1436 2252 1486 2283 M.

1045 2296 1170 2326 Armis.
1216 2294 1344 2327 Hiulca
1379 2295 1503 2328 oratio.
1540 2294 1708 2328 omissum

998 2339 1136 2371 videtur
1165 2338 1384 2380 adjectivum,
1416 2341 1509 2382 quod
1535 2350 1707 2372 armorum

996 2393 1104 2426 genus
1117 2382 1285 2425 designet,
1305 2385 1458 2425 insolitis,
1479 2387 1628 2423 insuetae,
1653 2384 1709 2416 vel

998 2427 1123 2460 simile.
1148 2427 1308 2460 Jurinius
1324 2430 1462 2461 levibus.
1488 2428 1640 2461 Freinsh.
1665 2429 1708 2461 ad

998 2471 1094 2505 Curt.
1112 2474 1144 2512 7,
1164 2474 1198 2512 7,
1214 2475 1269 2504 32.
1286 2479 1437 2506 armatos
1453 2474 1530 2506 heic
1547 2473 1615 2516 legi
1630 2483 1710 2505 sua-

997 2518 1066 2556 det,
1081 2517 1175 2559 quod
1190 2527 1258 2549 non
1275 2519 1387 2559 placet
1404 2517 1498 2550 Oud.

1046 2560 1188 2603 Equites
1199 2563 1289 2593 mile.
1324 2563 1413 2594 Boni
1427 2563 1528 2594 codd.
1542 2564 1708 2604 equitum.

999 2605 1054 2638 Sic
1072 2606 1186 2638 Plaut.
1209 2605 1305 2638 Trin.
1330 2611 1363 2646 2,
1388 2611 1420 2645 4,
1434 2610 1489 2638 23.
1516 2613 1549 2639 et
1568 2607 1710 2638 Terent.

1002 2652 1125 2683 Heaut.
1150 2654 1182 2686 3.
1207 2652 1238 2689 3,
1263 2653 1317 2683 40.
1340 2653 1434 2683 mille
1455 2652 1711 2684 drachmarum.

1000 2696 1077 2727 Liv.
1092 2699 1147 2729 23.
1163 2699 1215 2727 «Η.
1240 2697 1333 2727 mille
1339 2695 1413 2737 sere
1422 2705 1587 2738 passuum
1599 2701 1712 2736 erant,

1000 2740 1054 2772 Cf.
1070 2741 1217 2772 Gronov.
1243 2740 1285 2771 de
1312 2751 1387 2782 pec.
1413 2746 1480 2771 vet.
1505 2743 1538 2779 2,
1553 2742 1587 2772 4.
1604 2751 1639 2782 p.
1655 2742 1711 2774 77.

998 2790 1032 2816 et
1049 2785 1262 2820 Perizon.ad
1287 2783 1416 2819 sanctii
1441 2784 1531 2819 Min.
1556 2786 1591 2826 4,
1614 2788 1648 2818 4.
1675 2796 1709 2828 p.
