1946 3261
248 212 331 259 108
657 210 742 256 DE
774 209 980 256 BELLO
1013 210 1310 258 GALLICO.

247 349 278 370 “
301 342 388 387 fert
424 342 602 386 illorum
634 339 799 400 opinio,
835 341 962 385 DCC
994 341 1178 386 milium.
1241 341 1443 386 Tertium
1480 350 1547 388 est
1573 350 1726 388 contra

247 408 278 429 “
301 400 646 460 septemtriones,
676 400 747 443 cui
774 401 892 467 parti
930 400 1051 444 nulla
1080 410 1144 445 est
1174 401 1346 461 objecta
1369 411 1513 451 terra;
1544 401 1726 459 sedejus

248 468 278 487 “
301 459 486 517 angulus
506 459 654 503 lateris
673 475 855 502 maxlme
875 459 927 502 ad
952 460 1229 504 Germaniam
1256 469 1446 520 spectat;
1476 461 1579 504 huie
1606 460 1729 504 milia

248 526 278 545 “
301 533 506 576 passuum
543 518 712 561 DCCC
740 518 783 561 in
823 519 1138 577 longitudinem
1175 536 1278 570 esse,
1307 520 1593 563 existimatur.
1656 518 1726 562 Ita.

248 583 278 603 “
301 577 439 619 omnis
475 576 613 620 insula
647 585 713 620 est
748 577 791 620 in
827 578 1013 621 circuitu
1050 578 1178 622 vicies
1212 588 1388 623 centum
1420 579 1591 624 milium
1631 593 1727 638 pas-

248 642 279 662 “
300 651 443 678 suum.

313 695 380 737 14.
413 701 442 721 ‘⁶
466 693 535 737 Ex
560 692 626 738 his
659 694 855 739 omnibus
886 695 1015 755 longe
1046 704 1146 740 sunt
1179 696 1487 747 humanissimi,
1513 697 1590 756 qui
1612 697 1726 740 Can-

249 758 280 778 “
304 753 415 796 tium
437 753 650 804 incolunt,
673 770 769 811 quae
788 755 909 813 regio
938 764 1002 798 est
1023 756 1258 799 marituma.
1279 757 1433 806 omnis,
1455 772 1596 814 neque
1616 755 1727 798 mul-

250 818 280 837 “
304 820 401 855 tum
421 827 447 854 a
470 812 642 855 Gallica
661 813 866 857 differunt
887 815 1209 858 consuetudine.
1273 815 1507 858 Interiores
1561 815 1728 872 lerique

250 876 281 896 “
303 870 522 914 frumenta
542 887 628 914 non
648 882 810 922 serunt,
837 874 909 916 sed
930 874 1040 917 lacte
1059 883 1104 917 et
1125 890 1253 917 carne
1273 875 1429 917 vivunt
1451 832 1730 932 pellibusque

250 936 282 955 ‘⁶
304 939 406 973 sunt
426 929 586 973 vestiti.
651 929 810 973 Omnes
825 948 930 976 vero
951 950 994 976 se
1018 933 1217 976 Britanni
1236 933 1354 976 vitro
1375 932 1588 981 inficiunt,
1609 931 1731 989 quod

252 995 282 1015 ‘⁴
303 988 538 1032 caeruleum
574 989 707 1032 efficit
742 990 945 1042 colorem,
972 1001 1105 1050 atque
1143 992 1224 1036 hoe
1267 992 1511 1035 horridiore
1544 999 1646 1034 sunt
1684 990 1730 1034 in

252 1054 283 1074 “
307 1063 457 1107 pugna
495 1048 728 1107 adspectu:
783 1051 1027 1110 capilloque
1060 1061 1160 1094 sunt
1197 1053 1409 1110 promisso
1443 1060 1577 1109 atque
1613 1049 1731 1093 omni

251 1113 282 1132 “
339 1114 433 1149 arte
465 1107 662 1166 corporis
699 1123 808 1158 rasa,
848 1120 1009 1168 praeter
1051 1120 1186 1169 caput
1219 1119 1263 1153 et
1301 1110 1476 1153 labrum
1516 1108 1729 1167 superius.

253 1173 282 1192 ‘⁶
307 1123 480 1208 {Jxores
517 1165 678 1209 habent
714 1167 812 1209 deni
850 1169 1123 1227 duodenique
1163 1171 1276 1214 inter
1316 1185 1359 1211 se
1400 1183 1647 1211 communes
1685 1175 1731 1210 et

251 1231 281 1251 “
303 1224 487 1268 maxime
507 1225 663 1268 fratres
684 1226 1002 1271 cumfratribus
1052 1240 1308 1285 arentesque
1324 1244 1423 1270 cum
1445 1227 1618 1273 liberis:
1640 1225 1730 1276 sed,

252 1291 283 1312 ‘⁶
306 1283 341 1326 si
361 1283 437 1341 qui
455 1292 556 1326 sunt
576 1300 630 1326 ex
649 1284 712 1327 his
735 1286 841 1334 nati,
859 1302 1009 1330 eorum
1059 1287 1245 1331 abentur
1264 1286 1408 1334 liberi,
1429 1301 1519 1344 quo
1542 1285 1733 1344 primum

252 1350 283 1370 “
305 1342 433 1399 virgo
453 1358 639 1399 quaeque
659 1343 843 1386 deducta
863 1347 970 1387 est.‘’

317 1400 382 1442 15.
417 1400 602 1456 Equites
622 1400 812 1444 hostium
830 1403 1114 1460 essedariique
1133 1401 1293 1446 acriter
1311 1402 1471 1462 proelio
1495 1418 1595 1445 eum
1613 1402 1734 1459 equi-

252 1466 350 1502 tatu
372 1467 522 1501 nostro
543 1459 586 1502 in
608 1459 761 1502 itinere
784 1460 1087 1512 conflixerunt,
1117 1471 1260 1505 tamen
1291 1472 1342 1505 ut
1370 1462 1508 1506 nostri
1532 1461 1734 1506 omnibus

298 1604 546 1636 DCCmilium.
571 1604 709 1635 Addunt
719 1603 959 1645 aliipassuum.

301 1649 394 1679 Hm'c
421 1649 492 1680 mil.
518 1658 608 1690 pass.
631 1647 690 1679 alii
723 1649 792 1686 hoc,
817 1649 896 1680 haec.
925 1648 959 1680 in

253 1690 336 1723 aliis
351 1691 456 1722 deest.

303 1736 329 1766 A
351 1736 440 1767 Gale.
455 1735 522 1775 diff.
535 1746 622 1767 cons.
670 1735 724 1767 Sic
739 1736 826 1767 solet
838 1742 964 1768 noster.

261 1777 304 1810 V.
320 1780 353 1815 6,
371 1780 423 1810 21.
449 1783 491 1809 <25
508 1786 574 1810 etc.

1027 1606 1068 1637 tri
1095 1606 1252 1639 isatidem
1272 1607 1389 1640 dicunt
1423 1609 1539 1640 ll'aid.
1563 1609 1616 1640 M.
1663 1607 1737 1639 Sal-

1029 1661 1115 1682 mas.
1130 1652 1172 1681 ad
1187 1652 1294 1683 Solin.
1310 1663 1342 1683 c.
1360 1654 1413 1683 23.
1432 1663 1463 1694 p.
1484 1654 1557 1683 180.
1581 1650 1648 1693 legi
1665 1652 1738 1683 vult

1029 1696 1119 1735 apud
1148 1695 1237 1726 Plin.
1263 1697 1446 1737 quasdam,
1465 1696 1551 1727 alias
1575 1695 1736 1738 que-'dum

1031 1739 1085 1769 vel
1127 1740 1322 1780 pastellum.
1390 1740 1480 1771 Mihi
1514 1740 1560 1771 sic
1594 1739 1738 1771 videtur.

1031 1782 1204 1815 Britannis
1213 1785 1288 1825 yles
1298 1784 1508 1824 significabat
1519 1782 1643 1822 viride,
1658 1783 1739 1815 item

310 1823 413 1855 Vitro.
459 1823 612 1855 Breviter
625 1834 816 1866 excerpam,
831 1835 907 1867 quae
919 1823 964 1856 ab

257 1865 340 1898 aliis
366 1866 502 1909 prolixe
525 1867 698 1909 disputata
715 1875 801 1900 sunt.
849 1870 965 1901 Primo

259 1909 351 1941 idem
366 1910 466 1942 tradit
483 1911 575 1943 Mela
591 1912 641 1950 (3,
658 1914 710 1952 6);
734 1916 815 1945 ritro
829 1924 966 1955 corpora

258 1954 366 1995 infecti
384 1956 549 1987 Britanni.
582 1955 736 1988 Secundo
754 1957 889 1988 Plinius
903 1959 965 1997 (ll.

261 1998 306 2029 N.
322 2001 377 2037 22,
398 2000 430 2039 1)
442 2009 502 2030 eos
515 2001 618 2041 ylasto
640 2000 796 2032 oblinere
820 2012 967 2043 corpora

260 2041 432 2084 perhibet.
477 2044 561 2075 Sunt
577 2054 657 2085 ergo
674 2044 798 2077 vitrum
822 2053 855 2078 et
878 2047 968 2087 glas-

260 2091 332 2117 tum
345 2086 476 2118 diversa
488 2087 625 2120 nomina
637 2089 737 2121 unius
746 2090 967 2132 ejusdemque

262 2129 402 2171 plantae,
425 2132 522 2172 cujus
554 2132 667 2164 succis
693 2133 864 2175 expressis
894 2135 965 2166 Bri-

261 2174 355 2205 tanni
379 2175 421 2206 ad
446 2175 625 2207 inficienda
647 2187 789 2219 corpora
813 2178 864 2209 usi
881 2186 970 2211 sunt.

261 2216 381 2249 Tertio
398 2219 543 2260 glastum
558 2230 579 2251 a
595 2221 723 2253 Graecis
742 2223 862 2255 isneida
885 2223 968 2262 dici,

262 2266 296 2293 et
316 2260 494 2295 Vitruvius
507 2265 565 2304 (de
581 2265 699 2297 archit.
723 2268 754 2299 7.
782 2267 836 2306 Μ)
858 2266 944 2299 dixit
961 2280 968 2303 ;

261 2304 291 2337 si
315 2305 496 2338 lectionem
512 2310 731 2349 quorumdam
747 2311 903 2342 codicum
920 2322 970 2343 se-

262 2360 423 2391 quamur3
453 2358 485 2383 et
502 2352 587 2384 inter
600 2352 682 2384 artis
695 2354 864 2386 botanicae
880 2355 969 2397 peri-

264 2398 318 2425 tos
333 2401 476 2427 constat.
507 2396 637 2434 Quarto
650 2396 832 2430 Marcellus
849 2399 969 2441 Empi-

263 2437 354 2470 ricus
368 2441 417 2478 (c.
436 2438 507 2479 23),
522 2441 650 2477 Herba,
664 2440 782 2483 inquit,
795 2454 897 2484 quam
912 2455 970 2475 nos

264 2484 400 2516 vitrum.
428 2485 535 2516 Graece‘
556 2485 677 2516 isatida
698 2492 825 2517 rocam.
870 2486 968 2520 Cons.

266 2526 360 2557 Plin.
391 2527 435 2558 ll.
461 2528 504 2560 N.
533 2531 588 2567 20,
617 2532 669 2560 24.
716 2531 806 2571 Ergo
833 2530 967 2565 vitrum.

263 2570 427 2612 glastum,
458 2571 567 2610 isatis,
603 2579 654 2604 est
685 2583 752 2604 una
786 2575 970 2617 eademque

266 2615 393 2656 planta.
439 2615 594 2648 Conferri
611 2623 757 2649 meretur
781 2618 971 2651 Dodona—us

265 2659 299 2690 in
316 2658 481 2701 stirpium
498 2660 642 2692 historia
655 2661 709 2703 (p.
724 2663 777 2693 79.
802 2663 972 2705 Antwerp.

270 2704 364 2736 1616.
381 2705 458 2743 fol.)
479 2705 536 2736 Jo.
552 2705 701 2737 Bauhini
717 2705 858 2738 historia
875 2708 974 2748 plan-

267 2752 376 2781 tarum
391 2749 434 2779 Τ.
450 2752 469 2778 2
503 2760 537 2790 p.
555 2750 632 2782 909.
652 2750 746 2781 1691.
763 2751 823 2782 sol.
844 2751 898 2795 ⁶Ex
917 2752 969 2783 his

265 2791 410 2825 iudicari
436 2798 546 2834 potest
568 2795 609 2825 de
631 2794 791 2826 lectionis
805 2794 969 2827 varietate

267 2835 301 2867 in
334 2837 396 2869 hoc
422 2837 566 2870 Caesaris
599 2838 690 2877 loco,
719 2841 817 2878 citro,
847 2841 967 2881 ylasta.

265 2882 366 2919 mero,
381 2882 478 2914 ultro.
527 2883 651 2914 Verum
666 2886 835 2922 estu-nrm
858 2894 899 2915 ex
918 2883 971 2915 in-

265 2925 503 2968 terpretatione
519 2932 571 2958 est
584 2929 714 2969 qlmto;
736 2931 823 2960 m'tro
833 2933 868 2959 et
882 2929 969 2960 ultro

266 2975 344 3004 sunt
356 2969 520 3005 lectiones
534 2971 678 3006 vitiosae.
723 2971 880 3007 Ceterum
893 2982 971 3007 nos·

1033 1827 1226 1861 caerulcum.
1249 1834 1286 1858 ut
1307 1828 1427 1862 Celtis.
1451 1827 1652 1865 Armoricis,
1677 1827 1739 1859 Hi-

1035 1871 1163 1909 bernis,
1179 1877 1262 1902 teste
1284 1871 1332 1902 Le
1350 1872 1510 1904 Pelle-tier
1535 1870 1568 1903 in
1588 1871 1680 1903 Dict.
1697 1872 1738 1902 de

1035 1915 1066 1946 la
1084 1915 1205 1954 langue
1222 1916 1388 1947 Bretonne
1403 1923 1435 1947 ct
1453 1916 1501 1947 La
1516 1915 1610 1947 Tour
1627 1914 1741 1947 D'Au-

1036 1969 1159 1997 vergne
1179 1958 1211 1990 in
1230 1971 1289 2001 op.
1306 1960 1366 1991 cit.
1384 1961 1425 1991 ad
1447 1962 1475 1999 l,
1493 1962 1525 1990 6.
1554 1960 1634 1991 lnde
1646 1958 1741 1991 Lati-

1036 2003 1071 2035 ni
1088 2004 1200 2034 sccere
1214 2005 1558 2046 qlaxcum.quumque
1571 2003 1743 2036 audissent

1036 2048 1109 2089 glas
1120 2048 1295 2079 Germanis
1305 2059 1379 2079 esse
1390 2048 1602 2086 vitrum‚vim
1614 2054 1742 2080 utram-

1036 2103 1101 2133 que
1119 2092 1214 2123 vocis
1230 2092 1410 2124 confudere
1427 2100 1459 2124 et
1475 2103 1538 2134 pro
1552 2093 1668 2124 colore
1683 2101 1741 2123 ac-

1036 2146 1170 2177 cepere.
1204 2137 1240 2167 P.
1258 2136 1367 2168 Faber
1382 2147 1465 2167 scm.
1486 2139 1513 2174 l,
1528 2139 1582 2168 20.
1605 2134 1744 2168 volebat

1036 2183 1124 2212 nitro
1147 2186 1180 2211 ct
1199 2181 1411 2222 provocabat
1430 2182 1473 2212 ad
1495 2180 1687 2212 Vitruvium
1710 2182 1744 2217 ¹1,

1042 2226 1092 2255 ll.
1142 2224 1180 2255 P.
1211 2224 1384 2257 victorius
1411 2224 1455 2254 V.
1486 2224 1525 2256 L.
1556 2226 1608 2262 19,
1635 2227 1667 2255 3.
1708 2225 1743 2254 τδ

1037 2270 1138 2306 ultro,
1157 2270 1248 2310 quod
1273 2269 1305 2300 in
1329 2269 1429 2299 codd.
1450 2267 1586 2310 legitur,
1611 2274 1744 2300 verten-

1038 2313 1119 2343 dum
1138 2313 1277 2354 putabat
1294 2313 1327 2344 in
1346 2314 1432 2344 luteo
1448 2319 1480 2343 et
1498 2322 1559 2354 pro
1572 2313 1679 2354 olenio
1694 2311 1742 2344 le-

1036 2358 1183 2398 gendum
1197 2359 1329 2398 ylauco.

1085 2403 1288 2440 Caeruleum,
1305 2400 1499 2432 subflavum
1516 2406 1549 2432 et
1565 2400 1742 2443 pallidum.

1087 2490 1298 2521 Horridiore.
1346 2489 1400 2520 ΑΙ.
1433 2490 1644 2529 horridiores,
1667 2490 1743 2522 lior·-

1038 2534 1192 2571 ribilo'ore,
1208 2533 1442 2566 horribiliorem

1088 2579 1171 2615 Quo,
1185 2587 1360 2618 quorsum,
1383 2579 1425 2609 ad
1439 2589 1539 2620 quos,
1553 2578 1586 2610 in
1599 2589 1741 2620 quorum

1038 2621 1190 2652 domum.
1226 2621 1363 2653 Monuit
1379 2621 1471 2653 Oud.
1485 2622 1545 2664 qui
1561 2623 1744 2655 lectionem

1040 2664 1140 2707 hujus
1167 2665 1235 2696 loci
1261 2676 1280 2696 e
1308 2667 1409 2697 codd.
1433 2666 1534 2698 eruit.
1595 2666 1743 2707 Vulgata

1038 2709 1143 2741 lectio
1169 2715 1239 2741 est:
1278 2711 1387 2749 liberi,
1413 2722 1436 2742 a
1459 2711 1579 2752 quibus
1596 2721 1652 2752 pr.
1678 2712 1746 2741 tir*

1038 2755 1129 2793 qines
1143 2755 1323 2795 qu.duc!oe
1340 2760 1429 2787 sum.
1462 2756 1514 2787 M.
1543 2754 1590 2786 al.
1627 2765 1650 2786 a
1665 2764 1744 2796 quo.

1038 2797 1119 2828 item
1134 2798 1280 2830 adducta
1295 2804 1351 2831 est.

1089 2842 1219 2873 Tamen
1236 2849 1286 2874 ut.
1332 2842 1388 2875 Sic
1409 2843 1511 2875 codd.
1535 2841 1665 2874 omisso
1686 2846 1747 2881 ita,

1037 2886 1127 2962 qugtsl
1153 2886 1214 2920 alii
1244 2887 1463 2932 praemittunt.
1507 2887 1559 2921 luz
1577 2893 1611 2920 et
1633 2891 1664 2926 3,
1692 2888 1746 2921 1⁴.

1061 2952 1070 2967 ,
1131 2953 1139 2964 .
