1946 3261
690 212 1111 259 FRAGMENTA.
1566 213 1651 258 593

160 334 216 378 de
261 336 401 380 Bruto
436 346 609 382 nostro:
643 340 698 383 de
737 358 827 400 quo
863 341 1038 400 quidem
1073 341 1162 391 ille,
1201 339 1258 383 ad
1298 356 1431 399 quem
1464 339 1644 391 diverti,

162 395 375 439 Caesarem
393 398 566 441 solitum
583 399 751 443 dicere:
788 409 817 427 ‘⁶
843 400 996 458 Magni
1013 401 1165 450 refert,
1187 399 1256 442 hic
1273 398 1380 458 quid
1400 400 1533 449 velit:
1564 399 1642 443 sed

163 461 191 480 “
214 455 429 514 quidquid
473 457 586 508 volt,
625 459 752 502 valde
788 459 926 502 volt.”
966 458 1099 514 idque
1141 475 1239 501 eum
1279 459 1644 511 animadvertisse,

158 529 297 571 quum
337 532 418 574 pro
454 516 666 559 Deiotaro
698 518 846 561 Niceae
882 517 1058 567 dixerit,
1096 516 1224 560 valde
1247 517 1519 561 vehementer
1540 534 1639 562 eum

159 573 297 616 visum
334 583 379 617 et
398 575 535 618 libere
554 574 860 620 dicere.—Cz'c.
884 576 941 619 ad
962 576 1098 619 Attio.
1127 576 1194 626 14,
1222 576 1259 620 1.

216 695 415 739 Proxime
436 713 571 756 quum
607 698 738 741 Sestii
759 709 916 757 rogatu
945 699 1063 758 apud
1092 715 1192 742 eum
1224 697 1399 742 fuissem
1422 709 1645 757 exspecta-

155 770 334 813 remque
354 755 520 808 sedens,
540 757 686 815 quoad
708 773 902 808 vocarer,
924 759 1080 802 dixisse
1101 773 1223 801 eum:
1260 765 1290 784 ‘⁶
1314 759 1412 817 Ego
1426 757 1643 810 dubitem,

156 820 186 840 ‘⁶
210 814 315 872 quin
336 831 502 859 summo
524 817 567 859 in
589 817 687 860 odio
707 818 801 868 sim,
831 834 967 876 quum
1000 818 1070 861 M.
1104 818 1259 860 Cicero
1281 818 1442 869 sedeat,
1465 833 1542 860 nec
1562 835 1643 861 suo

153 881 183 900 “
207 874 437 918 commodo
468 893 536 919 me
573 877 804 920 convenire
838 877 1002 936 possit?
1064 877 1226 935 Atqui,
1246 877 1279 919 si
1310 877 1542 935 quisquam
1578 886 1645 921 est

152 939 191 1035 ἓ
200 933 360 1036 ’faciblissl'
382 934 449 977 hic
473 944 553 980 est.
575 944 719 980 tamen
739 952 825 980 non
842 937 1017 989 dubito,
1048 952 1154 995 qum
1173 952 1242 980 me
1262 937 1372 980 male
1393 936 1642 981 oderit.''—

190 1006 243 1036 ιε.
265 1005 281 1035 z
314 1006 329 1035 z
361 1008 443 1038 em.

214 1112 392 1164 Aiebat,
412 1114 624 1159 Caesarem
640 1131 801 1165 secum,
818 1131 908 1173 quo
924 1123 1010 1158 tem
1047 1130 1122 1158 ore
1146 1113 1274 1158 Sestii
1291 1121 1453 1173 rogatu
1468 1114 1568 1158 veni
1586 1114 1645 1158 ad

153 1187 266 1222 eum,
305 1189 444 1231 quum
479 1184 776 1234 exspectarem
807 1174 970 1225 sedens,
1036 1175 1182 1217 ixisse:
1231 1182 1260 1200 ‘⁴
1284 1174 1382 1233 Ego
1409 1190 1522 1218 nunc
1553 1183 1644 1218 tam

152 1237 182 1257 “
205 1231 285 1275 sim
304 1232 480 1284 stultus,
499 1242 550 1277 ut
569 1234 682 1279 hunc
704 1235 860 1293 ipsum,
898 1233 1066 1276 facilem
1100 1233 1332 1283 hominem,
1366 1243 1516 1292 putem
1536 1233 1644 1278 mihi

152 1298 182 1316 “
205 1307 295 1335 esse
315 1292 517 1343 amicum,
539 1309 678 1351 quum
706 1293 871 1336 tamdiu
902 1293 1053 1337 sedens
1081 1308 1227 1337 meum
1257 1292 1534 1336 commodum
1564 1309 1644 1338 ex-

154 1355 182 1377 “
204 1359 372 1410 spectet
388 1351 586 1396 ?'’—Cz'c,
608 1353 666 1396 ad
684 1353 778 1396 Ate.
808 1354 874 1403 14,
897 1353 941 1396 53.

215 1469 316 1520 Quo
337 1470 497 1529 gaudio
517 1471 672 1520 elatus,
694 1486 779 1514 non
801 1470 1080 1530 temperavit,
1112 1470 1218 1528 quin
1249 1485 1407 1530 paucos
1463 1480 1531 1516 ost
1554 1472 1646 1516 dies

151 1530 371 1587 frequenti
404 1531 526 1574 curia
555 1532 758 1589 jactaret,
796 1530 940 1573 invitis
975 1539 1020 1573 et
1062 1531 1339 1631 gementibus
1388 1488 1648 1575 aciirersariis

152 1589 361 1648 adeptum
396 1606 441 1632 se
471 1606 569 1648 quae
609 1591 901 1648 concupisset:
937 1589 1059 1647 proin
1094 1606 1117 1631 e
1153 1606 1208 1633 ex
1240 1606 1291 1633 eo
1329 1591 1644 1634 insultaturum

154 1649 346 1692 omnium
373 1650 616 1708 capitibus:
657 1666 724 1701 ac,
760 1658 948 1707 negante
985 1647 1174 1706 quodam
1209 1665 1287 1708 per
1319 1651 1645 1700 contumeliam,

172 1716 184 1734 ‘
209 1708 354 1751 Facile
377 1708 457 1751 hoc
482 1709 558 1751 ulli
581 1710 747 1752 feminae
768 1709 862 1752 fore
878 1710 917 1749 :“
949 1707 1223 1766 responderit
1255 1709 1379 1766 quasi
1408 1709 1646 1754 adludens:

153 1774 183 1793 “
207 1767 249 1810 in
273 1768 450 1826 Assyria
470 1784 648 1827 quoque
672 1784 867 1826 regnasse
892 1767 1187 1810 semiramim:
1221 1784 1512 1827 magnamque
1533 1770 1649 1813 Asiae

153 1835 182 1854 “
206 1835 378 1887 partem
397 1827 638 1872 Amazonas
661 1827 842 1871 tenuisse
862 1825 1313 1886 quondam.’'—Suet.
1337 1842 1373 1871 c.
1398 1828 1471 1871 22.

216 1953 461 1997 Pharsalica
479 1953 570 1997 acie
589 1969 716 1996 caesos
737 1953 1080 2012 profligatosque
1093 1952 1363 1997 adversarios
1383 1971 1484 2013 pros
1521 1955 1646 2000 icien-

154 2022 260 2064 tem,
306 2013 395 2056 haec
433 2029 532 2056 eum
572 2012 628 2056 ad
663 2014 846 2056 verbum
883 2013 1037 2056 dixisse
1079 2012 1215 2055 refert
1257 2013 1431 2056 Asinius
1470 1972 1614 2059 ἰξοΠίο
1632 2032 1645 2058 :

155 2081 185 2100 “
213 2073 313 2116 Hoc
334 2073 596 2121 voluerunt;
630 2072 761 2115 tantis
783 2072 912 2115 rebus
929 2072 1059 2130 gestis
1089 2071 1141 2114 C.
1165 2071 1314 2114 Caesar
1336 2072 1645 2119 condemnatus

155 2139 184 2158 “
208 2148 357 2184 essem,
378 2131 460 2175 nisi
481 2132 537 2175 ab
555 2132 750 2175 exercitu
771 2131 982 2174 auxilium
1005 2130 1439 2190 petissem.'’—-Suet.
1463 2148 1499 2176 c.
1523 2133 1595 2177 30.

212 2253 571 2309 Consecutusque
603 2250 803 2294 cohortes
829 2248 886 2292 ad
921 2248 1193 2292 Rubiconem
1220 2249 1395 2301 flumen,
1432 2252 1510 2310 qui
1543 2269 1645 2313 pro-

153 2312 304 2357 vinciae
326 2311 417 2368 ejus
446 2310 541 2353 finis
568 2320 679 2361 erat,
714 2308 962 2368 paullulum
982 2308 1178 2352 constitit
1196 2324 1248 2352 ac
1268 2318 1494 2369 reputans,
1511 2328 1647 2369 quan-

153 2381 247 2415 tum
280 2371 527 2420 moliretur,
561 2385 793 2412 conversus
826 2367 882 2410 ad
905 2368 1140 2427 proximos,
1174 2374 1203 2394 ‘⁶
1226 2368 1373 2412 Etiam
1397 2374 1554 2421 nunc‚’'
1582 2373 1644 2416 in-

156 2432 270 2489 quit,
304 2436 333 2456 “
356 2429 528 2489 regredi
558 2445 797 2487 possumus.
822 2427 942 2485 quod
973 2428 1004 2470 si
1038 2427 1310 2486 ponticulum
1332 2430 1642 2484 transierimus,

156 2499 185 2517 “
210 2489 352 2533 omnia
366 2489 497 2532 armis
518 2487 685 2547 agenda
706 2487 1058 2531 erunt.''—Suet.
1083 2501 1118 2530 c.
1141 2487 1216 2530 31.

214 2617 451 2661 Cunctanti
474 2625 691 2660 ostentum
711 2615 799 2658 tale
818 2615 979 2659 factum
1000 2622 1079 2657 est.
1144 2613 1331 2663 Quidam
1351 2614 1508 2657 eximia
1527 2631 1646 2674 mag-

154 2676 354 2721 nitudine
372 2685 417 2719 et
438 2677 576 2719 forma
597 2684 681 2717 etc.
714 2674 839 2717 Tunc
864 2675 1023 2726 Caesar,
1057 2679 1087 2699 “
1111 2672 1300 2722 Eatur‚’'
1326 2673 1482 2731 inquit,
1507 2682 1536 2700 “
1555 2691 1645 2732 quo

157 2743 187 2763 “
212 2736 410 2779 Deorum
431 2743 599 2778 ostenta
615 2744 660 2777 et
680 2734 949 2777 inimicorum
971 2733 1180 2792 iniquitas
1198 2739 1344 2776 vocat.
1407 2732 1436 2775 J
1439 2743 1534 2776 acta
1555 2735 1649 2779 alea

157 2803 188 2823 “
211 2797 321 2848 est,”
343 2794 681 2853 inquit.—-Suet.
705 2808 739 2836 c.
763 2794 834 2836 32.

214 2914 401 2959 Romam
432 2914 517 2958 iter
553 2912 795 2958 convertit:
835 2910 1154 2972 adpellatisque
1190 2911 1246 2956 de
1284 2911 1398 2972 Rep.
1444 2914 1644 2971 patribus

1390 2987 1409 3015 2
1433 2984 1465 3024 Q
