<?xml version="1.0" encoding="UTF-8"?>
<!DOCTYPE html PUBLIC "-//W3C//DTD XHTML 1.0 Transitional//EN"
    "http://www.w3.org/TR/xhtml1/DTD/xhtml1-transitional.dtd">
<html xmlns="http://www.w3.org/1999/xhtml" xml:lang="en" lang="en">
 <head>
  <title>
</title>
<meta http-equiv="Content-Type" content="text/html;charset=utf-8" />
  <meta name='ocr-system' content='tesseract 3.04.00' />
  <meta name='ocr-capabilities' content='ocr_page ocr_carea ocr_par ocr_line ocrx_word'/>
</head>
<body>
  <div class='ocr_page' id='page_1' title='image "./commentariidebel00caesuoft_0576.png"; bbox 0 0 1946 3261; ppageno 0'>
   <div class='ocr_carea' id='block_1_1' title="bbox 269 219 353 264">
    <p class='ocr_par' dir='ltr' id='par_1_1' title="bbox 269 219 353 264">
     <span class='ocr_line' id='line_1_1' title="bbox 269 219 353 264; baseline -0.024 0"><span class='ocrx_word' id='word_1_1' title='bbox 269 219 353 264; x_wconf 88' lang='grc'>536</span> 
     </span>
    </p>
   </div>
   <div class='ocr_carea' id='block_1_2' title="bbox 242 346 970 1790">
    <p class='ocr_par' dir='ltr' id='par_1_2' title="bbox 242 346 970 1175">
     <span class='ocr_line' id='line_1_2' title="bbox 270 346 970 385; baseline 0 -6"><span class='ocrx_word' id='word_1_2' title='bbox 270 347 364 379; x_wconf 86' lang='lat' dir='ltr'>Cass.</span> <span class='ocrx_word' id='word_1_3' title='bbox 392 347 445 385; x_wconf 87' lang='grc'><strong>43,</strong></span> <span class='ocrx_word' id='word_1_4' title='bbox 479 346 551 384; x_wconf 84' lang='lat'>19):</span> <span class='ocrx_word' id='word_1_5' title='bbox 589 347 763 385; x_wconf 87' lang='lat' dir='ltr'><strong>Senatum,</strong></span> <span class='ocrx_word' id='word_1_6' title='bbox 790 346 916 378; x_wconf 82' lang='lat' dir='ltr'><strong>milites</strong></span> <span class='ocrx_word' id='word_1_7' title='bbox 935 354 970 379; x_wconf 85' lang='lat' dir='ltr'>et</span> 
     </span>
     <span class='ocr_line' id='line_1_3' title="bbox 269 389 968 438; baseline 0.004 -18"><span class='ocrx_word' id='word_1_8' title='bbox 269 390 436 438; x_wconf 89' lang='lat' dir='ltr'>populum</span> <span class='ocrx_word' id='word_1_9' title='bbox 447 389 599 421; x_wconf 88' lang='lat' dir='ltr'>oratione</span> <span class='ocrx_word' id='word_1_10' title='bbox 610 389 706 429; x_wconf 89' lang='lat' dir='ltr'>(Dio,</span> <span class='ocrx_word' id='word_1_11' title='bbox 717 389 802 422; x_wconf 87' lang='lat' dir='ltr'>ibid.</span> <span class='ocrx_word' id='word_1_12' title='bbox 814 392 968 431; x_wconf 82' lang='lat'>15—19)‚</span> 
     </span>
     <span class='ocr_line' id='line_1_4' title="bbox 266 432 968 483; baseline 0.003 -19"><span class='ocrx_word' id='word_1_13' title='bbox 266 432 427 476; x_wconf 85' lang='lat' dir='ltr'>praemiis,</span> <span class='ocrx_word' id='word_1_14' title='bbox 450 433 700 483; x_wconf 83' lang='lat' dir='ltr'>largitionibus,</span> <span class='ocrx_word' id='word_1_15' title='bbox 724 434 815 466; x_wconf 89' lang='lat' dir='ltr'>ludis</span> <span class='ocrx_word' id='word_1_16' title='bbox 841 435 968 466; x_wconf 86' lang='lat' dir='ltr'>deleni-</span> 
     </span>
     <span class='ocr_line' id='line_1_5' title="bbox 263 477 967 519; baseline 0.006 -12"><span class='ocrx_word' id='word_1_17' title='bbox 263 477 336 508; x_wconf 85' lang='lat' dir='ltr'>vit:</span> <span class='ocrx_word' id='word_1_18' title='bbox 377 486 518 508; x_wconf 88' lang='lat' dir='ltr'>censum</span> <span class='ocrx_word' id='word_1_19' title='bbox 546 477 615 519; x_wconf 88' lang='lat' dir='ltr'>egit</span> <span class='ocrx_word' id='word_1_20' title='bbox 652 478 843 518; x_wconf 82' lang='lat' dir='ltr'>(Plutarch</span> <span class='ocrx_word' id='word_1_21' title='bbox 880 479 967 511; x_wconf 87' lang='lat' dir='ltr'>Caes.</span> 
     </span>
     <span class='ocr_line' id='line_1_6' title="bbox 267 521 966 572; baseline 0.004 -21"><span class='ocrx_word' id='word_1_22' title='bbox 267 522 360 570; x_wconf 83' lang='lat'>⁵⁵·).·</span> <span class='ocrx_word' id='word_1_23' title='bbox 402 521 488 552; x_wconf 88' lang='lat' dir='ltr'>alios</span> <span class='ocrx_word' id='word_1_24' title='bbox 516 521 675 561; x_wconf 83' lang='lat' dir='ltr'>honores,</span> <span class='ocrx_word' id='word_1_25' title='bbox 719 523 966 572; x_wconf 85' lang='lat' dir='ltr'>propemodum</span> 
     </span>
     <span class='ocr_line' id='line_1_7' title="bbox 264 563 968 607; baseline 0.001 -11"><span class='ocrx_word' id='word_1_26' title='bbox 264 563 404 603; x_wconf 83' lang='lat' dir='ltr'>nimios,</span> <span class='ocrx_word' id='word_1_27' title='bbox 434 564 501 596; x_wconf 89' lang='lat' dir='ltr'>sibi</span> <span class='ocrx_word' id='word_1_28' title='bbox 526 566 680 597; x_wconf 86' lang='lat' dir='ltr'>decretos</span> <span class='ocrx_word' id='word_1_29' title='bbox 708 566 853 607; x_wconf 85' lang='lat' dir='ltr'>accepit,</span> <span class='ocrx_word' id='word_1_30' title='bbox 880 565 968 598; x_wconf 88' lang='lat' dir='ltr'>alios</span> 
     </span>
     <span class='ocr_line' id='line_1_8' title="bbox 263 608 967 650; baseline 0.004 -11"><span class='ocrx_word' id='word_1_31' title='bbox 263 609 368 650; x_wconf 89' lang='lat' dir='ltr'>plane</span> <span class='ocrx_word' id='word_1_32' title='bbox 380 608 573 641; x_wconf 84' lang='lat' dir='ltr'>inmodicos</span> <span class='ocrx_word' id='word_1_33' title='bbox 582 609 765 642; x_wconf 81' lang='lat' dir='ltr'>declinavit</span> <span class='ocrx_word' id='word_1_34' title='bbox 776 610 860 649; x_wconf 87' lang='lat' dir='ltr'>(Dio</span> <span class='ocrx_word' id='word_1_35' title='bbox 872 610 967 642; x_wconf 88' lang='lat' dir='ltr'>Cass.</span> 
     </span>
     <span class='ocr_line' id='line_1_9' title="bbox 265 651 967 691; baseline 0.001 -7"><span class='ocrx_word' id='word_1_36' title='bbox 265 654 322 691; x_wconf 83' lang='lat'>43,</span> <span class='ocrx_word' id='word_1_37' title='bbox 342 651 418 691; x_wconf 87' lang='grc'>14)·</span> <span class='ocrx_word' id='word_1_38' title='bbox 410 676 418 683; x_wconf 91' lang='grc'><strong>.</strong></span> <span class='ocrx_word' id='word_1_39' title='bbox 448 653 566 685; x_wconf 87' lang='lat' dir='ltr'>multis</span> <span class='ocrx_word' id='word_1_40' title='bbox 581 654 623 685; x_wconf 89' lang='lat' dir='ltr'>de</span> <span class='ocrx_word' id='word_1_41' title='bbox 637 653 764 685; x_wconf 79' lang='lat' dir='ltr'>caussis</span> <span class='ocrx_word' id='word_1_42' title='bbox 778 654 967 686; x_wconf 68' lang='lat' dir='ltr'>clementiae</span> 
     </span>
     <span class='ocr_line' id='line_1_10' title="bbox 265 696 966 739; baseline 0.001 -10"><span class='ocrx_word' id='word_1_43' title='bbox 265 696 402 729; x_wconf 88' lang='lat' dir='ltr'>laudem</span> <span class='ocrx_word' id='word_1_44' title='bbox 428 696 527 728; x_wconf 84' lang='lat' dir='ltr'>tulit:</span> <span class='ocrx_word' id='word_1_45' title='bbox 566 698 792 738; x_wconf 74' lang='lat' dir='ltr'>perturbatam</span> <span class='ocrx_word' id='word_1_46' title='bbox 822 697 966 739; x_wconf 91' lang='lat' dir='ltr'>denique</span> 
     </span>
     <span class='ocr_line' id='line_1_11' title="bbox 262 741 968 782; baseline 0.003 -11"><span class='ocrx_word' id='word_1_47' title='bbox 262 745 459 782; x_wconf 82' lang='lat' dir='ltr'>temporum</span> <span class='ocrx_word' id='word_1_48' title='bbox 481 750 711 782; x_wconf 87' lang='lat' dir='ltr'>annorumque</span> <span class='ocrx_word' id='word_1_49' title='bbox 736 741 899 773; x_wconf 88' lang='lat' dir='ltr'>rationem</span> <span class='ocrx_word' id='word_1_50' title='bbox 914 742 968 773; x_wconf 90' lang='lat' dir='ltr'>di-</span> 
     </span>
     <span class='ocr_line' id='line_1_12' title="bbox 263 783 964 825; baseline 0.003 -10"><span class='ocrx_word' id='word_1_51' title='bbox 263 783 372 825; x_wconf 84' lang='lat' dir='ltr'>gessit</span> <span class='ocrx_word' id='word_1_52' title='bbox 401 783 594 822; x_wconf 87' lang='lat' dir='ltr'>(Fabricius</span> <span class='ocrx_word' id='word_1_53' title='bbox 609 786 651 816; x_wconf 91' lang='lat' dir='ltr'>ad</span> <span class='ocrx_word' id='word_1_54' title='bbox 669 785 770 817; x_wconf 91' lang='lat' dir='ltr'>Dion.</span> <span class='ocrx_word' id='word_1_55' title='bbox 796 785 892 817; x_wconf 85' lang='lat' dir='ltr'>Cass.</span> <span class='ocrx_word' id='word_1_56' title='bbox 910 789 964 825; x_wconf 81' lang='grc'><strong>43,</strong></span> 
     </span>
     <span class='ocr_line' id='line_1_13' title="bbox 262 827 966 870; baseline 0.001 -10"><span class='ocrx_word' id='word_1_57' title='bbox 262 827 336 867; x_wconf 81' lang='lat'>26).</span> <span class='ocrx_word' id='word_1_58' title='bbox 394 827 527 859; x_wconf 83' lang='lat' dir='ltr'>Interea</span> <span class='ocrx_word' id='word_1_59' title='bbox 557 828 718 870; x_wconf 83' lang='lat' dir='ltr'>praemisit</span> <span class='ocrx_word' id='word_1_60' title='bbox 755 829 796 863; x_wconf 83' lang='lat' dir='ltr'>C.</span> <span class='ocrx_word' id='word_1_61' title='bbox 825 828 966 861; x_wconf 90' lang='lat' dir='ltr'>Didium</span> 
     </span>
     <span class='ocr_line' id='line_1_14' title="bbox 264 871 967 915; baseline 0.003 -13"><span class='ocrx_word' id='word_1_62' title='bbox 264 882 345 903; x_wconf 91' lang='lat' dir='ltr'>cum</span> <span class='ocrx_word' id='word_1_63' title='bbox 374 872 482 903; x_wconf 84' lang='lat' dir='ltr'>classe</span> <span class='ocrx_word' id='word_1_64' title='bbox 512 871 544 904; x_wconf 91' lang='lat' dir='ltr'>in</span> <span class='ocrx_word' id='word_1_65' title='bbox 576 872 779 915; x_wconf 87' lang='lat' dir='ltr'>Hispaniam</span> <span class='ocrx_word' id='word_1_66' title='bbox 807 874 967 905; x_wconf 86' lang='lat' dir='ltr'>adversus</span> 
     </span>
     <span class='ocr_line' id='line_1_15' title="bbox 265 915 967 957; baseline 0 -10"><span class='ocrx_word' id='word_1_67' title='bbox 265 915 423 955; x_wconf 91' lang='lat' dir='ltr'>Pompeii</span> <span class='ocrx_word' id='word_1_68' title='bbox 448 915 537 948; x_wconf 88' lang='lat' dir='ltr'>filios</span> <span class='ocrx_word' id='word_1_69' title='bbox 569 917 656 957; x_wconf 93' lang='lat' dir='ltr'>(Dio</span> <span class='ocrx_word' id='word_1_70' title='bbox 686 919 739 956; x_wconf 87' lang='grc'><strong>43,</strong></span> <span class='ocrx_word' id='word_1_71' title='bbox 773 918 822 948; x_wconf 87' lang='grc'>14.</span> <span class='ocrx_word' id='word_1_72' title='bbox 853 918 967 956; x_wconf 72' lang='grc'><strong>28).-</strong></span> 
     </span>
     <span class='ocr_line' id='line_1_16' title="bbox 263 958 967 1002; baseline 0.001 -12"><span class='ocrx_word' id='word_1_73' title='bbox 263 958 434 1000; x_wconf 88' lang='lat' dir='ltr'>Equidem</span> <span class='ocrx_word' id='word_1_74' title='bbox 457 965 494 991; x_wconf 91' lang='lat' dir='ltr'>ut</span> <span class='ocrx_word' id='word_1_75' title='bbox 514 959 548 991; x_wconf 88' lang='lat' dir='ltr'>in</span> <span class='ocrx_word' id='word_1_76' title='bbox 570 960 636 991; x_wconf 89' lang='grc'><strong>1100</strong></span> <span class='ocrx_word' id='word_1_77' title='bbox 659 971 792 1002; x_wconf 92' lang='lat' dir='ltr'>quoque</span> <span class='ocrx_word' id='word_1_78' title='bbox 806 961 967 993; x_wconf 82' lang='lat' dir='ltr'>Africano</span> 
     </span>
     <span class='ocr_line' id='line_1_17' title="bbox 262 1002 968 1045; baseline 0.001 -11"><span class='ocrx_word' id='word_1_79' title='bbox 262 1002 359 1034; x_wconf 86' lang='lat' dir='ltr'>bello</span> <span class='ocrx_word' id='word_1_80' title='bbox 385 1003 529 1035; x_wconf 81' lang='lat' dir='ltr'>Caesaris</span> <span class='ocrx_word' id='word_1_81' title='bbox 555 1004 779 1045; x_wconf 82' lang='lat' dir='ltr'>prudentiam,</span> <span class='ocrx_word' id='word_1_82' title='bbox 816 1004 968 1036; x_wconf 89' lang='lat' dir='ltr'>celerita-</span> 
     </span>
     <span class='ocr_line' id='line_1_18' title="bbox 265 1046 968 1088; baseline 0.001 -10"><span class='ocrx_word' id='word_1_83' title='bbox 265 1052 345 1083; x_wconf 86' lang='lat' dir='ltr'>tem,</span> <span class='ocrx_word' id='word_1_84' title='bbox 370 1046 568 1088; x_wconf 88' lang='lat' dir='ltr'>patientiam</span> <span class='ocrx_word' id='word_1_85' title='bbox 592 1054 625 1078; x_wconf 89' lang='lat' dir='ltr'>et</span> <span class='ocrx_word' id='word_1_86' title='bbox 648 1047 883 1079; x_wconf 83' lang='lat' dir='ltr'>fortitudinem</span> <span class='ocrx_word' id='word_1_87' title='bbox 908 1049 968 1079; x_wconf 89' lang='lat' dir='ltr'>ad-</span> 
     </span>
     <span class='ocr_line' id='line_1_19' title="bbox 263 1090 965 1131; baseline 0.003 -10"><span class='ocrx_word' id='word_1_88' title='bbox 263 1090 380 1129; x_wconf 88' lang='lat' dir='ltr'>miror,</span> <span class='ocrx_word' id='word_1_89' title='bbox 410 1090 457 1122; x_wconf 86' lang='lat' dir='ltr'>ita</span> <span class='ocrx_word' id='word_1_90' title='bbox 488 1096 596 1121; x_wconf 89' lang='lat' dir='ltr'>tamen</span> <span class='ocrx_word' id='word_1_91' title='bbox 629 1091 847 1131; x_wconf 82' lang='lat' dir='ltr'>persentisco,</span> <span class='ocrx_word' id='word_1_92' title='bbox 888 1103 965 1123; x_wconf 85' lang='lat' dir='ltr'>eum</span> 
     </span>
     <span class='ocr_line' id='line_1_20' title="bbox 242 1133 966 1175; baseline 0.003 -10"><span class='ocrx_word' id='word_1_93' title='bbox 242 1150 243 1153; x_wconf 64' lang='lat'><em>=</em></span> <span class='ocrx_word' id='word_1_94' title='bbox 262 1134 406 1165; x_wconf 76' lang='lat' dir='ltr'>fortunae</span> <span class='ocrx_word' id='word_1_95' title='bbox 430 1133 491 1164; x_wconf 85' lang='lat' dir='ltr'>illo</span> <span class='ocrx_word' id='word_1_96' title='bbox 513 1139 665 1174; x_wconf 85' lang='lat' dir='ltr'>tempore</span> <span class='ocrx_word' id='word_1_97' title='bbox 687 1136 892 1175; x_wconf 89' lang='lat' dir='ltr'>permultum</span> <span class='ocrx_word' id='word_1_98' title='bbox 908 1136 966 1167; x_wconf 92' lang='lat' dir='ltr'>de-</span> 
     </span>
    </p>

    <p class='ocr_par' dir='ltr' id='par_1_3' title="bbox 262 1176 967 1263">
     <span class='ocr_line' id='line_1_21' title="bbox 263 1176 967 1221; baseline 0.003 -13"><span class='ocrx_word' id='word_1_99' title='bbox 263 1177 396 1209; x_wconf 86' lang='lat' dir='ltr'>buisse:</span> <span class='ocrx_word' id='word_1_100' title='bbox 426 1177 511 1207; x_wconf 86' lang='lat' dir='ltr'>adeo</span> <span class='ocrx_word' id='word_1_101' title='bbox 541 1176 629 1208; x_wconf 89' lang='lat' dir='ltr'>nihil</span> <span class='ocrx_word' id='word_1_102' title='bbox 655 1177 744 1210; x_wconf 87' lang='lat' dir='ltr'>bene</span> <span class='ocrx_word' id='word_1_103' title='bbox 766 1178 870 1210; x_wconf 87' lang='lat' dir='ltr'>cessit</span> <span class='ocrx_word' id='word_1_104' title='bbox 893 1179 967 1221; x_wconf 87' lang='lat' dir='ltr'>ejus</span> 
     </span>
     <span class='ocr_line' id='line_1_22' title="bbox 262 1220 965 1269; baseline 0.004 -18"><span class='ocrx_word' id='word_1_105' title='bbox 262 1220 477 1260; x_wconf 77' lang='lat' dir='ltr'>adversariis3</span> <span class='ocrx_word' id='word_1_106' title='bbox 507 1221 625 1252; x_wconf 68' lang='lat' dir='ltr'>adeos</span> <span class='ocrx_word' id='word_1_107' title='bbox 611 1231 713 1269; x_wconf 75' lang='lat' dir='ltr'>s,aepe</span> <span class='ocrx_word' id='word_1_108' title='bbox 730 1233 808 1253; x_wconf 89' lang='grc'><strong>011111</strong></span> <span class='ocrx_word' id='word_1_109' title='bbox 831 1223 965 1254; x_wconf 87' lang='lat' dir='ltr'>videre-</span> 
     </span>
    </p>

    <p class='ocr_par' dir='ltr' id='par_1_4' title="bbox 258 1264 964 1439">
     <span class='ocr_line' id='line_1_23' title="bbox 262 1264 964 1307; baseline 0.003 -11"><span class='ocrx_word' id='word_1_110' title='bbox 262 1270 316 1296; x_wconf 80' lang='lat' dir='ltr'>tur</span> <span class='ocrx_word' id='word_1_111' title='bbox 329 1264 386 1295; x_wconf 91' lang='lat' dir='ltr'>vel</span> <span class='ocrx_word' id='word_1_112' title='bbox 402 1269 539 1305; x_wconf 89' lang='lat' dir='ltr'>propter</span> <span class='ocrx_word' id='word_1_113' title='bbox 553 1275 728 1306; x_wconf 81' lang='lat' dir='ltr'>copiarum</span> <span class='ocrx_word' id='word_1_114' title='bbox 746 1266 964 1307; x_wconf 84' lang='lat' dir='ltr'>paucitatem,</span> 
     </span>
     <span class='ocr_line' id='line_1_24' title="bbox 258 1307 966 1350; baseline 0.006 -12"><span class='ocrx_word' id='word_1_115' title='bbox 258 1319 279 1338; x_wconf 91' lang='lat' dir='ltr'>v</span> <span class='ocrx_word' id='word_1_116' title='bbox 272 1307 315 1339; x_wconf 90' lang='lat' dir='ltr'>el</span> <span class='ocrx_word' id='word_1_117' title='bbox 328 1318 436 1339; x_wconf 89' lang='lat' dir='ltr'>rerum</span> <span class='ocrx_word' id='word_1_118' title='bbox 448 1315 706 1350; x_wconf 88' lang='lat' dir='ltr'>temporumque</span> <span class='ocrx_word' id='word_1_119' title='bbox 719 1309 966 1349; x_wconf 85' lang='lat' dir='ltr'>difficultatem,</span> 
     </span>
     <span class='ocr_line' id='line_1_25' title="bbox 258 1351 964 1394; baseline 0.004 -12"><span class='ocrx_word' id='word_1_120' title='bbox 258 1351 361 1383; x_wconf 84' lang='lat' dir='ltr'>facile</span> <span class='ocrx_word' id='word_1_121' title='bbox 376 1351 578 1393; x_wconf 86' lang='lat' dir='ltr'>penitusque</span> <span class='ocrx_word' id='word_1_122' title='bbox 598 1353 703 1384; x_wconf 87' lang='lat' dir='ltr'>deleri</span> <span class='ocrx_word' id='word_1_123' title='bbox 722 1364 833 1394; x_wconf 85' lang='lat' dir='ltr'>posse,</span> <span class='ocrx_word' id='word_1_124' title='bbox 849 1354 964 1386; x_wconf 84' lang='lat' dir='ltr'>salvus</span> 
     </span>
     <span class='ocr_line' id='line_1_26' title="bbox 259 1395 964 1439; baseline 0.004 -13"><span class='ocrx_word' id='word_1_125' title='bbox 259 1395 379 1426; x_wconf 89' lang='lat' dir='ltr'>evasit.</span> <span class='ocrx_word' id='word_1_126' title='bbox 424 1396 487 1427; x_wconf 88' lang='lat' dir='ltr'>Sed</span> <span class='ocrx_word' id='word_1_127' title='bbox 511 1395 672 1427; x_wconf 89' lang='lat' dir='ltr'>nimirum</span> <span class='ocrx_word' id='word_1_128' title='bbox 689 1397 864 1438; x_wconf 84' lang='lat' dir='ltr'>placuerat</span> <span class='ocrx_word' id='word_1_129' title='bbox 887 1408 964 1439; x_wconf 89' lang='lat' dir='ltr'>pro-</span> 
     </span>
    </p>

    <p class='ocr_par' dir='ltr' id='par_1_5' title="bbox 259 1437 964 1606">
     <span class='ocr_line' id='line_1_27' title="bbox 262 1437 962 1478; baseline 0.006 -9"><span class='ocrx_word' id='word_1_130' title='bbox 262 1438 421 1470; x_wconf 79' lang='lat' dir='ltr'>videntiae</span> <span class='ocrx_word' id='word_1_131' title='bbox 448 1437 598 1478; x_wconf 83' lang='lat' dir='ltr'>Divinae,</span> <span class='ocrx_word' id='word_1_132' title='bbox 619 1440 707 1471; x_wconf 88' lang='lat' dir='ltr'>hanc</span> <span class='ocrx_word' id='word_1_133' title='bbox 735 1441 962 1473; x_wconf 87' lang='lat' dir='ltr'>Romanarum</span> 
     </span>
     <span class='ocr_line' id='line_1_28' title="bbox 259 1483 964 1525; baseline 0.006 -12"><span class='ocrx_word' id='word_1_134' title='bbox 259 1493 371 1514; x_wconf 89' lang='lat' dir='ltr'>rerum</span> <span class='ocrx_word' id='word_1_135' title='bbox 386 1483 640 1515; x_wconf 86' lang='lat' dir='ltr'>conversionem</span> <span class='ocrx_word' id='word_1_136' title='bbox 657 1483 722 1516; x_wconf 88' lang='lat' dir='ltr'>hoc</span> <span class='ocrx_word' id='word_1_137' title='bbox 747 1485 964 1525; x_wconf 89' lang='lat' dir='ltr'>potissimum</span> 
     </span>
     <span class='ocr_line' id='line_1_29' title="bbox 260 1527 963 1571; baseline 0.006 -14"><span class='ocrx_word' id='word_1_138' title='bbox 260 1531 413 1567; x_wconf 90' lang='lat' dir='ltr'>tempore</span> <span class='ocrx_word' id='word_1_139' title='bbox 425 1527 571 1559; x_wconf 88' lang='lat' dir='ltr'>efficere.</span> <span class='ocrx_word' id='word_1_140' title='bbox 573 1527 735 1560; x_wconf 81' lang='lat' dir='ltr'>—Liceat</span> <span class='ocrx_word' id='word_1_141' title='bbox 750 1529 815 1560; x_wconf 90' lang='lat' dir='ltr'>hoc</span> <span class='ocrx_word' id='word_1_142' title='bbox 829 1540 963 1571; x_wconf 92' lang='lat' dir='ltr'>quoque</span> 
     </span>
     <span class='ocr_line' id='line_1_30' title="bbox 263 1571 965 1608; baseline 0.006 -7"><span class='ocrx_word' id='word_1_143' title='bbox 263 1580 412 1608; x_wconf 90' lang='lat' dir='ltr'>monere,</span> <span class='ocrx_word' id='word_1_144' title='bbox 428 1571 534 1603; x_wconf 85' lang='lat' dir='ltr'>multa</span> <span class='ocrx_word' id='word_1_145' title='bbox 546 1582 620 1604; x_wconf 89' lang='lat' dir='ltr'>esse</span> <span class='ocrx_word' id='word_1_146' title='bbox 634 1572 667 1603; x_wconf 90' lang='lat' dir='ltr'>in</span> <span class='ocrx_word' id='word_1_147' title='bbox 681 1573 848 1605; x_wconf 85' lang='lat' dir='ltr'>Shawiani</span> <span class='ocrx_word' id='word_1_148' title='bbox 867 1574 965 1606; x_wconf 87' lang='lat' dir='ltr'>itine-</span> 
     </span>
    </p>

    <p class='ocr_par' dir='ltr' id='par_1_6' title="bbox 259 1613 962 1744">
     <span class='ocr_line' id='line_1_31' title="bbox 262 1613 962 1658; baseline 0.007 -14"><span class='ocrx_word' id='word_1_149' title='bbox 262 1613 308 1645; x_wconf 85' lang='lat' dir='ltr'>ris</span> <span class='ocrx_word' id='word_1_150' title='bbox 353 1614 595 1655; x_wconf 82' lang='lat' dir='ltr'>descriptione,</span> <span class='ocrx_word' id='word_1_151' title='bbox 636 1627 711 1657; x_wconf 85' lang='lat' dir='ltr'>quae</span> <span class='ocrx_word' id='word_1_152' title='bbox 746 1616 846 1658; x_wconf 87' lang='lat' dir='ltr'>hujus</span> <span class='ocrx_word' id='word_1_153' title='bbox 884 1618 962 1650; x_wconf 85' lang='lat' dir='ltr'>libri</span> 
     </span>
     <span class='ocr_line' id='line_1_32' title="bbox 259 1657 961 1699; baseline 0.007 -11"><span class='ocrx_word' id='word_1_154' title='bbox 259 1657 503 1699; x_wconf 86' lang='lat' dir='ltr'>geographiam</span> <span class='ocrx_word' id='word_1_155' title='bbox 521 1658 709 1698; x_wconf 88' lang='lat' dir='ltr'>inlustrent,</span> <span class='ocrx_word' id='word_1_156' title='bbox 734 1661 886 1692; x_wconf 87' lang='lat' dir='ltr'>maxime</span> <span class='ocrx_word' id='word_1_157' title='bbox 900 1662 961 1693; x_wconf 90' lang='lat' dir='ltr'>ubi</span> 
     </span>
     <span class='ocr_line' id='line_1_33' title="bbox 262 1700 958 1752; baseline 0.007 -21"><span class='ocrx_word' id='word_1_158' title='bbox 262 1700 305 1731; x_wconf 92' lang='lat' dir='ltr'>T.</span> <span class='ocrx_word' id='word_1_159' title='bbox 328 1703 356 1732; x_wconf 93' lang='lat' dir='ltr'>l.</span> <span class='ocrx_word' id='word_1_160' title='bbox 382 1702 422 1732; x_wconf 91' lang='lat' dir='ltr'>de</span> <span class='ocrx_word' id='word_1_161' title='bbox 437 1702 958 1752; x_wconf 85' lang='lat' dir='ltr'>RegnoTunetanoexponitur:</span> 
     </span>
    </p>

    <p class='ocr_par' dir='ltr' id='par_1_7' title="bbox 261 1745 961 1790">
     <span class='ocr_line' id='line_1_34' title="bbox 261 1745 961 1790; baseline 0.006 -13"><span class='ocrx_word' id='word_1_162' title='bbox 261 1746 349 1778; x_wconf 83' lang='lat' dir='ltr'>unde</span> <span class='ocrx_word' id='word_1_163' title='bbox 384 1745 459 1779; x_wconf 80' lang='lat' dir='ltr'>haec</span> <span class='ocrx_word' id='word_1_164' title='bbox 510 1746 688 1790; x_wconf 83' lang='lat' dir='ltr'>excerpsi:</span> <span class='ocrx_word' id='word_1_165' title='bbox 743 1747 961 1782; x_wconf 82' lang='lat' dir='ltr'>Adrumetum</span> 
     </span>
    </p>
   </div>
   <div class='ocr_carea' id='block_1_3' title="bbox 485 217 1502 265">
    <p class='ocr_par' dir='ltr' id='par_1_8' title="bbox 485 217 1502 265">
     <span class='ocr_line' id='line_1_35' title="bbox 485 217 1502 265; baseline 0.001 -3"><span class='ocrx_word' id='word_1_166' title='bbox 485 220 538 262; x_wconf 94' lang='lat' dir='ltr'>A.</span> <span class='ocrx_word' id='word_1_167' title='bbox 572 217 773 262; x_wconf 88' lang='lat' dir='ltr'>HIRTII</span> <span class='ocrx_word' id='word_1_168' title='bbox 807 217 890 261; x_wconf 90' lang='lat' dir='ltr'>DE</span> <span class='ocrx_word' id='word_1_169' title='bbox 923 217 1125 262; x_wconf 92' lang='lat' dir='ltr'>BELLO</span> <span class='ocrx_word' id='word_1_170' title='bbox 1158 220 1502 265; x_wconf 88' lang='lat' dir='ltr'>AFRICANO.</span> 
     </span>
    </p>
   </div>
   <div class='ocr_carea' id='block_1_4' title="bbox 1029 342 1733 1749">
    <p class='ocr_par' dir='ltr' id='par_1_9' title="bbox 1029 342 1733 1749">
     <span class='ocr_line' id='line_1_36' title="bbox 1031 342 1733 385; baseline -0.004 -6"><span class='ocrx_word' id='word_1_171' title='bbox 1031 357 1098 379; x_wconf 91' lang='lat' dir='ltr'>non</span> <span class='ocrx_word' id='word_1_172' title='bbox 1122 359 1195 380; x_wconf 87' lang='lat' dir='ltr'>esse</span> <span class='ocrx_word' id='word_1_173' title='bbox 1223 348 1426 381; x_wconf 88' lang='lat' dir='ltr'>hodiernum</span> <span class='ocrx_word' id='word_1_174' title='bbox 1453 349 1650 385; x_wconf 76' lang='lat' dir='ltr'>Hamamet,</span> <span class='ocrx_word' id='word_1_175' title='bbox 1674 342 1733 376; x_wconf 86' lang='lat' dir='ltr'>sed</span> 
     </span>
     <span class='ocr_line' id='line_1_37' title="bbox 1033 390 1727 434; baseline -0.006 -11"><span class='ocrx_word' id='word_1_176' title='bbox 1033 392 1146 433; x_wconf 91' lang='lat' dir='ltr'>potius</span> <span class='ocrx_word' id='word_1_177' title='bbox 1172 393 1378 434; x_wconf 77' lang='lat' dir='ltr'>Herkla(p.</span> <span class='ocrx_word' id='word_1_178' title='bbox 1413 391 1613 429; x_wconf 73' lang='lat'>204.23·1):</span> <span class='ocrx_word' id='word_1_179' title='bbox 1651 390 1727 420; x_wconf 81' lang='lat' dir='ltr'>Sar-</span> 
     </span>
     <span class='ocr_line' id='line_1_38' title="bbox 1031 430 1729 475; baseline 0.003 -9"><span class='ocrx_word' id='word_1_180' title='bbox 1031 447 1142 467; x_wconf 83' lang='lat' dir='ltr'>suram</span> <span class='ocrx_word' id='word_1_181' title='bbox 1173 447 1243 468; x_wconf 80' lang='lat' dir='ltr'>esse</span> <span class='ocrx_word' id='word_1_182' title='bbox 1274 447 1360 468; x_wconf 91' lang='lat' dir='ltr'>nunc</span> <span class='ocrx_word' id='word_1_183' title='bbox 1395 434 1526 474; x_wconf 59' lang='lat' dir='ltr'>Sur-serr</span> <span class='ocrx_word' id='word_1_184' title='bbox 1553 435 1605 475; x_wconf 91' lang='lat' dir='ltr'>(p</span> <span class='ocrx_word' id='word_1_185' title='bbox 1637 430 1729 469; x_wconf 70' lang='grc'><strong>265),</strong></span> 
     </span>
     <span class='ocr_line' id='line_1_39' title="bbox 1034 473 1730 521; baseline 0.004 -11"><span class='ocrx_word' id='word_1_186' title='bbox 1034 480 1221 521; x_wconf 90' lang='lat' dir='ltr'>Ruspinam</span> <span class='ocrx_word' id='word_1_187' title='bbox 1250 491 1327 512; x_wconf 90' lang='lat' dir='ltr'>vero</span> <span class='ocrx_word' id='word_1_188' title='bbox 1365 480 1525 512; x_wconf 72' lang='lat' dir='ltr'>Sahaleel</span> <span class='ocrx_word' id='word_1_189' title='bbox 1548 481 1600 519; x_wconf 84' lang='lat' dir='ltr'>(p.</span> <span class='ocrx_word' id='word_1_190' title='bbox 1625 473 1730 513; x_wconf 50' lang='lat'>242„</span> 
     </span>
     <span class='ocr_line' id='line_1_40' title="bbox 1032 522 1731 564; baseline -0.006 -10"><span class='ocrx_word' id='word_1_191' title='bbox 1032 524 1119 564; x_wconf 79' lang='lat' dir='ltr'>Agar</span> <span class='ocrx_word' id='word_1_192' title='bbox 1133 535 1212 555; x_wconf 85' lang='lat' dir='ltr'>cum</span> <span class='ocrx_word' id='word_1_193' title='bbox 1229 525 1319 557; x_wconf 70' lang='lat' dir='ltr'>Book</span> <span class='ocrx_word' id='word_1_194' title='bbox 1323 525 1436 563; x_wconf 76' lang='lat' dir='ltr'>adlar,</span> <span class='ocrx_word' id='word_1_195' title='bbox 1456 522 1581 564; x_wconf 89' lang='lat' dir='ltr'>Leptin</span> <span class='ocrx_word' id='word_1_196' title='bbox 1596 528 1731 562; x_wconf 82' lang='lat' dir='ltr'>parvam</span> 
     </span>
     <span class='ocr_line' id='line_1_41' title="bbox 1030 566 1730 609; baseline -0.006 -11"><span class='ocrx_word' id='word_1_197' title='bbox 1030 577 1109 598; x_wconf 92' lang='lat' dir='ltr'>cum</span> <span class='ocrx_word' id='word_1_198' title='bbox 1138 568 1268 607; x_wconf 61' lang='lat' dir='ltr'>Lentia,</span> <span class='ocrx_word' id='word_1_199' title='bbox 1290 568 1466 609; x_wconf 88' lang='lat' dir='ltr'>Thapsum</span> <span class='ocrx_word' id='word_1_200' title='bbox 1491 576 1568 598; x_wconf 92' lang='lat' dir='ltr'>cum</span> <span class='ocrx_word' id='word_1_201' title='bbox 1587 566 1730 596; x_wconf 70' lang='lat' dir='ltr'>Dema-ss</span> 
     </span>
     <span class='ocr_line' id='line_1_42' title="bbox 1029 609 1733 652; baseline -0.009 -9"><span class='ocrx_word' id='word_1_202' title='bbox 1029 610 1079 652; x_wconf 93' lang='lat' dir='ltr'>(p.</span> <span class='ocrx_word' id='word_1_203' title='bbox 1109 613 1201 651; x_wconf 80' lang='lat'><strong><em>243),</em></strong></span> <span class='ocrx_word' id='word_1_204' title='bbox 1229 612 1404 644; x_wconf 89' lang='lat' dir='ltr'>Cercinam</span> <span class='ocrx_word' id='word_1_205' title='bbox 1432 621 1509 642; x_wconf 89' lang='lat' dir='ltr'>cum</span> <span class='ocrx_word' id='word_1_206' title='bbox 1541 609 1733 648; x_wconf 72' lang='lat' dir='ltr'>Querkyms</span> 
     </span>
     <span class='ocr_line' id='line_1_43' title="bbox 1029 651 1732 696; baseline -0.004 -9"><span class='ocrx_word' id='word_1_207' title='bbox 1029 654 1080 696; x_wconf 89' lang='lat' dir='ltr'>(p.</span> <span class='ocrx_word' id='word_1_208' title='bbox 1097 656 1188 694; x_wconf 84' lang='lat'>248),</span> <span class='ocrx_word' id='word_1_209' title='bbox 1202 657 1318 688; x_wconf 87' lang='lat' dir='ltr'>Zetam</span> <span class='ocrx_word' id='word_1_210' title='bbox 1334 666 1412 687; x_wconf 91' lang='lat' dir='ltr'>cum</span> <span class='ocrx_word' id='word_1_211' title='bbox 1425 655 1564 692; x_wconf 79' lang='lat' dir='ltr'>Menzil,</span> <span class='ocrx_word' id='word_1_212' title='bbox 1580 651 1732 683; x_wconf 74' lang='lat' dir='ltr'>vaccam</span> 
     </span>
     <span class='ocr_line' id='line_1_44' title="bbox 1031 696 1731 740; baseline -0.006 -10"><span class='ocrx_word' id='word_1_213' title='bbox 1031 708 1110 730; x_wconf 90' lang='lat' dir='ltr'>cum</span> <span class='ocrx_word' id='word_1_214' title='bbox 1127 700 1255 731; x_wconf 77' lang='lat' dir='ltr'>Monzil</span> <span class='ocrx_word' id='word_1_215' title='bbox 1274 702 1378 732; x_wconf 71' lang='lat' dir='ltr'>Heive</span> <span class='ocrx_word' id='word_1_216' title='bbox 1401 701 1452 740; x_wconf 87' lang='lat' dir='ltr'>(p.</span> <span class='ocrx_word' id='word_1_217' title='bbox 1468 698 1561 737; x_wconf 76' lang='lat'>264),</span> <span class='ocrx_word' id='word_1_218' title='bbox 1580 696 1731 738; x_wconf 83' lang='lat' dir='ltr'>Tegeam</span> 
     </span>
     <span class='ocr_line' id='line_1_45' title="bbox 1031 741 1730 784; baseline -0.007 -11"><span class='ocrx_word' id='word_1_219' title='bbox 1031 753 1111 774; x_wconf 90' lang='lat' dir='ltr'>cum</span> <span class='ocrx_word' id='word_1_220' title='bbox 1128 744 1264 775; x_wconf 78' lang='lat' dir='ltr'>Iimmel</span> <span class='ocrx_word' id='word_1_221' title='bbox 1278 743 1328 784; x_wconf 90' lang='lat' dir='ltr'>(p.</span> <span class='ocrx_word' id='word_1_222' title='bbox 1344 744 1436 782; x_wconf 78' lang='lat'><strong><em>265),</em></strong></span> <span class='ocrx_word' id='word_1_223' title='bbox 1461 741 1635 773; x_wconf 77' lang='lat' dir='ltr'>Trisdmm</span> <span class='ocrx_word' id='word_1_224' title='bbox 1649 747 1730 770; x_wconf 87' lang='lat' dir='ltr'>cum</span> 
     </span>
     <span class='ocr_line' id='line_1_46' title="bbox 1036 785 1730 836; baseline -0.006 -19"><span class='ocrx_word' id='word_1_225' title='bbox 1036 787 1162 818; x_wconf 81' lang='lat' dir='ltr'>lemme</span> <span class='ocrx_word' id='word_1_226' title='bbox 1185 788 1235 828; x_wconf 88' lang='lat' dir='ltr'>(p.</span> <span class='ocrx_word' id='word_1_227' title='bbox 1251 788 1330 824; x_wconf 81' lang='lat'>266)</span> <span class='ocrx_word' id='word_1_228' title='bbox 1342 785 1543 836; x_wconf 81' lang='lat' dir='ltr'>comparari</span> <span class='ocrx_word' id='word_1_229' title='bbox 1572 793 1730 830; x_wconf 81' lang='lat' dir='ltr'>posse.—</span> 
     </span>
     <span class='ocr_line' id='line_1_47' title="bbox 1033 823 1732 871; baseline -0.009 -10"><span class='ocrx_word' id='word_1_230' title='bbox 1033 830 1063 861; x_wconf 70' lang='lat'>15</span> <span class='ocrx_word' id='word_1_231' title='bbox 1066 840 1143 861; x_wconf 89' lang='lat' dir='ltr'>num</span> <span class='ocrx_word' id='word_1_232' title='bbox 1160 831 1299 861; x_wconf 87' lang='lat' dir='ltr'>addam.</span> <span class='ocrx_word' id='word_1_233' title='bbox 1323 830 1352 862; x_wconf 90' lang='lat' dir='ltr'>si</span> <span class='ocrx_word' id='word_1_234' title='bbox 1367 829 1443 871; x_wconf 86' lang='lat' dir='ltr'>quis</span> <span class='ocrx_word' id='word_1_235' title='bbox 1469 839 1547 861; x_wconf 88' lang='lat' dir='ltr'>cum</span> <span class='ocrx_word' id='word_1_236' title='bbox 1571 823 1732 860; x_wconf 83' lang='lat' dir='ltr'>extremis</span> 
     </span>
     <span class='ocr_line' id='line_1_48' title="bbox 1036 869 1728 915; baseline -0.007 -10"><span class='ocrx_word' id='word_1_237' title='bbox 1036 873 1218 915; x_wconf 87' lang='lat' dir='ltr'>praesertim</span> <span class='ocrx_word' id='word_1_238' title='bbox 1244 874 1344 915; x_wconf 89' lang='lat' dir='ltr'>hujus</span> <span class='ocrx_word' id='word_1_239' title='bbox 1373 872 1466 910; x_wconf 89' lang='lat' dir='ltr'>libri,</span> <span class='ocrx_word' id='word_1_240' title='bbox 1491 871 1573 904; x_wconf 86' lang='lat' dir='ltr'>satis</span> <span class='ocrx_word' id='word_1_241' title='bbox 1595 870 1664 902; x_wconf 87' lang='lat' dir='ltr'>illis</span> <span class='ocrx_word' id='word_1_242' title='bbox 1683 869 1728 900; x_wconf 76' lang='lat' dir='ltr'>ad</span> 
     </span>
     <span class='ocr_line' id='line_1_49' title="bbox 1035 911 1733 949; baseline -0.006 -1"><span class='ocrx_word' id='word_1_243' title='bbox 1035 917 1293 948; x_wconf 86' lang='lat' dir='ltr'>similitudinem</span> <span class='ocrx_word' id='word_1_244' title='bbox 1329 916 1524 949; x_wconf 83' lang='lat' dir='ltr'>Caesarianae</span> <span class='ocrx_word' id='word_1_245' title='bbox 1570 911 1733 946; x_wconf 85' lang='lat' dir='ltr'>orationis</span> 
     </span>
     <span class='ocr_line' id='line_1_50' title="bbox 1032 958 1732 1002; baseline -0.007 -10"><span class='ocrx_word' id='word_1_246' title='bbox 1032 961 1244 1002; x_wconf 88' lang='lat' dir='ltr'>compositis,</span> <span class='ocrx_word' id='word_1_247' title='bbox 1286 960 1531 1002; x_wconf 87' lang='lat' dir='ltr'>comparaverit</span> <span class='ocrx_word' id='word_1_248' title='bbox 1559 963 1662 1000; x_wconf 87' lang='lat' dir='ltr'>caput</span> <span class='ocrx_word' id='word_1_249' title='bbox 1693 958 1732 988; x_wconf 79' lang='lat'>19</span> 
     </span>
     <span class='ocr_line' id='line_1_51' title="bbox 1033 999 1731 1045; baseline -0.007 -8"><span class='ocrx_word' id='word_1_250' title='bbox 1033 1010 1091 1036; x_wconf 90' lang='lat' dir='ltr'>aut</span> <span class='ocrx_word' id='word_1_251' title='bbox 1107 1009 1160 1045; x_wconf 81' lang='lat'>25,</span> <span class='ocrx_word' id='word_1_252' title='bbox 1178 1006 1233 1037; x_wconf 87' lang='lat' dir='ltr'>vel</span> <span class='ocrx_word' id='word_1_253' title='bbox 1249 1005 1356 1037; x_wconf 89' lang='lat' dir='ltr'>alium</span> <span class='ocrx_word' id='word_1_254' title='bbox 1371 1006 1499 1043; x_wconf 91' lang='lat' dir='ltr'>locum,</span> <span class='ocrx_word' id='word_1_255' title='bbox 1513 1002 1558 1034; x_wconf 87' lang='lat' dir='ltr'>ab</span> <span class='ocrx_word' id='word_1_256' title='bbox 1576 1002 1634 1034; x_wconf 87' lang='lat' dir='ltr'>illa</span> <span class='ocrx_word' id='word_1_257' title='bbox 1648 999 1731 1033; x_wconf 82' lang='lat' dir='ltr'>faci-</span> 
     </span>
     <span class='ocr_line' id='line_1_52' title="bbox 1034 1029 1732 1091; baseline -0.007 -11"><span class='ocrx_word' id='word_1_258' title='bbox 1034 1049 1126 1080; x_wconf 77' lang='lat' dir='ltr'>litate</span> <span class='ocrx_word' id='word_1_259' title='bbox 1150 1029 1252 1091; x_wconf 73' lang='lat' dir='ltr'>longe</span> <span class='ocrx_word' id='word_1_260' title='bbox 1279 1055 1457 1088; x_wconf 87' lang='lat' dir='ltr'>remotum,</span> <span class='ocrx_word' id='word_1_261' title='bbox 1473 1048 1565 1080; x_wconf 90' lang='lat' dir='ltr'>hunc</span> <span class='ocrx_word' id='word_1_262' title='bbox 1590 1045 1732 1077; x_wconf 86' lang='lat' dir='ltr'>miratu-</span> 
     </span>
     <span class='ocr_line' id='line_1_53' title="bbox 1033 1087 1731 1140; baseline -0.006 -16"><span class='ocrx_word' id='word_1_263' title='bbox 1033 1103 1108 1125; x_wconf 91' lang='lat' dir='ltr'>rum</span> <span class='ocrx_word' id='word_1_264' title='bbox 1136 1104 1223 1132; x_wconf 82' lang='lat' dir='ltr'>esse,</span> <span class='ocrx_word' id='word_1_265' title='bbox 1249 1093 1347 1124; x_wconf 85' lang='lat' dir='ltr'>unius</span> <span class='ocrx_word' id='word_1_266' title='bbox 1374 1093 1593 1140; x_wconf 78' lang='lat' dir='ltr'>ejusdemque</span> <span class='ocrx_word' id='word_1_267' title='bbox 1623 1087 1731 1129; x_wconf 79' lang='lat' dir='ltr'>scrip-</span> 
     </span>
     <span class='ocr_line' id='line_1_54' title="bbox 1034 1134 1731 1168; baseline -0.007 0"><span class='ocrx_word' id='word_1_268' title='bbox 1034 1137 1115 1168; x_wconf 86' lang='lat' dir='ltr'>toris</span> <span class='ocrx_word' id='word_1_269' title='bbox 1143 1137 1177 1168; x_wconf 86' lang='lat' dir='ltr'>in</span> <span class='ocrx_word' id='word_1_270' title='bbox 1205 1138 1323 1168; x_wconf 91' lang='lat' dir='ltr'>eodem</span> <span class='ocrx_word' id='word_1_271' title='bbox 1348 1136 1438 1168; x_wconf 92' lang='lat' dir='ltr'>libro</span> <span class='ocrx_word' id='word_1_272' title='bbox 1462 1142 1531 1168; x_wconf 88' lang='lat' dir='ltr'>tam</span> <span class='ocrx_word' id='word_1_273' title='bbox 1558 1134 1731 1165; x_wconf 76' lang='lat' dir='ltr'>diversum</span> 
     </span>
     <span class='ocr_line' id='line_1_55' title="bbox 1030 1175 1730 1222; baseline -0.009 -10"><span class='ocrx_word' id='word_1_274' title='bbox 1030 1180 1169 1222; x_wconf 87' lang='lat' dir='ltr'>reperiri</span> <span class='ocrx_word' id='word_1_275' title='bbox 1195 1191 1300 1222; x_wconf 89' lang='lat' dir='ltr'>genus</span> <span class='ocrx_word' id='word_1_276' title='bbox 1329 1180 1485 1219; x_wconf 87' lang='lat' dir='ltr'>dicendi3</span> <span class='ocrx_word' id='word_1_277' title='bbox 1509 1184 1569 1211; x_wconf 88' lang='lat' dir='ltr'>aut</span> <span class='ocrx_word' id='word_1_278' title='bbox 1592 1178 1677 1209; x_wconf 84' lang='lat' dir='ltr'>adeo</span> <span class='ocrx_word' id='word_1_279' title='bbox 1696 1175 1730 1207; x_wconf 89' lang='lat' dir='ltr'>in</span> 
     </span>
     <span class='ocr_line' id='line_1_56' title="bbox 1031 1224 1732 1266; baseline -0.007 -10"><span class='ocrx_word' id='word_1_280' title='bbox 1031 1224 1263 1266; x_wconf 86' lang='lat' dir='ltr'>suspicionem</span> <span class='ocrx_word' id='word_1_281' title='bbox 1294 1224 1598 1255; x_wconf 82' lang='lat' dir='ltr'>additamentorum</span> <span class='ocrx_word' id='word_1_282' title='bbox 1624 1225 1732 1252; x_wconf 75' lang='lat' dir='ltr'>muta-</span> 
     </span>
     <span class='ocr_line' id='line_1_57' title="bbox 1030 1267 1732 1308; baseline -0.007 -9"><span class='ocrx_word' id='word_1_283' title='bbox 1030 1267 1203 1299; x_wconf 83' lang='lat' dir='ltr'>tionumve</span> <span class='ocrx_word' id='word_1_284' title='bbox 1230 1274 1421 1307; x_wconf 78' lang='lat' dir='ltr'>venturum,</span> <span class='ocrx_word' id='word_1_285' title='bbox 1447 1277 1588 1308; x_wconf 89' lang='lat' dir='ltr'>quarum</span> <span class='ocrx_word' id='word_1_286' title='bbox 1614 1274 1732 1297; x_wconf 78' lang='lat' dir='ltr'>caussa</span> 
     </span>
     <span class='ocr_line' id='line_1_58' title="bbox 1029 1306 1732 1352; baseline -0.004 -9"><span class='ocrx_word' id='word_1_287' title='bbox 1029 1313 1132 1343; x_wconf 86' lang='lat' dir='ltr'>hodie</span> <span class='ocrx_word' id='word_1_288' title='bbox 1157 1312 1296 1352; x_wconf 87' lang='lat' dir='ltr'>quidem</span> <span class='ocrx_word' id='word_1_289' title='bbox 1314 1310 1426 1351; x_wconf 82' lang='lat' dir='ltr'>detegi</span> <span class='ocrx_word' id='word_1_290' title='bbox 1446 1315 1603 1352; x_wconf 85' lang='lat' dir='ltr'>nequeat.</span> <span class='ocrx_word' id='word_1_291' title='bbox 1648 1306 1732 1349; x_wconf 75' lang='lat' dir='ltr'>Legi</span> 
     </span>
     <span class='ocr_line' id='line_1_59' title="bbox 1032 1354 1730 1397; baseline -0.006 -10"><span class='ocrx_word' id='word_1_292' title='bbox 1032 1355 1154 1397; x_wconf 83' lang='lat' dir='ltr'>poterit</span> <span class='ocrx_word' id='word_1_293' title='bbox 1183 1355 1349 1386; x_wconf 88' lang='lat' dir='ltr'>Dodwelli</span> <span class='ocrx_word' id='word_1_294' title='bbox 1375 1355 1564 1386; x_wconf 78' lang='lat' dir='ltr'>dissertatio</span> <span class='ocrx_word' id='word_1_295' title='bbox 1592 1354 1634 1386; x_wconf 87' lang='lat' dir='ltr'>de</span> <span class='ocrx_word' id='word_1_296' title='bbox 1648 1362 1730 1384; x_wconf 83' lang='lat' dir='ltr'>auc-</span> 
     </span>
     <span class='ocr_line' id='line_1_60' title="bbox 1029 1394 1730 1440; baseline -0.007 -9"><span class='ocrx_word' id='word_1_297' title='bbox 1029 1406 1100 1431; x_wconf 88' lang='lat' dir='ltr'>tore</span> <span class='ocrx_word' id='word_1_298' title='bbox 1124 1399 1222 1440; x_wconf 92' lang='lat' dir='ltr'>hujus</span> <span class='ocrx_word' id='word_1_299' title='bbox 1243 1398 1335 1437; x_wconf 89' lang='lat' dir='ltr'>libri,</span> <span class='ocrx_word' id='word_1_300' title='bbox 1361 1409 1462 1440; x_wconf 88' lang='lat' dir='ltr'>quam</span> <span class='ocrx_word' id='word_1_301' title='bbox 1486 1399 1567 1431; x_wconf 87' lang='lat' dir='ltr'>huic</span> <span class='ocrx_word' id='word_1_302' title='bbox 1588 1394 1730 1430; x_wconf 82' lang='lat' dir='ltr'>editioni</span> 
     </span>
     <span class='ocr_line' id='line_1_61' title="bbox 1031 1438 1730 1484; baseline -0.006 -10"><span class='ocrx_word' id='word_1_303' title='bbox 1031 1443 1300 1484; x_wconf 69' lang='lat' dir='ltr'>praemittendam</span> <span class='ocrx_word' id='word_1_304' title='bbox 1321 1443 1450 1474; x_wconf 82' lang='lat' dir='ltr'>curavi.</span> <span class='ocrx_word' id='word_1_305' title='bbox 1485 1444 1535 1474; x_wconf 83' lang='grc' dir='ltr'>Μ.</span> <span class='ocrx_word' id='word_1_306' title='bbox 1580 1442 1669 1473; x_wconf 84' lang='lat' dir='ltr'>Plut.</span> <span class='ocrx_word' id='word_1_307' title='bbox 1694 1438 1730 1470; x_wconf 82' lang='lat' dir='ltr'>in</span> 
     </span>
     <span class='ocr_line' id='line_1_62' title="bbox 1030 1482 1731 1536; baseline -0.004 -18"><span class='ocrx_word' id='word_1_308' title='bbox 1030 1488 1117 1519; x_wconf 85' lang='lat' dir='ltr'>Caes.</span> <span class='ocrx_word' id='word_1_309' title='bbox 1149 1498 1180 1518; x_wconf 96' lang='grc'>0.</span> <span class='ocrx_word' id='word_1_310' title='bbox 1198 1491 1250 1518; x_wconf 88' lang='grc'>55.</span> <span class='ocrx_word' id='word_1_311' title='bbox 1277 1493 1344 1518; x_wconf 87' lang='lat' dir='ltr'>tres</span> <span class='ocrx_word' id='word_1_312' title='bbox 1374 1487 1563 1536; x_wconf 81' lang='lat' dir='ltr'>triumphos</span> <span class='ocrx_word' id='word_1_313' title='bbox 1588 1482 1731 1517; x_wconf 69' lang='lat' dir='ltr'>Caesaris</span> 
     </span>
     <span class='ocr_line' id='line_1_63' title="bbox 1031 1529 1729 1573; baseline -0.003 -10"><span class='ocrx_word' id='word_1_314' title='bbox 1031 1532 1143 1571; x_wconf 83' lang='lat' dir='ltr'>resert3</span> <span class='ocrx_word' id='word_1_315' title='bbox 1185 1531 1272 1562; x_wconf 88' lang='lat' dir='ltr'>Vell.</span> <span class='ocrx_word' id='word_1_316' title='bbox 1288 1531 1310 1562; x_wconf 96' lang='lat' dir='ltr'>l.</span> <span class='ocrx_word' id='word_1_317' title='bbox 1328 1541 1360 1562; x_wconf 93' lang='grc'><strong>0.</strong></span> <span class='ocrx_word' id='word_1_318' title='bbox 1376 1531 1537 1573; x_wconf 89' lang='lat' dir='ltr'>quinque.</span> <span class='ocrx_word' id='word_1_319' title='bbox 1580 1529 1673 1562; x_wconf 78' lang='lat' dir='ltr'>Loca</span> <span class='ocrx_word' id='word_1_320' title='bbox 1685 1537 1729 1559; x_wconf 78' lang='lat' dir='ltr'>ex</span> 
     </span>
     <span class='ocr_line' id='line_1_64' title="bbox 1032 1571 1729 1615; baseline -0.007 -7.993"><span class='ocrx_word' id='word_1_321' title='bbox 1032 1575 1230 1607; x_wconf 71' lang='lat' dir='ltr'>Schauiano</span> <span class='ocrx_word' id='word_1_322' title='bbox 1253 1575 1370 1607; x_wconf 81' lang='lat' dir='ltr'>itinere</span> <span class='ocrx_word' id='word_1_323' title='bbox 1395 1575 1496 1607; x_wconf 85' lang='lat' dir='ltr'>citata</span> <span class='ocrx_word' id='word_1_324' title='bbox 1519 1575 1672 1615; x_wconf 87' lang='lat' dir='ltr'>leguntur</span> <span class='ocrx_word' id='word_1_325' title='bbox 1695 1571 1729 1602; x_wconf 87' lang='lat' dir='ltr'>in</span> 
     </span>
     <span class='ocr_line' id='line_1_65' title="bbox 1033 1617 1728 1661; baseline -0.003 -11"><span class='ocrx_word' id='word_1_326' title='bbox 1033 1620 1088 1650; x_wconf 90' lang='lat' dir='ltr'>ed.</span> <span class='ocrx_word' id='word_1_327' title='bbox 1122 1619 1267 1660; x_wconf 83' lang='lat' dir='ltr'>Anglica</span> <span class='ocrx_word' id='word_1_328' title='bbox 1311 1619 1387 1650; x_wconf 89' lang='lat' dir='ltr'>inde</span> <span class='ocrx_word' id='word_1_329' title='bbox 1418 1629 1439 1650; x_wconf 83' lang='lat' dir='ltr'>a</span> <span class='ocrx_word' id='word_1_330' title='bbox 1468 1631 1502 1661; x_wconf 87' lang='lat' dir='ltr'>p.</span> <span class='ocrx_word' id='word_1_331' title='bbox 1538 1621 1597 1650; x_wconf 88' lang='grc'>105</span> <span class='ocrx_word' id='word_1_332' title='bbox 1621 1617 1664 1649; x_wconf 81' lang='lat' dir='ltr'>ad</span> <span class='ocrx_word' id='word_1_333' title='bbox 1693 1626 1728 1657; x_wconf 87' lang='lat' dir='ltr'>p·</span> 
     </span>
     <span class='ocr_line' id='line_1_66' title="bbox 1035 1660 1730 1705; baseline -0.001 -12"><span class='ocrx_word' id='word_1_334' title='bbox 1035 1665 1108 1694; x_wconf 80' lang='lat'>117.</span> <span class='ocrx_word' id='word_1_335' title='bbox 1143 1665 1281 1696; x_wconf 61' lang='lat' dir='ltr'>taccam</span> <span class='ocrx_word' id='word_1_336' title='bbox 1295 1673 1383 1696; x_wconf 87' lang='lat' dir='ltr'>nunc</span> <span class='ocrx_word' id='word_1_337' title='bbox 1402 1664 1524 1705; x_wconf 84' lang='lat' dir='ltr'>Bejam</span> <span class='ocrx_word' id='word_1_338' title='bbox 1546 1660 1616 1695; x_wconf 87' lang='lat' dir='ltr'>dici</span> <span class='ocrx_word' id='word_1_339' title='bbox 1631 1660 1730 1695; x_wconf 75' lang='lat' dir='ltr'>refert</span> 
     </span>
     <span class='ocr_line' id='line_1_67' title="bbox 1031 1709 1135 1749; baseline 0.019 -11"><span class='ocrx_word' id='word_1_340' title='bbox 1031 1719 1064 1749; x_wconf 85' lang='lat' dir='ltr'>p.</span> <span class='ocrx_word' id='word_1_341' title='bbox 1082 1709 1135 1740; x_wconf 79' lang='lat'>92.</span> 
     </span>
    </p>
   </div>
   <div class='ocr_carea' id='block_1_5' title="bbox 1865 0 1927 3261">
    <p class='ocr_par' dir='ltr' id='par_1_10' title="bbox 1865 0 1927 3261">
     <span class='ocr_line' id='line_1_68' title="bbox 1865 0 1927 3261; baseline 0 0"><span class='ocrx_word' id='word_1_342' title='bbox 1865 0 1927 3261; x_wconf 95' lang='lat' dir='ltr'> </span> 
     </span>
    </p>
   </div>
  </div>
 </body>
</html>
