1946 3261
1286 140 1302 148 a

612 200 731 245 LlB.
765 200 851 245 ΙΙΙ.
914 199 1053 245 CAP.
1087 199 1276 243 56-60.
1619 196 1707 238 383

225 343 333 388 quos
368 344 455 373 esse
490 338 693 389 angustos
726 327 1128 380 demonstravimus,
1161 325 1327 383 magnis
1363 323 1570 384 operibus
1603 338 1713 382 prae-

224 389 427 441 munivit,
461 390 725 448 castellaque
757 390 822 433 his
854 389 959 433 locis
994 387 1155 446 posuit.
1222 383 1469 443 Pompeius,
1503 383 1579 426 ubi
1608 382 1715 424 nihil

225 448 378 508 profici
411 449 612 507 equitatu
650 449 870 509 cognovit,
900 448 1050 506 paucis
1082 445 1332 488 intermissis
1363 444 1530 493 diebus,
1565 457 1716 485 rursus

225 525 323 551 eum
362 510 543 552 navibus
580 508 635 551 ad
669 526 712 551 se
745 509 860 552 intra
898 505 1156 550 munitiones
1187 504 1359 561 recipit.
1422 503 1531 545 Erat
1552 516 1718 544 summa

226 567 372 628 inopia
405 568 574 626 pabuli,
613 568 722 611 adeo
754 576 805 610 ut
838 563 951 611 foliis
972 582 1025 609 ex
1048 562 1280 608 arboribus
1309 561 1471 604 strictis
1492 570 1536 603 et
1559 561 1718 603 teneris

225 627 488 670 arundinum
511 626 734 670 radicibus
753 627 958 677 contusis,
976 640 1111 683 equos
1128 622 1317 666 alerent:
1352 620 1569 662 frumenta
1587 620 1718 669 enim,

227 701 324 744 quae
347 685 519 729 fuerant
541 687 658 729 intra
678 686 935 729 munitiones
955 693 1063 734 sata,
1096 687 1420 726 consumserant
1442 686 1486 720 et
1507 679 1720 737 cogeban-

225 752 316 795 tur,
349 745 545 804 Corcyra
567 754 700 804 atque
726 746 984 795 Acarnania,
1008 743 1140 802 longo
1174 740 1403 799 interjecto
1431 738 1720 796 navigationis

225 802 384 862 spatio,
423 804 635 863 pabulum
674 805 958 864 subportare:
1004 818 1180 861 quoque
1220 808 1314 843 erat
1351 799 1444 857 ejus
1479 797 1542 839 rei
1582 796 1721 838 minor

225 864 368 923 copia,
402 863 566 906 hordeo
589 863 807 922 adaugere
832 873 965 921 atque
995 861 1060 904 his
1082 859 1326 904 rationibus
1345 857 1592 915 equitatum
1615 855 1723 898 tole-

226 936 339 966 rare.
406 921 511 971 Sed,
547 931 781 982 postquam
813 939 899 966 non
923 921 1053 965 modo
1074 919 1287 963 hordeum
1310 917 1614 977 pabulumque
1635 930 1723 957 om-

226 981 355 1025 nibus
376 981 480 1025 locis
501 981 732 1040 herbaeque
754 981 952 1032 desectae,
970 981 1046 1024 sed
1069 980 1202 1022 etiam
1224 977 1400 1021 frondes
1420 992 1473 1018 ex
1493 973 1725 1018 arboribus

226 1040 500 1091 deficiebant,
541 1041 769 1100 conruptis
801 1042 924 1100 equis
960 1039 1111 1090 macie,
1150 1037 1396 1081 conandum
1436 1034 1519 1078 sibi
1556 1032 1725 1091 aliquid

230 1100 462 1160 Pompeius
483 1100 536 1144 de
557 1102 789 1160 eruptione
811 1100 1090 1143 existimavit.

287 1160 358 1203 59.
392 1161 532 1204 Erant
554 1161 673 1220 apud
700 1160 914 1204 Caesarem
948 1176 1001 1203 ex
1024 1158 1222 1217 equitum
1255 1169 1437 1198 nurnero
1460 1153 1726 1212 Allobroges

229 1218 317 1261 duo
338 1219 511 1269 fratres,
545 1220 760 1263 Roscillus
782 1229 826 1263 et
850 1219 1005 1279 AEgus‚
1030 1215 1258 1262 Adbucilli
1280 1215 1373 1264 filii,
1403 1215 1476 1272 qui
1505 1213 1727 1271 Principa-

228 1286 324 1321 tum
362 1279 405 1322 in
443 1280 621 1322 civitate
662 1277 809 1323 multis
845 1280 965 1322 annis
1004 1278 1275 1325 obtinuerat,
1312 1273 1522 1333 singulari
1560 1273 1727 1315 virtute

227 1337 435 1389 homines,
459 1355 645 1396 quorum
667 1355 803 1398 opera
825 1340 970 1382 Caesar
991 1336 1193 1381 omnibus
1214 1334 1394 1377 Gallicis
1412 1331 1539 1376 bellis
1560 1333 1728 1391 optima

228 1396 549 1456 fortissimaque
572 1406 666 1441 erat
688 1414 804 1442 usus.
857 1398 939 1441 His
956 1397 1075 1440 domi
1092 1396 1150 1438 ob
1167 1395 1242 1437 has
1260 1409 1427 1436 caussas
1443 1391 1728 1450 amplissimos

231 1456 521 1514 Magistratus
541 1457 827 1501 mandaverat
847 1465 981 1515 atque
998 1473 1070 1499 eos
1090 1463 1216 1498 extra
1233 1452 1431 1496 ordinem
1452 1451 1496 1493 in
1516 1452 1729 1493 Senatum

228 1513 436 1574 legendos
464 1525 712 1566 curaverat,
746 1528 962 1576 agrosque
999 1517 1041 1557 in
1067 1514 1231 1561 Gallia,
1269 1527 1322 1553 ex
1352 1510 1546 1553 hostibus
1580 1518 1731 1568 captos

228 1575 494 1632 praemiaque
517 1575 580 1617 rei
604 1575 865 1633 pecuniariae
896 1589 1054 1630 inagna
1084 1571 1306 1614 tribuerat
1326 1568 1657 1626 locupletesque
1678 1585 1733 1612 ex

230 1633 463 1690 egentibus
500 1634 677 1675 fecerat.
745 1633 806 1675 Hi
846 1641 1031 1689 propter
1062 1631 1275 1672 virtutem
1314 1642 1400 1670 non
1435 1626 1575 1669 solum
1613 1628 1731 1685 apud

234 1692 448 1735 Caesarem
482 1692 525 1734 in
563 1691 728 1735 honore
765 1699 909 1740 erant,
948 1688 1022 1733 sed
1056 1688 1187 1731 etiam
1220 1686 1342 1746 apud
1375 1686 1613 1728 exercitum
1643 1686 1732 1728 cari

231 1751 530 1794 habebantur:
565 1750 639 1793 sed
663 1751 764 1794 freti
785 1750 977 1794 amicitia
1003 1748 1202 1797 Caesaris,
1234 1755 1278 1789 et
1310 1745 1446 1788 stulta
1469 1762 1518 1788 ac
1541 1746 1733 1788 barbara

232 1810 493 1867 adrogantia
519 1810 641 1861 elati,
680 1810 976 1870 despiciebant
1010 1824 1107 1851 suos
1139 1805 1497 1866 stipendiumque
1533 1805 1735 1863 equitum

235 1866 496 1913 fraudabant
523 1877 567 1913 et
601 1870 791 1929 praedam
827 1886 998 1913 omnem
1021 1867 1202 1911 domum
1224 1866 1498 1909 avertebant.
1565 1865 1736 1914 Quibus

232 1929 297 1972 illi
328 1930 459 1973 rebus
492 1931 677 1989 permoti
711 1930 903 1974 universi
926 1931 1143 1973 Caesarem
1177 1925 1382 1969 adierunt
1416 1918 1647 1982 palamque
1678 1924 1734 1966 de

235 2004 388 2032 eorum
424 1991 593 2049 injuriis
622 2000 724 2033 sunt
745 1990 912 2050 questi:
945 1998 990 2033 et
1011 1988 1067 2031 ad
1090 1998 1236 2031 cetera
1259 1984 1541 2031 addiderunt,
1577 1983 1734 2025 falsum

236 2048 294 2091 ab
315 2050 380 2092 his
400 2051 601 2109 equitum
633 2066 864 2094 numerum
894 2047 1074 2098 deferri,
1105 2061 1293 2105 quorum
1324 2042 1591 2102 stipendium
1611 2058 1734 2085 aver-

235 2118 394 2154 terent.

237 2187 247 2226 ¹5,
297 2170 369 2212 60.
404 2170 549 2212 Caesar
569 2185 712 2227 neque
734 2176 907 2227 tempus
940 2166 1050 2211 illud
1080 2162 1462 2209 animadversionis
1483 2178 1572 2205 esse
1592 2160 1737 2204 existi-

238 2245 373 2279 mans,
395 2235 441 2271 et
462 2229 602 2271 multa
622 2228 777 2272 virtuti
807 2241 960 2271 eorum
982 2225 1236 2275 concedens,
1267 2240 1361 2268 rem
1382 2231 1521 2266 totam
1540 2221 1734 2270 distulit;

288 2357 453 2397 Anfflextns
494 2355 803 2388 demonetmo-imus.
864 2354 955 2386 Ubi?
1020 2359 1116 2395 pulo,
1140 2353 1202 2385 etsi
1226 2352 1327 2383 codd.
1351 2357 1383 2383 et
1407 2351 1486 2382 edd.
1502 2354 1568 2381 vet.
1586 2348 1732 2379 obstent.

242 2400 353 2433 Haesit
375 2400 478 2432 etiam
503 2400 709 2432 ciacconius
732 2406 764 2431 et
781 2398 954 2431 Mai-clan-

241 2447 307 2477 dus
322 2445 355 2476 in
372 2445 542 2486 Explicat.
558 2451 638 2476 vett.
653 2450 743 2476 auct.
761 2455 795 2486 p.
809 2446 885 2476 274.
903 2445 953 2476 M.

243 2491 295 2521 De
313 2500 380 2521 uno
397 2490 513 2521 saltem
530 2499 641 2521 sermo
658 2495 707 2521 est
725 2500 756 2520 c.
773 2491 827 2521 41.

291 2537 498 2567 Acarnania.
545 2533 765 2565 Marciandns
783 2533 804 2564 l.
822 2543 855 2563 c.
871 2531 957 2573 legit

246 2579 436 2617 Candavia,
474 2577 557 2619 quia
588 2579 783 2610 Acarnania
819 2582 889 2608 erat
920 2576 954 2607 in

245 2623 388 2655 Caesaris
416 2627 598 2663 potestate:
642 2622 817 2654 Candavia
841 2626 957 2652 contra

245 2668 310 2699 sub
328 2666 507 2708 Pompeio.
548 2667 590 2698 V.
605 2677 636 2707 e.
659 2668 691 2696 11
710 2671 744 2696 et
762 2668 815 2696 79.
855 2665 956 2696 Conf.

243 2712 318 2744 Cic.
335 2713 375 2744 ad
394 2713 462 2743 Att.
480 2714 511 2749 3,
529 2713 560 2743 7.
575 2716 609 2742 et
626 2710 769 2742 Wessel.
785 2710 828 2741 ad
842 2709 955 2741 Itiner.

246 2757 383 2788 Hieros.
401 2767 433 2797 p.
451 2757 526 2787 607.

291 2802 434 2834 Fructus
454 2818 498 2824 ——
520 2800 732 2837 deficiebam.
792 2798 959 2836 Quaedam

246 2846 321 2877 edd.
338 2846 435 2887 frons
451 2846 623 2885 deficiebat
645 2855 664 2875 e
679 2844 882 2885 conjectura.
907 2843 959 2873 Μ.

246 2890 322 2920 Hoc
354 2889 484 2931 recepit
512 2887 685 2920 Davisius.
731 2887 853 2919 Clarke
877 2897 958 2918 cum

246 2932 376 2967 Faerno
396 2934 537 2977 frondes
551 2950 595 2967 ψ·
609 2933 818 2976 deficiebant.
854 2936 958 2971 recte,

1021 2398 1112 2437 Quid
1143 2397 1233 2429 enim
1257 2397 1391 2437 fructus
1417 2395 1459 2427 ad
1487 2404 1586 2436 equos
1598 2396 1610 2424 Ρ
1647 2403 1735 2433 quos

1021 2453 1102 2475 mox
1117 2442 1210 2474 foliis
1224 2441 1382 2473 arborum
1398 2440 1444 2471 ali
1461 2439 1604 2471 dixerat.
1641 2438 1732 2468 Istud

1012 2488 1110 2530 fron-e
1134 2487 1245 2518 forsan
1271 2496 1311 2517 ex
1336 2484 1478 2526 antiquo
1496 2483 1599 2523 fmms
1621 2486 1733 2512 ortum

1022 2531 1212 2573 suspicatur
1236 2530 1328 2562 Oud.
1344 2530 1436 2570 quod
1455 2529 1542 2559 idem
1565 2525 1667 2557 etiam
1683 2525 1733 2557 vi-

1021 2587 1095 2609 sum
1114 2575 1238 2607 Vossio
1255 2575 1296 2605 de
1311 2574 1447 2614 analog.
1468 2575 1494 2611 1,
1513 2573 1566 2601 33.

1070 2622 1113 2653 In
1129 2622 1270 2651 cit-itate.
1292 2618 1351 2649 alii
1369 2621 1404 2649 in
1419 2620 1599 2648 viritatem.

1069 2665 1304 2698 Frawlabam.
1350 2662 1404 2694 Sic
1428 2662 1518 2703 apud
1544 2659 1681 2691 Livium
1702 2660 1734 2697 4,

1026 2712 1078 2741 19.
1100 2710 1199 2741 codd.
1215 2708 1353 2749 quidam
1379 2705 1576 2743 fraudando
1598 2709 1733 2745 partem

1022 2755 1178 2787 diuturni
1193 2754 1264 2783 cibi.
1311 2750 1380 2782 Alii
1400 2752 1513 2781 forsan
1535 2748 1661 2780 rectius
1676 2751 1735 2781 sci-

1018 2799 1141 2841 penrlio
1154 2795 1514 2839 equites-fra.wlabam.

1073 2844 1200 2878 Quibus
1230 2842 1280 2874 ilci
1311 2840 1407 2873 rebus
1429 2857 1487 2872 —.

1022 2889 1085 2921 idi.
1108 2888 1158 2920 M.

1539 2837 1735 2871 Deleverim
