1946 3261
625 196 744 241 LIB.
777 196 814 240 I.
878 197 1017 242 CAP.
1049 197 1240 242 33——36.
1586 199 1674 241 283

183 339 284 367 cum
321 322 386 368 his
419 327 530 386 agit,
562 341 616 370 ne
646 326 819 369 initium
855 325 1069 368 inferendi
1100 325 1207 369 belli
1243 326 1301 370 ab
1335 324 1678 369 Massiliensibus

181 383 370 426 oriatur:
407 391 436 410 ⁶⁶
456 385 615 429 debere
638 402 710 429 eos
732 385 871 428 Italiae
890 383 1023 427 totius
1043 385 1354 429 auctoritatem
1370 384 1493 444 sequi
1515 385 1680 443 potius,

185 450 216 468 ‘⁶
240 459 373 501 quam
409 445 536 503 unius
572 444 754 488 hominis
791 443 1010 487 voluntati
1053 444 1399 503 obtemperare.'’
1473 443 1680 502 Reliqua,

184 517 281 560 quae
301 502 358 545 ad
378 518 529 547 eorum
550 503 758 546 sanandas
787 511 953 546 mentes
973 502 1195 562 pertinere
1216 504 1535 554 arbitrabatur,
1569 519 1683 546 com-

184 570 411 604 memorat.
478 563 614 619 Cujus
649 562 891 605 orationem
920 561 1056 621 legati
1085 560 1264 605 domum
1296 563 1516 612 referunt;
1547 571 1684 621 atque

184 636 239 662 ex
259 620 524 664 auctoritate
545 621 636 663 liaec
660 621 821 664 Caesari
848 621 1130 664 renunciant:
1167 629 1196 648 ⁶⁶
1217 621 1474 680 intellegere
1495 638 1555 672 se,
1576 622 1686 666 divi-

188 685 218 705 ‘⁶
238 696 334 722 sum
364 695 453 723 esse
489 680 713 739 Populum
748 680 994 724 Romanum
1028 681 1071 723 in
1106 688 1255 739 partes
1288 679 1417 729 duas;
1450 696 1589 738 neque
1619 682 1687 724 sui

187 744 218 764 ‘⁶
236 736 407 796 judicii,
445 755 585 798 neque
618 755 794 782 suarum
831 756 919 783 esse
951 739 1127 789 virium,
1167 739 1416 789 decernere,
1447 748 1551 781 utra
1584 756 1687 798 pars

186 797 465 856 “justiorem
505 798 666 842 habeat
715 814 930 842 caussam:
985 798 1209 858 principes
1249 815 1356 842 vero
1407 815 1494 841 esse
1536 814 1688 842 earum

186 863 217 883 ⁶⁶
242 857 439 915 partium
462 858 545 902 Cn.
572 857 830 916 Pompeium
851 867 897 901 et
920 858 973 902 C.
997 859 1229 908 Caesarem,
1252 866 1457 917 patronos
1474 856 1688 906 civitatis;

186 923 217 943 ‘⁶
240 932 432 975 quorum
449 917 563 960 alter
582 932 711 976 agros
732 917 970 961 Volcarum
986 917 1347 962 Arecomicorum
1360 926 1405 960 et
1425 915 1688 960 Helviorum

186 982 217 1002 ‘⁶
241 992 302 1035 pu
338 976 419 1019 lice
437 976 487 1020 iis
504 977 785 1020 concesserit:
819 977 931 1020 alter
947 976 1067 1020 bello
1084 977 1222 1020 victas
1242 976 1407 1020 Gallias
1423 975 1691 1019 adtribuerit

187 1043 218 1062 ⁶⁶
241 1051 294 1078 ve
347 1035 567 1096 igaliaque
608 1037 792 1079 auxerit.
874 1037 1023 1086 Quare
1060 1037 1244 1095 paribus
1282 1052 1433 1079 eorum
1473 1033 1691 1078 beneficiis

190 1100 220 1120 ‘⁶
242 1110 394 1153 parem
422 1112 466 1139 se
488 1111 668 1155 quoque
690 1096 964 1138 voluntatem
992 1095 1190 1140 tribuere
1224 1095 1384 1140 debere
1407 1102 1452 1137 et
1482 1103 1691 1138 neutrum

189 1161 219 1180 ‘⁶
243 1169 394 1198 eorum
430 1164 584 1199 contra
613 1154 804 1198 alterum
835 1155 990 1213 juvare
1024 1164 1102 1198 aut
1138 1156 1248 1200 urbe
1281 1163 1358 1199 aut
1390 1153 1594 1212 portibus
1624 1170 1691 1197 re-

190 1220 221 1240 ‘⁶
246 1213 436 1272 cipere.’'

247 1273 322 1316 36.
357 1272 465 1316 Haec
497 1272 604 1316 dum
637 1273 751 1316 inter
784 1289 856 1317 eos
878 1282 1089 1333 aguntur,
1123 1272 1344 1317 Domitius
1366 1272 1550 1316 navibus
1574 1271 1691 1315 Mas-

189 1331 329 1374 siliam
378 1332 581 1391 pervenit
631 1340 780 1389 atque,
824 1333 882 1376 ab
926 1333 976 1376 iis
1026 1342 1242 1391 receptus,
1283 1333 1385 1375 urbi
1438 1331 1690 1390 praeficitur.

193 1392 374 1434 Summa
412 1391 453 1433 ei
490 1391 598 1434 belli
632 1391 969 1434 administrandi
1007 1391 1298 1450 permittitur.
1362 1391 1469 1448 Ejus
1509 1390 1693 1449 imperio

189 1450 365 1493 classem
396 1466 725 1508 quoquoversus
753 1451 1007 1493 dimittunt:
1043 1449 1261 1492 onerarias
1292 1464 1438 1498 naves,
1470 1465 1577 1507 quas
1597 1449 1693 1492 ubi-

223 1526 276 1552 ue
294 1518 488 1568 possunt,
503 1509 838 1568 deprehendunt
852 1517 985 1567 atque
1003 1510 1047 1550 in
1065 1516 1243 1566 portum
1259 1507 1504 1551 deducunt:
1537 1524 1693 1567 parum

190 1525 323 1611 {flavis
359 1576 436 1610 aut
469 1569 654 1610 materia
691 1578 824 1636 atque
855 1567 1132 1610 armamentis
1164 1566 1385 1609 instructis
1423 1567 1479 1610 ad
1502 1567 1696 1625 reliquas

190 1626 420 1670 armandas
451 1625 792 1684 reficiendasque
825 1635 1033 1668 utuntur:
1078 1625 1286 1668 frumenti
1317 1625 1438 1683 quod
1468 1627 1695 1670 inventum

191 1694 272 1736 est,
308 1686 351 1728 in
388 1686 611 1744 publicum
643 1686 894 1728 conferunt:
930 1685 1121 1744 reliquas
1150 1700 1313 1727 merces
1342 1694 1695 1743 commeatusque

189 1745 245 1789 acl
266 1745 536 1788 obsidionem
566 1744 703 1794 urbis,
739 1745 772 1786 si
803 1742 989 1794 accidat,
1027 1753 1265 1787 reservant.
1332 1744 1502 1794 Quibus
1525 1744 1693 1803 injuriis

190 1813 415 1864 permotus
453 1805 616 1853 Caesar,
656 1804 849 1862 legiones
886 1811 975 1847 tres
1015 1803 1261 1846 Massiliam
1298 1803 1501 1853 adducit;
1550 1812 1693 1847 turres

191 1864 425 1922 vineasque
444 1863 500 1906 ad
515 1863 886 1922 obpugnationem
900 1863 1022 1907 urbis
1038 1880 1184 1922 agere,
1200 1879 1329 1905 naves
1344 1863 1496 1922 longas
1513 1863 1693 1906 Arelate

190 1939 372 1966 numero
392 1922 623 1966 duodecim
645 1923 786 1965 faeere
806 1922 1011 1966 instituit.
1058 1923 1229 1973 Quibus
1245 1923 1409 1965 effectis
1425 1923 1692 1980 armatisque

190 1982 347 2026 diebus
368 1982 569 2040 triginta,
599 1999 624 2024 a
646 1998 733 2040 qua
753 1982 823 2025 die
845 1983 1028 2026 materia
1050 1999 1155 2026 caesa
1176 1991 1240 2026 est
1262 1982 1550 2040 adductisque
1575 1982 1691 2025 Mas-

195 2127 359 2170 praefuere
373 2126 593 2168 quindecim:
627 2126 682 2158 his
702 2137 815 2159 rursus
830 2132 908 2159 tres.

196 2172 316 2204 Strabo
333 2174 366 2203 4.
390 2183 469 2214 pag.
491 2172 564 2203 179.
594 2172 739 2203 Vossius.
787 2171 908 2203 Simile

194 2216 277 2258 quid
291 2222 342 2249 est
358 2216 393 2247 in
410 2216 485 2248 Cic.
505 2227 564 2258 pro
586 2216 688 2247 Rosc.
704 2215 778 2246 Am.
797 2217 830 2255 9,
846 2216 908 2248 ubi

194 2262 309 2293 decem
337 2263 443 2303 primi
468 2266 662 2292 occurrunt.
695 2261 909 2292 Ciaccom'us.

197 2306 294 2338 Adde
312 2305 453 2337 Lucian.
471 2304 504 2336 in
520 2304 647 2337 Toxari
663 2314 693 2335 c.
708 2308 751 2336 24
767 2309 801 2336 et
818 2306 871 2336 26.

245 2351 302 2381 Em
329 2352 536 2382 auctoritato.
584 2350 737 2381 Senatus.
792 2349 843 2380 De
876 2358 911 2379 re

979 2133 1089 2160 tamon
1106 2127 1265 2159 Clarkius
1277 2135 1311 2159 et
1326 2127 1594 2169 Oudendorpius
1609 2139 1693 2160 con-

974 2172 1140 2216 jecturam
1176 2172 1392 2214 Glandorpii‚
1421 2176 1521 2205 victos
1553 2174 1693 2215 Salyas,

976 2217 1035 2258 qui
1054 2216 1161 2249 vicini
1180 2217 1457 2249 Massiliensibus
1473 2217 1615 2249 fuerunt.
1642 2219 1692 2249 M.

978 2262 1104 2293 Forsan
1155 2262 1284 2302 Sallyas·
1331 2262 1515 2303 scripserat
1563 2262 1691 2293 Caesar.

979 2306 1106 2338 Saltem
1137 2306 1272 2347 duplici
1300 2307 1470 2338 elemento
1495 2316 1691 2348 expressum

979 2351 1063 2382 olim
1091 2361 1227 2382 nomen.
1262 2350 1479 2383 V.1101s20n.
1503 2352 1545 2382 ad
1572 2350 1690 2391 steph.

199 2393 270 2425 vid.
289 2393 357 2425 Dio
373 2394 471 2426 Cass.
488 2396 543 2433 41,
563 2396 613 2426 19.
639 2394 689 2424 M.

245 2439 439 2470 Demere.
456 2438 570 2481 Vulgo
577 2439 772 2470 discernere.
786 2437 911 2469 Emen-

198 2481 292 2515 davit
305 2482 454 2514 Gronov.
470 2482 558 2514 Obs.
577 2485 610 2521 3,
632 2484 683 2513 13.
703 2493 737 2523 p.
753 2484 829 2513 547.

251 2527 336 2559 Volo.
354 2527 508 2558 Arecom.
554 2526 656 2558 Conf.
674 2528 705 2564 6,
722 2529 775 2558 94.
800 2527 851 2558 M.

248 2571 296 2602 Iis
323 2573 528 2603 concesserit.

200 2626 237 2658 p.
251 2617 328 2646 266.
343 2614 429 2657 legit
443 2615 518 2646 sibi.

253 2660 361 2691 Victus
377 2660 519 2691 Galcias.
565 2659 643 2691 Non
659 2660 810 2701 adparet,
825 2669 912 2700 quo-

200 2704 307 2736 modo
323 2703 443 2736 Galliae
460 2702 583 2735 fuerint
594 2703 775 2735 adtributae
789 2702 912 2735 Massi-

201 2747 383 2780 liensibus.
431 2747 604 2786 Quamdiu
626 2759 708 2779 vero
732 2757 801 2779 non
828 2758 913 2779 con-

200 2797 278 2832 stat,
302 2803 364 2824 nec
392 2793 436 2823 de
451 2802 499 2831 re,
524 2792 567 2823 ad
592 2802 693 2833 quam
717 2791 912 2834 respicitur,

201 2847 264 2869 nec
288 2838 330 2869 de
356 2835 516 2875 lectione,
543 2836 610 2876 (est
637 2841 753 2868 autem
784 2835 819 2868 in
843 2847 911 2868 uno

201 2881 281 2914 cod.
303 2884 474 2914 attriverit
497 2891 558 2923 pro
587 2881 821 2918 adtribuerith
852 2881 912 2913 vix

200 2926 318 2960 locum
341 2926 488 2959 habebit
510 2925 717 2959 emendatio.
762 2925 913 2960 Probant

582 2571 801 2603 Marclandus
828 2571 852 2602 1.
880 2581 912 2602 c.

980 2396 1021 2427 de
1038 2395 1113 2427 urb.
1129 2406 1162 2436 p.
1179 2397 1255 2426 278.
1279 2396 1419 2427 Salmas.
1438 2395 1690 2427 Exe1-cit.Plin.

980 2450 1014 2481 p.
1033 2442 1086 2471 66.
1125 2440 1363 2472 Hotomannus
1378 2439 1587 2481 conjiciebat
1601 2442 1691 2471 victa

984 2485 1098 2516 Gallae'a
1117 2484 1172 2515 vel
1187 2485 1371 2516 adm-iverit.

1026 2530 1160 2561 Parum
1174 2530 1287 2561 clavis.
1336 2529 1470 2560 Vitiosa
1497 2526 1690 2559 emendatio

979 2577 1030 2604 est
1053 2584 1177 2605 earum
1203 2584 1264 2614 pro
1282 2584 1421 2615 parum.
1469 2571 1617 2603 Omnino
1632 2571 1692 2602 de-

981 2616 1176 2649 scribuntur
1191 2628 1307 2655 naves,
1321 2622 1490 2649 vetustate
1504 2616 1692 2657 conlapsae,

977 2672 1121 2703 quarum
1134 2661 1353 2693 instrumenta
1365 2661 1488 2693 adtrita
1499 2665 1605 2692 erant.
1633 2659 1690 2691 Sic

979 2717 1084 2738 naves
1099 2717 1218 2748 parum
1235 2707 1406 2738 instructae
1417 2710 1522 2736 erant.
1540 2705 1590 2736 M.
1620 2705 1690 2737 Da-

978 2750 1044 2782 vis.
1055 2751 1152 2782 malit
1162 2752 1286 2782 harum
1297 2752 1401 2782 clavi-s·
1412 2755 1441 2780 et
1455 2751 1600 2781 materia
1612 2759 1646 2781 a.
1655 2760 1691 2780 a.

978 2797 1142 2828 instructi.
1166 2795 1249 2826 Inde
1261 2794 1352 2825 Oud.
1366 2793 1432 2834 legi
1442 2794 1560 2825 suadet
1566 2804 1691 2836 parum

979 2856 1024 2862 —
1038 2842 1190 2872 instructi
1206 2841 1246 2870 iis
1266 2840 1313 2871 αιι
1331 2840 1391 2870 rel.
1440 2839 1507 2870 Pro
1522 2839 1693 2871 instructis·

981 2884 1001 2915 J
1007 2883 1135 2916 urinius
1151 2882 1218 2922 legi
1233 2884 1306 2915 vult
1320 2884 1478 2916 detracti-s
1492 2883 1548 2914 vel
1562 2888 1693 2915 extrac-

979 2931 1036 2961 cis.-
1054 2928 1136 2960 dein
1149 2928 1196 2960 ad
1210 2929 1354 2971 reliquas
1366 2929 1484 2970 {onyas
1494 2928 1696 2961 armandas.
