1946 3261
722 182 837 227 LIB.
898 181 1039 226 CAP.
1071 181 1199 225 5—8.
1591 181 1675 225 545

190 312 321 356 tatus,
353 307 513 366 partim
547 306 623 350 ubi
652 307 860 366 pedestris
892 308 1035 375 copia
1049 307 1092 350 in
1118 307 1301 350 statione
1329 315 1373 351 et
1401 305 1444 349 in
1464 305 1671 350 excubitu

191 365 340 408 castris
362 366 559 433 praesidio
576 383 662 409 esse
679 376 864 426 possent.
920 366 1035 410 Hic
1025 383 1068 409 1n
1086 366 1275 409 adventu
1295 365 1488 425 Pompeii
1504 365 1671 433 incidit,

189 431 238 466 ut
258 425 471 469 matutino
493 434 684 483 tempore
715 425 872 468 nebula
893 433 1001 468 esset
1021 425 1286 467 crassissima.
1351 424 1543 482 Itaque
1533 440 1576 467 111
1596 424 1672 467 illa

190 483 494 527 obscuratione
528 500 623 526 cum
647 484 818 551 aliquot
847 482 1095 526 coh01tibus
1122 491 1166 525 et
1195 484 1391 540 equitum
1420 483 1573 526 turmis
1593 483 1675 526 cir-

187 542 469 608 cumcludunt
493 542 671 585 Caesaris
700 543 866 600 equites
897 551 942 585 et
971 540 1220 591 concidunt,
1252 558 1326 591 sm,
1359 549 1409 583 ut
1441 543 1514 585 vix
1545 541 1589 585 in
1621 557 1672 585 ea

186 598 301 643 caede
353 600 448 642 auci
469 600 727 657 effuge1ffent

247 658 286 701 7.
346 659 567 715 nsequenti
588 667 713 700 nocte
745 667 883 701 castra
909 675 983 701 sua
1016 656 1203 701 incendit
1235 657 1466 715 Pompeius
1488 666 1531 700 et
1552 666 1668 701 trans

185 715 343 759 flumen
358 717 530 759 Salsum
549 732 629 775 per
647 717 860 760 convalles
873 727 1011 760 castra
1027 717 1140 760 inter
1157 716 1244 758 duo
1260 715 1438 774 oppida,
1454 717 1672 773 Ateguam

184 781 230 817 et
253 774 495 824 Ucubim,
486 790 527 817 m
550 784 694 818 monte
725 776 962 819 constituit.
1027 776 1171 818 Caesar
1203 775 1246 817 in
1274 774 1584 817 munitionibus
1605 791 1670 817 ce-

183 833 390 901 terisque,
409 850 506 891 quae
526 833 582 876 ad
602 834 817 901 oppidum
837 834 1177 892 obpugnandum
1198 851 1304 893 opus
1325 833 1520 883 fuerunt,
1542 848 1672 891 agge-

183 907 275 935 rem
296 893 528 951 vineasque
562 909 690 950 agere
723 894 920 936 instituit.
987 893 1093 935 Haec
1121 893 1214 935 loca
1245 901 1345 935 sunt
1374 900 1600 935 montuosa
1627 900 1673 934 et

183 959 342 994 natura
360 951 478 994 edita
497 951 554 994 ad
571 968 661 994 rem
680 952 931 1001 militarem;
965 968 1061 1009 quae
1079 951 1256 1009 planitie
1272 950 1527 994 dividuntur
1547 950 1671 993 Salso

183 1009 372 1059 flumine,
395 1011 590 1068 proxime
620 1020 763 1053 tamen
794 1012 1030 1069 Ateguam,
1054 1019 1104 1052 ut
1131 1010 1186 1052 ad
1208 1010 1364 1052 flumen
1393 1009 1476 1051 sint
1499 1009 1673 1052 circiter

259 1084 385 1111 suum
405 1069 494 1113 duo
516 1069 646 1111 milia.
711 1070 779 1112 Ex
796 1086 844 1112 ea
866 1048 1040 1127 regione
1062 1069 1242 1127 oppidi
1233 1084 1276 1111 ln
1296 1068 1515 1111 montibus
1534 1077 1674 1111 castra

180 1084 333 1170 iiabuit
352 1127 631 1186 Pompeius,
622 1144 664 1170 in
683 1137 915 1194 conspectu
937 1136 1007 1170 uti
1010 1144 1059 1170 01
1063 1143 1218 1185 umque
1236 1127 1512 1185 oppidorum,
1530 1142 1672 1184 neque

181 1186 267 1228 suis
294 1202 420 1229 ausus
451 1196 514 1230 est
542 1186 731 1230 subsidio
754 1202 913 1229 venire.
978 1186 1160 1243 Aquilas
1192 1195 1236 1228 et
1269 1186 1388 1243 signa
1409 1184 1563 1227 habuit
1585 1195 1673 1228 tre-

135 1281 139 1286 .
181 1243 322 1287 decim
349 1245 589 1304 legionum:
621 1245 711 1294 sed,
740 1262 793 1288 ex
815 1245 974 1303 quibus
996 1244 1164 1302 aliquid
1186 1223 1442 1287 firmamenti
1463 1260 1505 1286 se
1528 1244 1672 1287 existi-

181 1304 330 1346 mabat
350 1282 526 1352 ha⁰bere‚
548 1304 645 1347 duae
662 1305 757 1346 fuer
763 1314 840 1347 unt
856 1304 1113 1353 vernaculae,
1137 1320 1235 1361 quae
1253 1319 1277 1345 a
1296 1303 1515 1347 Trebonio
1537 1311 1672 1346 trans-

181 1362 407 1421 fugerant;
443 1379 542 1413 una,
565 1363 677 1405 facta
705 1379 758 1404 ex
779 1363 971 1411 coloniis,
1007 1378 1102 1420 quae
1130 1362 1308 1404 fuerunt
1339 1362 1381 1404 in
1404 1362 1467 1403 his
1489 1362 1671 1419 regioni-

181 1421 287 1470 bus;
319 1437 431 1480 quar
435 1431 478 1464 ta
497 1422 579 1464 fuit
598 1421 837 1464 Afraniana
855 1438 906 1463 cx
923 1421 1088 1470 Africa,
1106 1436 1236 1478 quam
1253 1436 1395 1463 secum
1410 1421 1673 1468 adduxerat;

182 1480 362 1538 reliquae
392 1496 445 1523 ex
467 1480 661 1539 fugitivis
691 1480 919 1523 auxiliares
947 1480 1256 1522 consistebant:
1294 1495 1402 1530 nam,
1425 1479 1479 1522 de
1502 1479 1588 1522 levi
1608 1495 1675 1522 ar-

182 1547 354 1582 matura
387 1550 431 1581 et
460 1540 674 1597 equitatu,
709 1540 834 1597 longe
863 1547 907 1581 et
929 1539 1094 1581 virtute
1123 1548 1168 1580 et
1190 1554 1367 1581 numero
1391 1538 1527 1581 nostri
1548 1548 1674 1580 erant

181 1598 434 1656 superiores.

239 1657 282 1698 8.
318 1657 568 1700 Accedebat
595 1656 695 1706 hue,
732 1666 780 1699 ut
815 1656 983 1714 longius
1017 1656 1180 1699 bellum
1209 1655 1392 1698 duceret
1426 1655 1673 1714 Pompeius,

181 1715 299 1773 quod
327 1715 418 1758 loca
438 1724 536 1758 sunt
569 1716 686 1758 edita
714 1724 757 1757 et
784 1714 840 1757 ad
869 1724 1110 1758 castrorum
1139 1714 1394 1758 munitiones
1415 1729 1499 1756 non
1520 1730 1673 1772 parum

179 1773 349 1818 idonea.
416 1775 532 1817 Nam
558 1774 647 1817 fere
674 1774 807 1817 totius
839 1774 1057 1816 ulterioris
1081 1773 1300 1830 Hispaniae
1323 1772 1458 1830 regio,
1489 1781 1672 1831 propter

178 1841 308 1877 terrae
338 1832 666 1883 fecunditatem,
698 1833 871 1892 inopem
898 1832 1202 1889 difficilemque
1224 1831 1355 1874 habet
1383 1832 1672 1889 obpugnatio-

227 1961 390 1993 palestrae
407 1963 516 2002 copicz.
553 1959 607 1991 Sic
629 1959 740 1991 Daris.
755 1971 774 1990 e
788 1959 887 1991 codd.

181 2003 286 2036 Norv.
336 2005 447 2045 Vulgo
461 2005 621 2046 pedestres
637 2007 754 2045 copiae.

229 2048 514 2080 Circumclmlzmt.
576 2047 787 2087 Ambiguum
826 2052 889 2083 est,

180 2097 293 2123 utrum
307 2091 508 2132 Pompeiani
521 2091 662 2123 Caesaris
679 2091 808 2132 equites
823 2091 889 2122 cir-

181 2136 434 2174 cumcluserint,
475 2146 516 2166 an
562 2134 742 2166 Caesariani
787 2136 888 2166 Pom-

180 2179 332 2222 peianos.
378 2183 420 2211 At
442 2190 520 2210 cum
548 2179 790 2220 praecedentia,
815 2184 886 2210 tum

180 2224 429 2266 subsequentia,
460 2223 570 2265 mag-is
598 2229 753 2264 arguunt,
786 2223 887 2254 Pom-

181 2268 324 2310 peianos
346 2278 366 2299 a
391 2267 591 2299 Caesarianis
619 2267 775 2298 concisos
800 2277 885 2298 csse.

181 2311 288 2343 Modo
307 2311 399 2343 enim
422 2311 483 2349 ait,
506 2311 643 2342 castella
665 2321 684 2341 a
702 2310 831 2342 Caesare
850 2310 884 2341 in

181 2356 248 2387 hoc
263 2361 435 2406 occupafa
451 2366 534 2394 esse,
552 2361 588 2386 ut
606 2354 762 2395 Pompeii
781 2353 886 2386 insul-

179 2405 254 2431 tum
290 2397 504 2440 reprimeret:
548 2409 627 2430 mox
665 2398 885 2440 subjungitur,

181 2443 386 2484 Pompeium
402 2443 539 2485 fugisse,
552 2444 644 2484 quod
661 2443 800 2474 minime
818 2443 884 2473 l'ne-

180 2493 277 2519 turus
293 2487 410 2526 fuerat,
433 2487 461 2518 si
484 2487 724 2529 qualicumque
746 2487 886 2518 victoria

182 2531 421 2574 potitusesset.
440 2532 667 2563 Rheclicanus.
693 2530 805 2568 Quare
821 2530 884 2562 sub

180 2574 317 2607 initium
350 2574 478 2616 periodi
510 2575 648 2615 legetur,
682 2585 759 2606 eam
789 2575 885 2614 (non,

181 2620 273 2659 cum)
286 2621 412 2660 aliquot
422 2620 494 2650 coh.
508 2624 544 2650 ut
556 2618 732 2650 Goduinus
743 2618 885 2649 monuit.

182 2663 261 2702 Sed,
277 2663 304 2694 si
322 2663 378 2693 hic
397 2672 516 2694 sensus
530 2667 591 2694 est.
609 2663 709 2703 plane
725 2667 886 2704 repugnat

182 2707 261 2739 loco
287 2706 409 2740 Dionis
431 2706 526 2738 Cass.
548 2708 602 2743 43,
625 2709 676 2738 33.
706 2705 762 2747 qui
783 2707 882 2737 Pom-

182 2751 264 2792 peio
276 2750 423 2784 feliciter
436 2749 578 2781 cessisse
592 2756 751 2781 conatum
764 2758 884 2781 narrat.

229 2840 392 2881 Ayyerem
403 2842 585 2881 vineasque
597 2850 710 2882 aqere.
741 2837 796 2870 Cf.
812 2842 884 2870 not.

182 2883 226 2914 ad
241 2883 283 2915 G.
301 2887 333 2923 2,
354 2886 403 2915 12.
421 2884 461 2915 A.
480 2884 532 2916 73.

1007 1959 1144 1990 Natura
1173 1958 1263 1990 edita
1302 1958 1346 1990 ad
1375 1969 1447 1989 rem
1476 1958 1667 1989 ‘'nititur-em.

960 2003 1035 2033 lIoc
1056 2003 1127 2044 ipsc
1145 2002 1291 2042 scriptor
1306 2013 1337 2033 c.
1354 2004 1373 2032 8
1394 2002 1557 2043 explicat,
1584 2002 1665 2033 dum

959 2047 1094 2088 plenius
1109 2045 1204 2077 dicit.
1231 2046 1280 2076 M.

1010 2091 1216 2121 sernacu'ae.
1254 2088 1378 2122 Caesari
1396 2088 1516 2120 victori
1533 2089 1663 2122 tradita>

957 2141 1051 2165 erant
1070 2134 1127 2172 (de
1143 2134 1183 2164 Β.
1200 2134 1239 2164 C.
1257 2138 1289 2172 Q,
1305 2135 1374 2173 20),
1395 2133 1454 2175 qui
1471 2133 1522 2164 eis
1538 2134 1663 2175 Longi-

958 2188 1035 2209 num
1055 2177 1203 2219 praefecit
1219 2183 1262 2216 et,
1287 2177 1351 2209 hoc
1370 2182 1519 2216 mortuo,
1533 2177 1663 2209 Trebo-

957 2222 1073 2253 nium:
1111 2231 1132 2252 a
1160 2232 1226 2262 quo
1258 2222 1452 2253 defecerunt
1485 2228 1520 2252 et
1550 2232 1663 2253 rursus

956 2275 1108 2297 caussam
1133 2266 1291 2307 Pompeii
1313 2265 1401 2298 tueri
1429 2272 1661 2306 susceperunt.

957 2310 1023 2341 Dio
1048 2310 1141 2341 Cass.
1166 2311 1220 2347 43,
1247 2312 1299 2341 29.
1326 2311 1376 2341 M.
1432 2309 1586 2341 Jurinius
1612 2310 1661 2340 le-

953 2355 1100 2395 gendum
1118 2359 1213 2394 putat
1228 2354 1304 2385 duoe
1311 2354 1453 2394 fuerunt
1468 2353 1557 2391 (scil.
1569 2360 1660 2384 vete-

955 2397 1070 2437 ranae),
1093 2407 1171 2440 quae
1193 2408 1215 2429 a
1238 2397 1393 2429 Trebonio
1409 2397 1658 2437 tramsfuqerant

953 2442 1003 2475 (v,
1018 2444 1058 2474 A.
1076 2442 1131 2481 64)
1155 2447 1185 2473 et
1202 2443 1394 2478 vernacula,
1416 2441 1457 2472 de
1479 2451 1545 2482 qua
1561 2440 1657 2472 dein-

952 2497 1031 2528 ceps
1047 2497 1078 2517 c.
1099 2488 1150 2518 10.
1172 2487 1219 2517 12.
1236 2489 1290 2518 20.

1002 2530 1211 2572 Exqfuyitivis
1222 2531 1406 2562 ant-villares
1416 2532 1544 2561 consist.
1573 2529 1656 2560 Rar-

953 2574 1034 2605 bara
1045 2573 1315 2615 locutio,judice
1331 2573 1516 2604 Dodwello.
1534 2573 1653 2604 Davis.

954 2618 1050 2649 malit
1064 2621 1110 2650 in.
1159 2617 1221 2648 Sed
1238 2617 1435 2658 praepositio
1460 2623 1574 2656 posset
1589 2616 1651 2648 ab-

951 2673 1035 2694 esse.
1080 2661 1187 2693 Jurin.
1203 2662 1258 2692 dat
1277 2672 1318 2692 ea:
1330 2661 1483 2703 suyice'vis
1504 2666 1534 2692 et
1554 2662 1652 2692 aua-2·-

950 2707 1094 2738 lim-ibus
1107 2706 1311 2737 constabant.

996 2752 1049 2782 De
1062 2751 1125 2781 leri.
1140 2753 1332 2786 armatura,
1353 2748 1443 2789 quod
1460 2746 1586 2780 adtinet
1602 2747 1652 2779 le-

950 2805 1025 2826 vem
1039 2799 1155 2825 armat.
1179 2793 1229 2824 M.

996 2840 1138 2880 Propter
1162 2840 1259 2868 terroe
1276 2836 1526 2877 fecunditatem.
1570 2835 1651 2867 Mo-

952 2882 1026 2915 nuit
1050 2880 1222 2919 Davisius,
1243 2886 1414 2922 praeeunte
1441 2879 1534 2956 {⁸⁴¹1ss
1526 2891 1574 2920 ιο,
1597 2882 1652 2913 in-

1404 2927 1423 2956 2
