1946 3261
211 244 300 293 334
665 243 750 288 DE
783 242 986 287 BELLO
1020 235 1233 288 CIVILIL
1269 236 1274 239 ’

215 383 247 402 “
270 373 405 418 Ducis
423 380 467 415 et
488 371 642 431 capitis
662 370 956 415 deminutione
976 370 1198 414 sublatum
1232 378 1311 414 θεῖς
1374 371 1453 420 At,
1475 369 1623 422 credo,
1655 364 1690 411 si

218 442 248 460 ‘⁶
273 435 484 476 Caesarem
523 431 734 489 probatis,
776 431 819 474 in
850 430 1200 482 me-obfenditis,
1237 430 1311 488 qui
1341 429 1396 472 de
1424 430 1528 472 meis
1549 429 1592 472 in
1613 437 1689 470 vos¹

214 500 245 519 ‘⁶
265 490 426 534 meritis
447 489 762 549 praedicaturus
782 505 866 532 non
886 506 995 539 sum,
1026 497 1125 547 'quae
1154 497 1255 531 sunt
1276 487 1417 532 adhuc
1438 496 1482 530 et
1502 503 1595 530 mea
1615 501 1689 530 vo-

210 558 241 577 “
264 550 434 595 luntate
473 557 519 592 et
557 557 703 592 vestra
738 549 1060 607 exspectatione
1101 548 1291 597 leviora;
1323 547 1397 590 sed
1437 556 1582 590 tamen
1621 543 1687 588 sui

201 615 241 635 “‘
265 608 425 652 laboris
443 608 602 651 milites
621 623 789 666 semper
810 617 970 650 eventu
991 607 1097 650 belli
1119 607 1294 665 praemia
1311 607 1587 666 petiverunt:
1611 604 1689 664 qui

212 675 242 694 “
265 667 406 726 qualis
424 667 480 710 sit
499 667 690 717 futurus,
728 682 779 709 ne
800 683 876 710 vos
910 666 1089 724 quidem
1111 666 1335 709 dubitatis.
1400 664 1687 724 Diligentiam

210 734 240 754 ‘⁶
262 726 440 784 quidem
459 734 663 776 nostram,
703 735 780 768 aut
801 742 929 784 quem
962 725 1016 768 ad
1048 724 1175 768 finem
1207 725 1344 768 adhuc
1373 741 1441 768 res
1463 723 1688 783 processit,

210 791 241 815 ‘⁶
261 787 570 843 fortunamque
599 801 678 828 cur
709 790 994 843 praeteream?
1047 785 1119 826 An
1149 785 1333 842 poenitet
1353 799 1443 836 vos,
1464 782 1584 840 quod
1605 780 1688 824 sal-

209 851 240 871 “
264 860 367 889 vum
385 853 518 902 atque
540 845 797 887 incolumem
818 844 1073 893 exercitum,
1108 843 1229 886 nulla
1258 843 1432 885 omnino
1453 857 1560 884 nave
1579 840 1690 884 desi-

209 911 240 931 “
261 903 430 954 derata,
452 903 770 946 transduxerim
787 908 804 946 ’.Ι
835 902 951 961 quod
971 902 1147 945 classem
1168 901 1354 944 hostium
1377 901 1518 960 primo
1534 900 1688 958 inpetu

208 963 492 1006 “adveniens
529 962 883 1021 profligaverim?
915 962 1034 1018 quod
1070 961 1137 1004 bis
1170 977 1248 1020 per
1282 960 1463 1003 biduum
1497 957 1689 1016 equestri

209 1028 241 1050 ‘²
264 1022 421 1081 proelio
457 1022 789 1080 superaverim?
820 1021 940 1078 quod
971 1038 1023 1064 ex
1055 1030 1187 1079 portu
1217 1021 1402 1078 sinuque
1423 1018 1690 1061 adversario-

207 1088 238 1108 “
261 1097 358 1124 rum
377 1081 586 1124 ducentas
607 1096 737 1122 naves
757 1081 974 1123 onerarias
995 1078 1266 1128 abduxerim,
1297 1094 1438 1135 eoque
1459 1077 1555 1120 illos
1574 1091 1688 1121 com-

209 1140 465 1201 “‘pulerim,
504 1148 554 1181 ut
586 1154 724 1196 neque
757 1139 950 1197 pedestri
983 1139 1156 1188 itinere,
1188 1154 1328 1195 neque
1359 1136 1543 1179 navibus
1572 1150 1687 1178 com-

207 1205 238 1226 “
260 1207 404 1242 meatu
421 1198 564 1256 juvari
589 1198 781 1255 possint?
845 1198 941 1240 Hac
963 1214 1037 1240 vos
1057 1199 1233 1240 fortuna
1250 1205 1383 1254 atque
1403 1195 1467 1237 his
1489 1194 1689 1238 Ducibus

207 1265 237 1286 ‘⁶
259 1257 516 1316 repudiatis,
549 1255 855 1300 Corfiniensem
878 1257 1170 1314 ignominiam,
1201 1271 1254 1298 an
1279 1255 1416 1297 Italiae
1437 1254 1603 1311 fugam,
1633 1268 1688 1296 an

204 1323 235 1347 ‘⁸
259 1316 568 1374 Hispaniarum
590 1313 871 1365 deditionem,
905 1331 957 1358 an
983 1317 1120 1358 Africi
1145 1315 1249 1358 belli
1274 1312 1527 1373 praejudicia
1545 1311 1688 1369 sequi-

207 1382 238 1403 “
261 1375 399 1419 mini?
458 1372 675 1431 Equidem
698 1391 766 1417 me
800 1376 978 1418 Caesaris
1007 1375 1187 1417 militem
1226 1374 1309 1416 dici
1340 1371 1489 1422 volui;
1522 1387 1599 1414 vos
1619 1386 1688 1414 me

206 1432 542 1490 “Imperatoris
579 1433 748 1475 nomine
788 1434 1097 1492 adpellavistis.
1164 1434 1301 1491 Cujus
1322 1432 1356 1474 si
1387 1447 1462 1474 vos
1485 1430 1685 1490 poenitet,

206 1499 236 1520 “
257 1500 450 1534 vestrum
472 1491 593 1533 vobis
628 1491 884 1534 beneficium
921 1495 1122 1536 remitto:
1155 1492 1258 1534 mihi
1290 1507 1432 1533 meum
1468 1489 1687 1533 restituite

204 1559 235 1581 “
259 1565 414 1594 nomen
436 1565 445 1598 ;
479 1566 532 1592 ne
553 1550 606 1592 ad
627 1551 933 1594 contumeliam
954 1552 1160 1595 honorem
1183 1550 1349 1593 dedisse
1369 1548 1648 1592 videamini.'’

258 1611 330 1652 33.
367 1609 466 1658 Qua
486 1610 683 1652 oratione
706 1612 893 1667 permoti
925 1611 1100 1660 milites,
1133 1610 1289 1653 crebro
1321 1610 1449 1652 etiam
1469 1608 1684 1652 dicentem

203 1667 561 1727 interpellabant,
579 1676 628 1708 ut
645 1684 802 1725 magno
823 1685 921 1710 cum
942 1669 1096 1711 dolore
1116 1669 1381 1712 infidelitatis
1402 1667 1686 1725 suspicionem

204 1727 415 1770 sustinere
435 1725 689 1767 viderentur
709 1742 718 1773 ;
757 1726 1045 1769 discedentem
1066 1743 1171 1769 vero
1191 1743 1245 1769 ex
1276 1727 1480 1768 concione
1500 1724 1688 1767 universi

205 1785 506 1834 cohortantur,
527 1799 685 1841 magno
705 1785 759 1826 sit
780 1784 941 1834 animo,
963 1801 1046 1827 neu
1070 1785 1245 1827 dubitet
1269 1785 1473 1844 proelium
1494 1784 1686 1827 commit-

205 1854 316 1894 tere,
338 1851 382 1887 et
402 1859 522 1886 suam
555 1842 682 1886 fidem
715 1843 1014 1903 virtutemque
1050 1843 1252 1904 experiri.
1317 1844 1416 1893 Quo
1437 1843 1552 1886 facto
1573 1857 1684 1886 com-

255 1975 380 2016 Capias
393 1974 580 2005 deminutio
603 1977 665 2011 est,
681 1983 789 2014 caque
804 1972 913 2005 maxi·

208 2028 278 2057 ma,
300 2019 396 2058 (nam
420 2016 483 2048 fuit
509 2017 651 2058 triplex)
667 2018 836 2058 cumquis
858 2017 913 2059 jus

209 2062 360 2094 civitatis
396 2067 430 2092 et
459 2060 648 2093 libertatem
680 2068 713 2092 et
745 2061 913 2093 familiam

208 2105 348 2138 amittit.
393 2106 470 2137 Jam
487 2105 578 2147 capti
602 2104 709 2145 bello,
734 2105 788 2136 his
805 2106 915 2138 omni-

211 2150 274 2181 bus
302 2149 449 2186 amissis,
475 2149 507 2180 in
542 2149 697 2180 servilem
727 2149 915 2181 transibant

210 2204 306 2225 more
324 2194 479 2224 Romano
497 2193 741 2224 conditionem.
767 2193 840 2224 Liv.
858 2198 914 2232 9⁴2,

213 2239 264 2275 16,
283 2240 333 2268 15.
379 2238 469 2277 Ergo
505 2242 536 2266 et
555 2236 602 2273 hi,
618 2237 675 2277 qui
700 2238 840 2269 Cominii
858 2249 913 2269 vc-

209 2286 326 2313 nerant
338 2280 370 2311 in
386 2286 584 2322 potestatem
599 2281 749 2317 victoris,
765 2293 805 2312 eo
816 2292 911 2313 sensu

209 2327 317 2365 rapite
343 2325 508 2356 deminuti
535 2323 690 2356 videntur
719 2325 800 2356 dici.
847 2325 911 2357 Sed

209 2368 296 2400 vidit
315 2369 560 2405 Hotomanan
574 2379 640 2399 rem
659 2369 721 2400 hoc
737 2370 812 2400 loco
830 2381 913 2411 pra*-

209 2418 259 2444 ter
287 2413 426 2444 modum
457 2412 586 2453 augeri.
643 2413 715 2443 Etsi
757 2414 847 2444 enim
878 2413 911 2444 in

209 2457 312 2488 bellis
328 2467 405 2488 cum
420 2455 566 2487 externis
582 2456 738 2487 hostibus
755 2457 830 2488 talis
857 2458 913 2488 (ἰο-

209 2500 354 2532 minutio
371 2499 495 2542 capitis
510 2505 604 2531 erat:
629 2506 738 2531 tamon
758 2501 790 2531 in
819 2501 913 2532 civili

208 2545 300 2576 bello
327 2544 418 2585 capti
447 2553 513 2575 non
537 2545 609 2586 jure
639 2550 672 2575 et
698 2544 772 2585 lege
788 2545 914 2576 detrusi

211 2595 287 2622 sunt
317 2589 349 2620 in
375 2589 466 2619 illam
491 2588 647 2619 servilem
673 2588 912 2627 conditionem,

209 2633 338 2665 amisso
353 2633 428 2674 jure
444 2631 603 2670 civitatis,
628 2631 797 2671 libertate,
818 2632 912 2663 sami-

206 2676 267 2707 lia.
313 2676 481 2715 Eritergo
499 2675 531 2706 11.
549 2677 569 2707 1.
587 2675 787 2718 simpliciter
815 2675 913 2707 intel-

210 2719 395 2760 ligendum,
421 2730 482 2751 eos
499 2719 685 2752 inalterius
710 2726 910 2762 potestatem

209 2764 354 2795 venisse.
382 2765 429 2795 M.

259 2808 300 2838 In
328 2819 380 2839 me
411 2808 591 2849 obfemlilis.
638 2809 727 2840 Bene
760 2807 806 2839 sic
835 2808 910 2839 Ald.

212 2850 345 2882 Manut.
377 2852 469 2892 quod
498 2851 648 2883 firmatur
677 2852 756 2882 cod.
795 2852 911 2883 Petav.

213 2895 326 2935 Vulgo
342 2901 411 2925 erat
421 2899 499 2935 ,iam
510 2906 562 2926 me
575 2896 757 2937 obsendiri&

257 2940 428 2972 Processit.
473 2938 597 2972 Clarke
621 2939 761 2972 volebat
782 2950 913 2982 proces-

977 1975 1068 2005 sf‘rt'l.
1106 1973 1169 2003 Sed
1189 1974 1346 2014 frequens
1361 1978 1410 2004 est
1427 1972 1459 2003 ld
1485 1971 1684 2004 ἀνακὸλουθοι

977 2019 1069 2058 apud
1089 2023 1251 2049 nostmm.
1297 2016 1348 2048 Cf.
1365 2016 1569 2057 Wopkensii
1591 2016 1685 2049 [act.

977 2061 1153 2093 Tullianas
1171 2067 1203 2101 2,
1220 2066 1251 2093 5.
1267 2067 1300 2092 et
1317 2061 1403 2093 obs.
1420 2061 1572 2093 Miscell.
1606 2060 1685 2092 Vol.

982 2110 1012 2138 3.
1029 2117 1064 2147 p.
1081 2108 1158 2136 257.

1029 2152 1201 2181 Ducentos
1212 2160 1326 2181 narex.
1343 2149 1442 2182 Conf.
1456 2160 1532 2191 cap.
1543 2152 1586 2182 25
1598 2155 1683 2181 extr.

981 2195 1201 2227 mIdn-zwrim,
1218 2195 1258 2224 ad
1277 2200 1406 2225 nostras
1426 2201 1547 2236 partes,
1570 2200 1606 2225 ut
1621 2204 1684 2225 nos

980 2238 1091 2279 copiis
1108 2249 1224 2269 earum
1241 2245 1418 2269 uteremur.
1443 2239 1493 2269 M.
1529 2239 1592 2269 Pro
1607 2248 1685 2269 one-

982 2285 1093 2312 rarias
1109 2282 1215 2312 Codd.
1231 2281 1367 2323 qnidam
1386 2289 1418 2313 ct
1434 2282 1509 2312 edd.
1526 2287 1592 2313 vet.
1606 2291 1685 2313 one-

980 2331 1086 2357 rums.
1126 2326 1256 2367 Recepi
1291 2325 1346 2356 hic
1376 2327 1575 2358 abda-verim
1606 2325 1684 2356 loco

982 2370 1074 2412 vulg.
1099 2370 1317 2401 adduxerim.
1364 2369 1511 2400 Dederat
1548 2369 1637 2400 istud
1663 2380 1683 2400 e

981 2415 1058 2444 cod.
1073 2413 1203 2444 Viterb.
1220 2413 1439 2445 Ciacconius.
1454 2413 1580 2445 Probat
1592 2412 1684 2444 oud.

981 2457 1034 2488 Sic
1053 2463 1085 2489 et
1101 2468 1177 2488 mox
1197 2461 1226 2492 3.
1243 2461 1297 2488 93.

1026 2504 1270 2542 (¹07finieneem.
1294 2501 1404 2538 Vulgo
1417 2503 1684 2543 C'mfiru'entt‘um.

1029 2545 1132 2585 Africi
1147 2546 1222 2576 belli
1236 2547 1447 2586 praejudicia,
1462 2545 1495 2576 id
1510 2547 1602 2587 quod
1619 2545 1682 2577 sub

982 2588 1117 2620 initium
1137 2589 1218 2620 belli
1239 2590 1269 2620 in
1290 2589 1404 2621 Africa
1420 2589 1557 2629 accidit,
1577 2595 1609 2621 et
1625 2589 1680 2621 cui

979 2632 1095 2664 simile
1123 2633 1204 2675 quid
1235 2644 1346 2665 rursus
1375 2634 1529 2665 accidere
1560 2639 1682 2676 potest,

980 2676 1186 2718 videturque
1197 2683 1315 2708 eventu
1324 2688 1408 2708 rum.
1428 2679 1530 2719 Sequi
1541 2679 1683 2720 innomi-

980 2721 1242 2761 niam.fus7.‘1m.
1272 2721 1482 2759 deditionem,
1507 2727 1558 2753 est
1585 2719 1681 2763 sequi

978 2774 1050 2802 eos,
1069 2765 1126 2806 qui
1148 2764 1332 2805 ignominia
1347 2765 1470 2796 adfecti
1485 2770 1574 2803 sunt,
1589 2764 1681 2806 fuge-

979 2815 1066 2840 runt.
1092 2819 1127 2839 se
1157 2808 1367 2840 dediderunt.
1413 2809 1502 2847 Ergo
1529 2815 1562 2839 et
1589 2810 1682 2850 sequi

977 2852 1175 2892 proejudieia
1203 2853 1290 2890 belli,
1321 2852 1417 2894 sequi
1440 2853 1516 2891 hos,
1540 2851 1598 2894 qui
1615 2851 1679 2883 sub

980 2895 1078 2927 initia
1096 2895 1190 2934 beni,
1209 2896 1240 2927 in
1260 2896 1376 2927 Africa
1392 2896 1490 2937 gesti,
1503 2895 1587 2927 vieti
1603 2901 1680 2926 sunt

977 2946 1010 2971 et
1028 2939 1167 2980 posthac
1185 2939 1274 2972 haud
1290 2939 1394 2971 dubie
1417 2949 1526 2972 rursus
1541 2939 1680 2973 vincen-

1913 2230 1946 2576 *ww
