1946 3261
755 232 1178 277 LATINITATIS.

219 363 435 395 Constet-nere
468 363 627 405 paludem
661 367 770 404 ponte,
805 365 834 397 8,
871 363 919 392 14.

254 412 369 447 pontes
395 411 666 443 consternuntur,
691 406 801 437 trabes
820 405 920 445 inpo-

259 455 383 481 nuntur
398 451 430 482 in
447 451 588 483 modum
604 450 730 491 pontis.
746 452 778 486 8,
797 450 817 479 9

219 495 422 526 Constituere
452 495 542 526 diem
563 504 641 525 cum
664 493 793 533 aliquo,
828 493 855 529 1,
887 492 921 520 8.

257 541 454 570 constituere
494 538 663 579 oppidum,
699 536 844 571 efficere,
884 539 922 564 ut

259 581 400 612 meliore
415 581 471 619 sit,
483 591 526 621 qr·
530 591 584 611 am
597 585 694 610 antea
710 577 920 615 conditione,

259 623 298 654 C.
319 617 600 662 1,15.ιιι)·7·.ε.ς,2
617 626 655 653 12

219 668 398 700 Constrata
411 669 522 704 navis,
537 666 577 697 C.
594 669 625 704 2,
641 668 695 697 23.
719 667 751 703 3,
764 666 795 696 7.
813 666 853 696 Α.
871 665 919 695 ll.

259 710 303 742 cf.
320 715 432 743 tectus.

216 755 408 786 Consuesco.
447 753 639 785 Perfectum
678 754 828 785 consuevi
856 753 919 790 (sc.

259 797 332 836 me)
345 803 406 829 est.
422 798 531 836 soleo,
552 800 580 836 l,
602 800 651 836 14,
668 799 722 828 43.
747 800 780 834 5,
796 798 814 826 7

219 841 469 880 contabulatio,
495 841 643 872 tabulati
669 839 868 877 exstructio,
895 851 922 870 s.

262 884 453 916 tabularum
468 884 663 916 conlocatio
690 894 792 925 super
818 883 923 924 tignis

257 929 467 967 transversis,
479 928 519 959 C.
534 932 567 967 2,
583 931 614 959 9.
641 928 765 968 Synon.
780 934 830 958 est
845 937 923 958 con-

259 973 407 1014 tiynatio.
451 972 539 1012 Ergo
564 973 781 1003 coambulare
802 976 923 1006 turres,

261 1019 292 1046 5.
322 1018 376 1047 40.
401 1015 479 1047 Liv.
508 1019 562 1047 24.
587 1017 640 1046 34.
663 1021 712 1046 est
743 1015 866 1053 facere,
889 1020 925 1044 ut

260 1058 325 1090 sint
340 1058 373 1089 in
389 1059 539 1091 turribus
565 1058 706 1090 summis
721 1058 924 1090 contabula-

259 1102 370 1134 tiones
409 1114 436 1134 s.
474 1103 627 1134 tabulata
675 1103 823 1140 (Boden,
870 1102 926 1133 des

258 1147 443 1188 planchers
473 1147 514 1177 de
545 1144 698 1184 differens
729 1145 857 1185 Atizyes)
890 1145 924 1176 in

262 1189 389 1230 quibus
416 1190 551 1228 milites,
580 1194 767 1230 pugnantes
785 1199 804 1219 e
829 1189 925 1226 turri,

262 1233 462 1265 consistunt.
520 1232 683 1264 Fortassis
712 1232 816 1263 etiam
852 1243 926 1265 con-

262 1277 419 1309 tabulare
457 1282 567 1308 tum-es
602 1275 768 1307 interdum
798 1281 848 1307 est
879 1276 925 1314 id,

261 1321 364 1361 quod,
390 1324 420 1356 8,
439 1322 470 1351 9.
488 1320 623 1360 legitur,
638 1321 794 1360 pontibus
819 1325 927 1352 trans-

254 1367 352 1405 jectis
379 1365 617 1404 constratisque
631 1366 835 1404 conjunqere
856 1369 928 1395 tur-

263 1418 328 1439 res.
357 1407 464 1446 Alibi,
492 1409 522 1438 ⁷.
538 1410 592 1437 22.
616 1416 754 1438 murum
779 1408 927 1438 turribus

263 1453 492 1489 conlatndare,
545 1450 677 1481 videtur
725 1450 927 1490 significare,

266 1506 400 1526 murum
431 1494 580 1527 turribus
597 1493 828 1526 contabulatis
853 1494 927 1526 cin-

292 1549 361 1570 cre.

228 1550 411 1625 Cognteqeye
433 1583 576 1624 scaphas
594 1581 740 1614 cratibus
756 1587 785 1613 et
797 1582 928 1623 pluteis,

262 1626 337 1657 Cu,
321 1629 338 1646 ‘2
340 1630 418 1662 2,4.
441 1632 612 1673 conteyere
628 1637 743 1662 naves,
763 1637 832 1666 quo
849 1636 930 1657 con-

265 1670 347 1702 silio
360 1671 430 1709 hat,
444 1669 528 1701 trad
533 1669 651 1707 tur,C.
670 1674 701 1707 2,
717 1672 748 1699 4.
762 1671 807 1700 cf.
820 1673 929 1701 ἰθείης.

265 1719 434 1756 conteqere
449 1725 561 1752 ayma,
590 1713 680 1751 C.2‚
703 1715 750 1743 14.
773 1712 871 1744 cf.B.
889 1713 930 1744 G.

268 1762 299 1796 2,
323 1761 360 1789 21

224 1801 392 1833 Contendo
426 1804 474 1831 ire
500 1803 537 1832 in
562 1802 686 1839 locum,
723 1803 749 1838 l,
770 1803 823 1831 23.
854 1810 933 1832 οοη-

265 1845 362 1877 temlo
378 1844 522 1885 aliquid,
534 1844 666 1875 efficere
682 1843 774 1881 volo,
790 1847 822 1882 4,
850 1846 884 1875 17

226 1890 411 1921 Comes-tari·
426 1890 523 1926 Deos,
538 1891 570 1926 4,
588 1890 630 1918 25

224 1934 407 1965 Comes-ere
421 1934 526 1973 liqna,
549 1935 582 1969 4,
609 1933 644 1962 17

227 1978 452 2013 Continenter,
468 1975 541 2006 sine
557 1974 821 2013 intermissione,
839 1977 865 2014 1,
878 1977 931 2007 26.

272 2022 304 2058 3,
321 2024 340 2051 5

225 2065 419 2096 Continens.
473 2061 524 2093 Ita
553 2061 756 2103 simpliciter
785 2063 935 2104 adpellat

269 2107 383 2139 Caesar
410 2105 572 2145 Galliam,
601 2117 678 2137 cum
703 2106 735 2137 in
759 2106 933 2138 Britannia

270 2157 334 2189 est,
371 2161 516 2192 eamque
552 2150 735 2181 Britanniae
772 2150 932 2192 obponit.

269 2195 339 2226 vid.
369 2195 411 2226 ad
437 2197 468 2233 4,
493 2196 535 2225 38
560 2199 593 2224 et
622 2199 653 2233 5,
675 2197 730 2225 20.
765 2197 934 2226 continens

271 2241 417 2280 inpetus,
445 2237 640 2276 continuus,
673 2240 704 2276 7,
737 2241 790 2269 38.
828 2241 934 2270 conti·-

271 2288 385 2315 nentes
409 2284 502 2314 siit-(e
525 2281 708 2320 continuae,
733 2287 860 2313 tractus
875 2281 935 2313 sil-

274 2337 404 2365 varum,
434 2328 466 2364 3,
496 2328 550 2356 28.
593 2326 642 2357 sic
673 2332 706 2357 et
736 2329 936 2358 continentes

269 2371 426 2412 paludes,
458 2372 490 2409 6,
515 2372 567 2401 31.
589 2372 756 2402 continens
769 2370 936 2410 ,flammffi

272 2425 347 2455 quae
374 2423 441 2445 non
472 2413 677 2453 intermittit,
707 2417 737 2449 8,
764 2415 813 2444 15.
845 2415 938 2445 cottis

275 2459 446 2490 continens
459 2460 555 2499 ripae,
581 2457 620 2488 C.
642 2460 670 2495 1,
689 2461 740 2489 54.
766 2457 849 2488 citra
864 2467 938 2488 om-

276 2512 353 2533 nem
362 2501 612 2533 dubitationem
627 2501 809 2543 significat,
822 2501 936 2532 cohae-

275 2556 446 2577 rens.cum
461 2545 548 2587 ripa,
574 2545 720 2586 idem-{ue
742 2545 937 2587 contiguus,

279 2588 427 2621 vicinus.
449 2591 648 2623 continentes
664 2590 745 2629 dies,
762 2594 940 2630 sequentes

280 2633 457 2674 deinceps,
475 2636 507 2671 3,
522 2635 576 2664 81.

181 2692 187 2695 ·
239 2678 427 2714 Continere,
450 2687 618 2714 coercere,
644 2678 676 2713 8,
699 2680 732 2713 2,
757 2678 810 2707 46.
840 2678 941 2708 conti-

280 2723 365 2758 neri,
379 2720 521 2759 includi,
542 2722 569 2758 l,
584 2723 616 2751 2.
641 2721 681 2751 C.
699 2724 730 2755 2,
744 2722 797 2751 23.
827 2721 943 2751 Gallia

282 2767 473 2795 continetur
496 2764 644 2804 flumine
676 2765 731 2794 Oc.
763 2765 868 2804 Becy„
905 2763 940 2795 hi

283 2813 359 2839 sunt
372 2807 522 2843 termini,
539 2807 624 2839 intra
638 2818 724 2848 quos
737 2812 799 2841 est,
817 2807 942 2847 quibus

283 2851 477 2890 includitur,
514 2854 541 2889 l,
571 2854 599 2883 1.
634 2853 728 2882 Vicus
755 2853 941 2883 continetur

280 2895 492 2934 (includitur,
516 2894 679 2937 cingitur)
705 2895 882 2934 montibus,
910 2899 941 2927 3.

1621 224 1704 269 645

1034 364 1062 392 1.
1087 363 1188 392 Mare
1203 353 1582 392 contirwtaezrmomibus,
1598 363 1696 384 mon-

1031 411 1080 435 tes
1093 405 1222 436 suntad
1238 412 1330 434 mare
1342 399 1575 435 circumcirca,
1594 401 1627 436 4,
1637 400 1692 428 23.

1032 449 1123 479 Pons
1148 449 1289 479 continet
1310 444 1482 485 oppidum
1507 441 1614 480 tangit
1631 451 1693 482 op-

1030 490 1160 531 pidum,
1172 488 1422 525 eivicinusest,
1438 488 1471 523 7,
1491 487 1541 517 ll.
1565 468 1692 516 Maluit

1029 538 1141 564 tamen
1166 530 1429 571 Oudendorpius
1460 529 1695 561 h.l.cont1·n-

1029 577 1143 616 achat,
1179 582 1212 607 et
1251 572 1481 606 Ruhnkenius
1519 573 1562 603 ad
1602 572 1693 603 Vell.

1031 622 1163 651 Patere.
1178 630 1213 660 p.
1235 621 1283 649 12.
1300 616 1584 665 significationem
1600 615 1694 647 Lati·
1730 616 1735 619 ”

1031 664 1083 695 nis
1097 663 1282 695 inauditam
1292 660 1389 697 dicit,
1401 660 1428 691 si
1438 670 1516 699 quis
1528 662 1696 692 continere

1031 707 1269 749 interpretetur
1281 706 1483 744 continqere.
1509 704 1608 734 Mons
1617 713 1696 734 con-

1032 754 1112 783 tinet
1125 753 1286 793 spatium,
1317 752 1476 788 occupat,
1508 745 1541 776 in
1565 756 1606 777 eo
1631 751 1695 782 est,

1035 796 1062 828 l.
1080 797 1133 826 38.
1182 795 1295 835 Aqqer
1317 802 1387 824 non
1408 793 1513 831 potest
1535 791 1698 821 contineri

1031 831 1148 870 altiote
1185 848 1294 879 aqua,
1325 837 1444 867 durare
1473 842 1540 864 non
1572 838 1697 874 potest,

1032 893 1111 913 cum
1133 881 1235 912 altior
1258 889 1343 921 aqua
1368 884 1431 916 est,
1453 877 1494 909 C.
1517 879 1544 915 l,
1558 879 1612 908 25.
1637 877 1697 908 sed

1031 925 1101 957 vid.
1125 930 1232 956 notas.

991 970 1203 1001 Confirmatio
1218 966 1388 1004 imbriam,
1414 969 1444 1003 3,
1460 967 1502 996 29

991 1015 1117 1046 Contra
1141 1017 1254 1053 atque,
1284 1020 1383 1042 secus
1409 1019 1448 1039 ac
1472 1011 1503 1043 4,
1532 1013 1581 1042 13,
1605 1011 1644 1043 C,
1664 1013 1695 1048 3,

1037 1060 1087 1088 12.
1119 1061 1245 1093 contra,
1270 1053 1459 1095 eregione,
1485 1056 1516 1092 3,
1529 1057 1562 1085 9.
1595 1056 1696 1093 7,62.

1031 1106 1147 1132 contra
1162 1102 1286 1132 hostem
1301 1099 1489 1136 consistere,
1504 1102 1536 1136 2,
1559 1099 1606 1129 17.
1617 1109 1696 1139 por-

1035 1149 1087 1175 tus
1102 1149 1220 1176 contra
1232 1143 1384 1183 aliquem
1398 1141 1569 1181 claudere,
1584 1142 1630 1172 H.
1645 1143 1700 1172 27.

995 1189 1201 1220 Coun-ahere
1237 1190 1360 1222 casn-a,
1399 1184 1509 1216 facere
1545 1191 1702 1225 angusta,

1036 1232 1181 1263 minoris
1203 1229 1366 1261 ambitus.
1391 1232 1422 1265 5,
1445 1230 1498 1260 49.
1530 1229 1561 1266 7,
1584 1231 1638 1260 40.
1655 1229 1701 1261 cf.

1036 1280 1202 1316 anqustus

995 1321 1182 1352 Contraria
1197 1322 1302 1352 alicui
1319 1322 1446 1357 civitas,
1459 1319 1604 1358 hostilis,
1622 1320 1667 1351 H.
1684 1322 1698 1351 1

996 1365 1197 1396 Contributa
1218 1367 1334 1396 civitas
1358 1374 1435 1396 cum
1459 1365 1532 1395 alia
1556 1366 1704 1402 civitate,

1039 1406 1070 1437 ei
1088 1407 1275 1446 adtributa,
1291 1418 1370 1439 cum
1384 1417 1425 1438 ea
1440 1408 1623 1449 conjuncta
1639 1407 1700 1446 sic,

1040 1457 1076 1481 ut
1116 1450 1161 1482 ab
1193 1462 1246 1490 ea,
1289 1456 1326 1482 ut
1367 1451 1507 1492 majore,
1556 1451 1702 1493 pendeat

1039 1496 1191 1535 (tlss.·.'1lq8
1205 1496 1396 1535 schemen),
1420 1495 1460 1526 C.
1481 1497 1509 1533 l,
1527 1497 1578 1527 60.

997 1539 1277 1578 (Montubernium
1300 1540 1339 1570 C.
1358 1541 1389 1576 3,
1405 1540 1448 1569 76

1000 1584 1224 1621 Contumelia,
1235 1593 1337 1624 quam
1351 1582 1448 1614 navis
1459 1581 1594 1624 perfert,
1606 1585 1637 1620 3,
1651 1585 1704 1614 13.

1042 1625 1066 1656 i.
1086 1637 1117 1657 e.
1149 1626 1212 1665 vis,
1242 1637 1345 1669 quain
1378 1626 1477 1657 infert
1511 1630 1705 1666 tempestas,

1042 1671 1215 1712 scopulus,
1247 1671 1366 1702 hostis.
1393 1669 1556 1701 Similiter
1578 1670 1706 1702 dicitur

1043 1713 1163 1755 injuria
1179 1726 1205 1746 s.
1222 1714 1444 1746 inclementia
1458 1714 1683 1754 tempestatis.

1002 1759 1249 1797 Convalescere,
1276 1758 1368 1790 vires
1383 1768 1521 1799 capere,
1546 1758 1588 1788 de
1605 1757 1705 1790 hoste

1042 1801 1235 1840 debilitato,
1250 1802 1303 1832 Af.
1323 1806 1363 1833 25

1001 1845 1179 1883 Concenoe,
1193 1844 1360 1877 colluvies
1377 1844 1568 1884 hominum,
1591 1847 1631 1878 A.
1650 1848 1703 1877 24.

1041 1888 1219 1928 σύγκλυδες.

1003 1932 1192 1964 Com-entus
1207 1936 1256 1972 (1.
1274 1936 1327 1965 54.
1367 1938 1398 1972 5,
1419 1935 1445 1964 l.
1463 1938 1496 1964 et
1511 1932 1613 1973 alibi)
1629 1940 1707 1965 sunt

1042 1983 1227 2007 conventus
1242 1976 1420 2008 hominum
1443 1977 1708 2018 provincialium

1047 2020 1079 2050 in
1097 2025 1203 2051 certas
1219 2020 1331 2058 urbes,
1359 2031 1434 2061 quae
1462 2027 1496 2052 et
1523 2021 1605 2062 ipsae
1627 2032 1708 2053 con-

1044 2068 1162 2095 ventus
1189 2063 1347 2095 dicuntur
1368 2066 1418 2103 (8,
1432 2066 1503 2104 46),
1530 2071 1565 2096 et
1588 2075 1607 2096 e
1634 2065 1706 2106 pri-

1043 2107 1160 2138 mariis
1186 2107 1373 2148 provinciae
1397 2108 1544 2140 urbibus
1566 2114 1655 2147 sunt,
1672 2115 1709 2140 ut

1043 2161 1157 2182 coram
1175 2152 1392 2187 proconsule,
1420 2163 1479 2193 per
1494 2152 1706 2194 provinciam

1039 2195 1284 2236 jurisdictionis
1313 2206 1433 2227 caussa
1459 2196 1525 2229 iter
1550 2196 1710 2234 faciente,

1044 2244 1077 2270 et
1094 2239 1125 2270 in
1140 2239 1243 2271 certis
1259 2239 1329 2271 illis
1341 2240 1550 2282 urbibusjus
1559 2240 1707 2280 dicente,

1046 2283 1079 2314 in
1091 2283 1166 2315 soro
1177 2289 1408 2325 compareant.
1419 2287 1506 2316 tenir
1517 2286 1563 2315 les
1578 2288 1709 2325 assises,

1044 2329 1224 2359 amembler
1252 2330 1298 2359 les
1327 2326 1422 2359 c‘tats.
1474 2328 1562 2360 Cum
1591 2334 1708 2361 autem

1043 2381 1110 2403 non
1126 2371 1254 2413 oppida
1269 2371 1428 2403 dicuntur
1439 2378 1636 2411 conventus,
1647 2374 1706 2404 sed

1044 2421 1224 2447 conventus
1244 2417 1446 2457 oppidorum
1466 2426 1707 2458 quorumcum-

1047 2470 1110 2501 que
1123 2462 1396 2501 provincialium,
1412 2466 1486 2491 tum
1513 2465 1592 2491 sunt
1613 2460 1707 2492 cives

1051 2503 1211 2542 Romani,
1234 2504 1305 2544 qui,
1336 2509 1457 2545 praeter
1485 2504 1660 2545 indigenas
1679 2516 1705 2536 s.

1047 2546 1248 2588 inquilinos.
1269 2548 1384 2588 aliqua
1400 2549 1441 2579 de
1456 2558 1574 2580 caussa
1592 2548 1626 2580 in
1643 2559 1708 2590 op-

1049 2591 1165 2632 pidum
1192 2597 1436 2631 convenerunt,
1465 2598 1501 2623 ut
1530 2592 1580 2623 ibi
1608 2592 1711 2623 habi-

1049 2641 1130 2671 tent,
1156 2635 1382 2674 negotientur,
1408 2635 1525 2676 ibique
1556 2646 1711 2667 commo-

1050 2686 1175 2710 rentur.
1235 2678 1291 2710 Sic
1321 2685 1502 2710 coni-entus
1540 2681 1711 2718 Uticensis,

1052 2723 1104 2752 Af.
1122 2724 1176 2752 68.
1210 2723 1250 2754 C.
1268 2726 1299 2760 2,
1321 2724 1369 2753 19.
1386 2722 1423 2753 it.
1449 2723 1503 2754 Af.
1529 2725 1570 2754 97
1596 2729 1629 2755 et
1655 2725 1712 2754 90-

1051 2766 1110 2797 ubi
1125 2765 1245 2797 incola:
1259 2766 1438 2797 Uticenses
1459 2766 1713 2808 distinguuntur

1050 2820 1071 2840 a
1101 2809 1267 2841 Romanis
1293 2809 1574 2850 negotiatoribus.
1621 2813 1712 2843 Cou-

1052 2858 1167 2884 centios·
1189 2857 1305 2894 portas
1320 2854 1461 2891 clandit,
1489 2855 1529 2885 C.
1545 2859 1577 2891 2,
1599 2857 1647 2886 19.
1663 2855 1710 2886 cf.

1051 2907 1082 2927 c.
1100 2899 1152 2928 21.
1179 2896 1241 2930 ubi
1271 2897 1362 2929 cives
1396 2898 1542 2930 Romani
1571 2899 1638 2933 hoc
1665 2899 1714 2931 f(-
