1946 3261
232 217 315 263 104
626 211 710 257 DE
742 209 946 258 BELLO
979 206 1279 254 GALLICO.

230 351 357 394 rent;
388 347 507 387 metu
538 338 759 390 territare,
787 354 875 383 non
909 338 997 381 sine
1029 353 1177 382 caussa
1209 334 1320 385 fieri,
1351 340 1402 378 ut
1425 331 1571 378 Gallia
1593 332 1711 378 omni

235 403 465 448 nobilitate
484 399 773 458 spoliaretur:
806 398 851 441 id
871 414 958 441 esse
979 398 1204 442 consilium
1226 394 1421 444 Caesaris,
1442 402 1509 443 ut,
1539 408 1650 451 quos
1667 392 1711 436 in

237 468 472 520 conspectu
497 458 652 502 Galliae
679 457 920 502 interficere
945 465 1188 506 vereretur,
1211 455 1286 498 hos
1308 469 1452 497 omnes
1472 452 1517 494 in
1538 452 1712 495 Britan-

233 522 347 564 niam
370 518 644 562 transductos
665 525 867 561 necaret:
901 515 1027 559 fidem
1056 514 1235 573 reliquis
1260 514 1551 570 interponere,
1576 510 1713 569 jusju-

234 578 418 623 randum
439 593 631 636 poscere‚
663 585 730 626 ut,
754 576 872 634 quod
900 590 985 616 esse
1017 590 1071 617 ex
1104 590 1184 617 usu
1211 571 1366 615 Galliae
1387 569 1713 619 intellexissent,

235 638 455 682 communi
484 636 662 680 consilio
692 633 1058 678 administrarent.
1125 632 1231 676 Haec
1266 647 1292 673 a
1325 628 1625 687 compluribus
1658 627 1714 671 ad

238 697 454 740 Caesarem
471 695 793 739 deferebantur.

297 756 341 798 7.
377 755 476 805 Qua
504 771 551 798 re
580 754 768 811 cognita,
801 751 960 797 Caesar,
993 749 1115 807 quod
1144 757 1316 793 tantum
1356 746 1523 792 civitati
1561 744 1717 789 AEduae

236 814 464 873 dignitatis
485 813 717 861 tribuerat,
740 808 1024 853 coercendum
1047 817 1180 866 atque
1195 807 1518 855 deterrendum,
1539 803 1718 862 quibus-

239 888 427 930 cumque
445 873 574 916 rebus
594 878 752 929 posset,
778 868 1097 925 Dumnorigem
1118 867 1367 915 statuebat;
1399 864 1519 923 quod
1546 862 1720 921 longius

237 932 330 991 ejus
349 930 580 974 amentiam
600 927 808 987 progredi
829 925 1020 976 videbat,
1045 925 1412 984 prospiciendum,
1439 939 1491 966 ne
1510 921 1618 980 quid
1638 920 1721 964 sibi

240 1007 292 1034 ac
314 990 376 1034 rei
399 987 586 1048 publicae
608 1001 761 1028 nocere
783 994 941 1044 posset.
1016 984 1171 1043 Itaque
1199 985 1288 1028 dies
1315 984 1488 1027 circiter
1515 979 1643 1025 XXV
1676 979 1722 1024 in

239 1065 293 1093 eo
323 1048 420 1091 loco
452 1053 758 1094 commoratus,
789 1044 909 1102 quod
938 1060 1064 1088 corus
1093 1051 1247 1087 ventus
1267 1042 1585 1101 navigationem
1605 1038 1723 1097 inpe-

240 1107 405 1156 diebat,
437 1104 515 1162 qui
540 1119 739 1162 magnam
759 1111 929 1161 partem
958 1103 1093 1146 omnis
1121 1103 1326 1162 temporis
1346 1102 1389 1144 in
1409 1101 1473 1144 his
1494 1100 1598 1143 locis
1619 1097 1724 1141 flare

242 1164 481 1213 consuevit,
502 1163 635 1206 dabat
664 1178 858 1221 operam,
880 1170 931 1204 ut
952 1163 995 1205 in
1015 1162 1156 1205 officio
1182 1160 1500 1219 Dumnorigem
1533 1157 1723 1202 contine-

243 1234 329 1275 ret,
352 1222 486 1266 nihilo
505 1231 645 1265 tamen
667 1222 800 1264 secius
822 1222 962 1264 omnia
985 1221 1077 1279 ejus
1102 1221 1278 1265 consilia
1297 1227 1597 1279 cognosceret:
1631 1224 1724 1260 tan-

243 1283 358 1332 dem,
395 1281 593 1325 idoneam
621 1290 772 1323 nactus
803 1288 1120 1337 tempestatem,
1153 1280 1308 1322 milites
1332 1279 1587 1335 equitesque
1624 1291 1725 1319 con·

244 1341 446 1385 scendere
485 1341 528 1383 in
570 1356 698 1382 naves
734 1339 874 1395 jubet.
972 1340 1050 1390 At,
1089 1339 1281 1381 omnium
1319 1335 1520 1395 inpeditis
1559 1333 1725 1385 animis,

246 1399 495 1445 Dumnorix
530 1414 629 1440 cum
659 1397 880 1454 equitibus
908 1396 1153 1440 AEduorum
1174 1413 1199 1439 a
1220 1397 1385 1446 castris,
1405 1394 1607 1438 insciente
1635 1393 1727 1437 Cae-

244 1474 354 1508 sare,
376 1458 554 1500 domum
573 1456 788 1499 discedere
810 1455 959 1514 coepit.
1026 1456 1124 1505 Qua
1153 1472 1198 1499 re
1230 1456 1449 1504 nunciata,
1485 1453 1645 1502 Caesar,
1666 1452 1729 1496 in-

245 1517 440 1561 termissa
456 1515 725 1575 profectione
741 1523 874 1572 atque
892 1514 1090 1557 omnibus
1107 1515 1236 1558 rebus
1249 1512 1513 1573 postpositis,
1530 1527 1732 1572 magnam

247 1586 419 1635 partem
449 1575 671 1632 equitatus
701 1574 755 1616 ad
775 1590 874 1615 eum
896 1574 1205 1631 insequendum
1226 1574 1364 1615 mittit
1386 1571 1636 1628 retrahique
1654 1570 1731 1614 im-

249 1642 376 1694 perat
394 1649 404 1674 :
437 1634 470 1675 si
492 1633 580 1675 vim
602 1632 731 1674 faciat
752 1648 891 1689 neque
913 1640 1079 1690 pareat,
1102 1631 1284 1675 interfici
1302 1632 1454 1690 jubet:
1490 1629 1595 1672 nihil
1616 1629 1732 1672 hunc

250 1709 296 1736 se
325 1692 501 1736 absente
530 1707 612 1749 pro
647 1706 750 1734 sano
773 1691 993 1734 facturum
1015 1692 1270 1740 arbitratus,
1305 1691 1381 1747 qui
1409 1688 1629 1749 praesentis
1657 1688 1732 1731 im-

253 1751 424 1810 perium
447 1750 717 1808 neglexisset.
781 1749 862 1792 Ille
882 1751 995 1793 enim
1016 1759 1242 1793 revocatus
1263 1750 1457 1793 resistere
1475 1765 1524 1791 ac
1544 1764 1587 1790 se
1603 1762 1732 1791 manu

253 1809 484 1853 defendere
504 1824 772 1866 suorumque
793 1808 918 1851 fidem
942 1809 1174 1867 implorare
1196 1809 1345 1867 coepit,
1367 1824 1477 1866 saepe
1498 1806 1735 1855 clamitans,

255 1876 285 1895 “
306 1869 494 1911 liberum
511 1884 553 1909 se
567 1867 802 1924 liberaeque
817 1868 1004 1910 civitatis
1015 1870 1144 1910 esse-‘³
1178 1867 1263 1917 Illi,
1280 1876 1331 1910 ut
1347 1877 1441 1910 erat
1459 1867 1735 1924 imperatum,

255 1927 578 1970 circumsistunt
599 1933 732 1982 atque
754 1925 968 1969 hominem
1002 1926 1295 1976 interficiunt;
1327 1935 1373 1969 at
1408 1925 1542 1967 AEdui
1571 1924 1738 1982 equites

258 1986 314 2031 ad
339 1986 551 2028 Caesarem
575 1999 719 2026 omnes
737 1993 1036 2027 revertuntur.

319 2045 362 2086 8.
399 2043 481 2087 His
516 2043 647 2086 rebus
679 2044 823 2102 gestis,
863 2043 1054 2087 Labieno
1092 2044 1135 2086 in
1169 2044 1416 2087 continente
1457 2059 1556 2086 cum
1598 2041 1742 2085 tribus

259 2103 504 2160 legionibus
537 2111 583 2144 et
622 2103 821 2159 equitum
861 2102 1036 2145 milibus
1069 2103 1242 2146 duobus
1280 2103 1449 2153 relicto,
1496 2111 1546 2145 ut
1587 2110 1743 2160 portus

261 2169 463 2204 tueretur
483 2167 528 2203 et
551 2176 641 2203 rem
663 2161 987 2204 frumentariam
1012 2162 1277 2220 provideret,
1310 2177 1495 2220 quaeque
1524 2161 1567 2205 in
1599 2159 1744 2204 Gallia

263 2228 539 2279 gereregitur,
562 2230 841 2273 cognosceret
864 2221 1178 2278 consiliumque
1200 2237 1282 2279 pro
1305 2229 1501 2278 tempore
1524 2227 1570 2262 et
1590 2235 1672 2277 pro
1695 2235 1743 2262 re

262 2287 454 2337 caperet,
473 2278 562 2336 ipse
575 2293 675 2320 cum
689 2279 883 2335 quinque
898 2279 1139 2335 legionibus
1157 2289 1201 2321 et
1219 2280 1313 2338 pari
1330 2295 1510 2322 numero
1525 2278 1742 2335 equitum,

264 2353 397 2396 quem
416 2337 459 2379 in
481 2337 721 2379 continenti
743 2337 1036 2395 relinquebat,
1071 2339 1172 2382 solis
1202 2355 1355 2382 occasu
1388 2353 1515 2380 naves
1533 2337 1664 2381 solvit
1681 2343 1744 2388 et,

319 2448 512 2482 Tritum-at.
558 2446 612 2478 (Ὺ.
640 2449 739 2485 1,33.
764 2449 814 2478 Μ.

316 2493 361 2525 In
377 2494 427 2524 his
442 2494 533 2524 locis.
569 2490 636 2523 Alii
653 2491 814 2533 partibus.

315 2536 541 2569 Conscendere
553 2538 591 2566 in
603 2546 717 2567 vuit-es.
762 2535 818 2567 Al.
840 2546 952 2568 nares.

316 2583 359 2613 At
373 2579 588 2621 omn.r'npe‹l.
627 2580 680 2610 ΑΙ.
706 2580 822 2621 Atque.

320 2625 495 2665 Inpeditis,
518 2623 565 2655 ita
588 2623 758 2655 distractis
779 2627 976 2665 apparando

273 2668 408 2705 itinere,
432 2673 469 2699 ut
489 2677 530 2699 ne
553 2667 714 2699 sentirent
733 2668 928 2700 molitiones
943 2677 977 2701 et

273 2713 406 2746 fraudes
422 2711 658 2753 Dumnorigis.
680 2712 731 2743 M.

322 2757 388 2788 Pro
403 2765 498 2793 sano,
521 2761 557 2787 ut
581 2766 697 2786 sanum
721 2761 753 2786 et
777 2756 977 2798 sapientem.

274 2800 327 2831 M.
384 2799 438 2830 Sic
464 2799 575 2831 Plaut.
611 2799 706 2831 Men.
728 2803 761 2838 2,
785 2804 817 2839 2,
834 2805 887 2833 24.
919 2813 979 2843 pro

273 2853 368 2875 sano.
393 2843 440 2874 ib.
465 2848 497 2882 5,
521 2848 553 2881 5,
577 2846 631 2875 98.
651 2855 712 2885 pro
737 2847 864 2877 insano.
901 2845 979 2877 Liv.

276 2887 332 2924 39,
358 2887 412 2917 49.
445 2897 513 2918 mm
532 2898 594 2929 pro
613 2898 701 2920 vano
721 2889 829 2927 modo,
850 2890 906 2921 sed
925 2892 979 2921 ιἰἱε

269 2939 334 2972 pro
349 2940 441 2961 sano.
499 2930 555 2963 Sic
571 2937 604 2963 et
620 2931 706 2963 infra
724 2931 763 2963 C.
780 2936 811 2968 3,
832 2935 904 2967 109.
915 2945 980 2977 pro

273 2976 442 3008 commum·
457 2978 564 3008 amico
580 2981 679 3018 atque
693 2977 828 3011 arbitro.

1089 2451 1202 2489 Enim,
1234 2449 1325 2481 enim
1348 2459 1443 2481 vero.
1468 2460 1501 2480 v.
1525 2449 1675 2481 Gronov.
1702 2448 1745 2480 ad

1040 2493 1117 2525 Liv.
1135 2498 1187 2532 34,
1204 2497 1257 2526 32.
1282 2495 1332 2525 M.
1377 2493 1429 2525 Cf.
1445 2493 1485 2525 C.
1505 2495 1534 2532 1,
1549 2495 1604 2525 81.

1091 2539 1175 2570 Rem
1190 2539 1468 2579 frumentariam.
1523 2538 1578 2570 Al.
1601 2539 1651 2570 ret·
1667 2537 1746 2580 ftu-

1039 2585 1222 2614 mmuarae'ae.

1094 2627 1323 2668 Relinquebat,
1351 2629 1428 2659 solis
1459 2637 1590 2659 occasu.
1650 2625 1747 2658 Hanc

1047 2671 1226 2702 lectionem
1242 2671 1345 2701 Gron.
1357 2670 1460 2710 (Obs.
1473 2675 1505 2710 4,
1516 2671 1552 2710 4)
1566 2676 1598 2702 et
1609 2669 1699 2701 Oud.
1714 2669 1748 2701 in

1048 2716 1147 2746 codd.
1159 2721 1354 2757 repererunt
1363 2727 1371 2746 ι
1379 2715 1483 2746 altera
1489 2715 1752 2755 esur-eliqueret,

1049 2760 1095 2790 (ul
1110 2761 1185 2791 soli-s
1196 2770 1367 2791 occasum.-
1382 2765 1521 2800 utraque
1535 2758 1622 2790 bene
1635 2757 1750 2796 habet,

1047 2813 1106 2834 nec
1121 2804 1192 2835 ullo
1207 2804 1310 2835 modo
1321 2802 1452 2834 definiri
1466 2803 1522 2835 hic
1539 2807 1750 2844 potest,quae

1051 2847 1155 2879 verba
1178 2847 1292 2879 Caesar
1313 2847 1497 2889 scripserit.
1519 2847 1571 2878 M.
1616 2845 1655 2876 To*
1675 2846 1751 2878 solis

1051 2902 1169 2923 occasu
1191 2891 1293 2925 habet
1313 2898 1347 2925 et
1371 2892 1464 2935 apud
1488 2890 1566 2924 Liv.
1586 2892 1620 2929 9,
1643 2893 1698 2930 32,
1714 2894 1750 2922 et

1043 2935 1182 2977 passim.
