1946 3261
606 175 724 221 LIB.
759 175 841 222 VI.
904 176 1044 221 CAP.
1077 177 1267 221 30-3-2.
1615 174 1693 218 159

269 289 342 333 31.
378 289 613 334 Ambiorix
635 290 783 350 copias
803 306 897 334 suas
914 289 1131 348 judicione
1152 306 1239 334 non
1269 287 1546 340 conduxerit,
1576 287 1696 347 quod

213 349 372 409 proelio
390 349 686 394 dimicandum
705 365 792 393 non
812 349 1084 398 existimarit,
1120 365 1175 391 an
1210 357 1407 408 tempore
1438 348 1634 392 exclusus
1653 356 1700 390 et.

216 408 445 467 repentino
466 409 663 467 equitum
685 409 878 452 adventu
900 407 1164 467 prohibitus,
1188 424 1320 465 quum
1342 408 1560 466 reliquum
1577 423 1700 450 exer—

216 467 354 511 citum
380 467 586 526 subsequi
605 468 821 518 crederet,
840 467 1025 511 dubium
1044 475 1109 509 est
1128 480 1136 507 τ
1171 466 1246 508 sed
1267 475 1402 518 certe,
1420 466 1602 510 dimissis
1620 480 1701 524 per

218 541 349 584 agros
369 527 548 577 nunciis,
565 526 649 569 sibi
670 542 887 585 quemque
908 525 1132 570 consulere
1148 524 1273 583 jussit
1291 540 1300 566 :
1333 541 1522 582 quorum
1538 541 1641 585 pars
1655 525 1702 567 in

218 585 505 628 Arduennam
540 585 707 635 silvam,
739 601 841 644 pars
872 586 917 628 in
942 585 1214 628 continentes
1250 583 1434 642 paludes
1468 584 1701 643 profugit;

217 643 294 702 qui
325 643 516 702 proximi
540 644 764 687 Oceanum
784 644 979 695 fuerunt,
1001 644 1046 686 hi
1066 642 1213 686 insulis
1233 658 1322 685 sese
1354 644 1702 693 occultaverunt,

216 718 323 760 quas
344 710 470 746 aestus
489 703 660 746 efficere
678 712 965 747 consuerunt:
998 703 1144 752 multi,
1164 718 1217 745 ex
1244 701 1329 744 suis
1349 700 1505 744 finibus
1526 701 1703 760 egressi,

215 778 260 804 se
289 777 454 819 suaque
488 762 634 805 omnia
668 762 936 805 alienissimis
970 762 1266 805 crediderunt.
1330 760 1597 810 Cativolcus,
1626 776 1704 803 rex

217 820 408 864 dimidiae
427 821 567 881 partis
582 821 857 873 Eburonum,
880 821 957 880 qui
974 837 1061 865 una
1077 837 1178 864 cum
1199 819 1458 879 Ambiorige
1478 819 1708 863 consilium

219 878 394 932 inierat,
415 889 544 924 aetate
573 881 663 940 jam
695 882 931 931 confectus,
968 897 1104 938 quum
1138 880 1337 923 laborem
1373 888 1451 922 aut
1484 879 1592 922 belli
1627 887 1708 922 aut

220 939 338 997 fugae
365 941 481 984 ferre
519 957 606 984 non
641 949 803 999 posset,
844 941 1043 984 omnibus
1083 940 1289 999 precibus
1323 938 1562 982 detestatus
1603 939 1708 980 Am-

218 999 452 1059 biorigem,
485 1000 563 1058 qui
596 1000 686 1058 ejus
716 1000 883 1043 consilii
908 1008 1063 1043 auctor
1083 1000 1249 1049 fuisset,
1271 1006 1390 1048 taxo,
1410 999 1532 1057 cujus
1551 1013 1710 1056 magna

221 1058 267 1101 in
289 1060 437 1103 Gallia
459 1059 783 1117 Germaniaque
805 1059 931 1118 copia
943 1067 1023 1108 est,
1046 1076 1089 1102 se
1111 1057 1386 1102 exanimavit.

280 1121 353 1163 32.
390 1120 525 1179 Segni
543 1117 865 1176 Condrusique,
886 1135 940 1161 ex
961 1127 1092 1177 gente
1106 1127 1150 1161 et
1172 1134 1354 1161 numero
1372 1118 1711 1167 Germanorum,

224 1179 419 1238 quisunt
439 1180 556 1223 inter
586 1180 818 1223 Eburones
848 1178 1159 1236 Trevirosque‚
1195 1177 1366 1235 legatos
1401 1176 1459 1219 ad
1499 1176 1714 1219 Caesarem

228 1240 456 1288 miserunt,
490 1246 679 1288 oratum,
705 1254 759 1281 ne
791 1255 834 1281 se
872 1240 917 1280 in
950 1237 1140 1280 hostium
1175 1252 1358 1280 numero
1385 1237 1580 1286 duceret,
1608 1250 1715 1278 neve

229 1297 425 1341 omnium
469 1297 804 1345 Germanorum,
861 1296 938 1354 qui
989 1305 1128 1339 essent
1176 1296 1289 1338 citra
1337 1295 1553 1344 Rhenum,
1584 1309 1716 1336 unam

229 1372 320 1400 esse
361 1371 552 1398 caussam
594 1355 811 1413 judicaret
835 1369 845 1395 z
907 1354 1015 1396 nihil
1062 1372 1105 1395 se
1159 1354 1214 1396 de
1268 1354 1387 1396 bello
1443 1353 1716 1411 cogitavisse,

230 1415 352 1458 nulla
384 1413 633 1472 Ambiorigi
664 1412 826 1456 auxilia
845 1412 1020 1455 misisse.
1085 1412 1246 1461 Caesar,
1268 1412 1498 1470 explorata
1514 1428 1561 1453 re
1582 1427 1718 1468 quaes-

229 1475 349 1517 tione
381 1473 674 1532 captivorum,
707 1472 741 1514 si
775 1471 851 1528 qui
881 1470 937 1513 ad
959 1486 1030 1513 eos
1050 1471 1280 1513 Eburones
1299 1486 1353 1512 ex
1372 1470 1478 1528 fuga
1499 1470 1720 1514 convenis-

232 1541 344 1583 sent,
362 1532 418 1574 ad
439 1547 483 1574 se
505 1539 556 1573 ut
577 1530 913 1580 reducerentur,
946 1529 1179 1587 imperavit
1198 1544 1208 1578 ;
1239 1529 1274 1570 si
1297 1528 1359 1570 ita
1379 1528 1594 1578 fecissent,
1614 1528 1720 1572 fines

231 1608 387 1635 eorum
417 1607 462 1633 se
495 1589 764 1633 violaturum
798 1588 992 1647 negavit.
1055 1588 1169 1630 Tum
1204 1587 1340 1646 copiis
1374 1587 1419 1629 in
1455 1587 1534 1629 tris
1571 1597 1721 1646 partes

233 1649 495 1701 distributis,
529 1647 828 1708 inpedimenta
857 1647 1050 1692 omnium
1079 1646 1304 1705 legionum
1327 1645 1605 1690 Aduatucam
1624 1662 1723 1690 con-

284 1821 338 1852 Αη
359 1824 459 1861 temp.
480 1818 646 1851 exclusus.
693 1815 806 1859 Vulgo
823 1816 952 1848 addunt

230 1865 347 1909 suerit,
362 1864 477 1895 invitis
499 1864 599 1894 codd.

287 1910 455 1941 Dimissi-s.
492 1906 713 1939 Praemittitur
728 1907 832 1947 vulgo
843 1907 949 1937 vlam.

245 1953 302 1986 sed
326 1952 361 1983 id
383 1962 445 1983 nec
469 1952 621 1989 Graecus,
647 1962 708 1983 nec
735 1950 865 1987 Celsus,
889 1961 950 1981 nec

241 1997 340 2029 codd.
356 1996 552 2037 complures
566 1996 706 2034 habent,
719 2006 781 2027 nec
796 1995 872 2026 edd.
884 2000 951 2025 vet.

242 2043 335 2074 Bene
350 2051 429 2081 ergo
445 2039 610 2081 expunxit
632 2041 722 2071 Oud.
750 2050 813 2070 nec
836 2049 876 2070 ea
902 2050 954 2070 res

244 2086 333 2117 clam
360 2084 434 2116 fieri
462 2084 585 2126 potuit.
646 2085 684 2116 In
722 2083 804 2115 edit.
839 2088 952 2114 tamen

245 2129 434 2173 posteriore
450 2127 609 2160 servavit.

292 2175 445 2206 ProoeImz'
463 2174 647 2204 Oceanum.
682 2171 738 2204 Sic
754 2171 837 2204 boni
853 2172 956 2203 codd.

246 2217 359 2259 Vulgo
378 2218 520 2248 Oceano.
564 2216 753 2257 Utrumque
770 2217 873 2247 valet.
901 2216 954 2247 Cf.

245 2263 398 2294 Gronov.
423 2263 466 2292 ad
490 2261 566 2292 Liv.
582 2264 613 2298 8,
637 2263 690 2291 32.
735 2261 822 2292 Mox
845 2262 880 2292 1ιὲ
902 2263 956 2291 τή-

246 2309 338 2338 sule's.
356 2305 416 2337 alii
432 2307 468 2344 ii,
494 2305 556 2336 alii
574 2307 609 2336 hri
624 2307 661 2336 ‘in
683 2306 812 2337 insulis·-
866 2303 956 2335 Oud.

246 2361 266 2381 e
282 2351 385 2381 codd.
401 2349 595 2381 emendavit
610 2348 643 2380 in
659 2349 739 2380 edit.
757 2353 884 2390 poster.

297 2395 482 2426 Cativolcus
517 2411 561 2417 -
586 2395 805 2425 avcmifnarit.
873 2393 954 2424 Haec

250 2437 407 2480 periodus
431 2437 664 2478 pulcherrime
681 2443 805 2469 structa
821 2442 879 2469 cst.
910 2437 960 2468 M.

248 2484 305 2514 Gr.
330 2481 548 2518 Κατῖβουλκος.

295 2526 471 2565 Precibus,
507 2525 838 2567 imprecationibus:
881 2534 961 2555 nam

252 2576 286 2601 et
300 2570 354 2601 hae
377 2575 453 2600 sunt
478 2580 608 2611 preces,
635 2570 762 2611 quihus
790 2568 918 2610 petitur
939 2580 960 2600 a

255 2615 341 2652 Deo,
367 2619 403 2644 ut
432 2613 582 2654 aliquem
622 2614 711 2645 male
744 2614 873 2654 perdat.
912 2614 963 2644 M.

252 2659 354 2690 Tales
366 2668 477 2699 preces
494 2659 588 2690 dira-s
603 2663 704 2689 vocat
718 2657 859 2688 Tacitus
875 2657 961 2688 Ann.

1018 1817 1121 1859 Oinoy
1136 1816 1192 1847 vel
1217 1816 1359 1858 Chium,
1385 1827 1454 1858 quo
1480 1815 1582 1858 Segni
1597 1821 1725 1849 veteres

1016 1861 1248 1892 dinoscuntur.

1064 1905 1294 1937 Aduatucam.
1351 1904 1483 1936 Nomen
1520 1904 1555 1936 id
1591 1904 1727 1937 castelli

1017 1949 1155 1981 divisim
1172 1949 1218 1980 ad
1232 1950 1396 1981 Vultu-nm
1408 1948 1568 1980 scribitur
1579 1949 1613 1980 in
1626 1950 1727 1981 codd.

1017 2000 1049 2024 et
1065 1994 1141 2024 edd.
1158 1999 1225 2024 vet.
1240 1992 1391 2024 Junctim
1416 1992 1449 2024 id
1473 1993 1553 2034 legit
1569 1993 1728 2025 Valesius

1018 2037 1050 2069 in
1072 2038 1152 2069 Not.
1168 2037 1258 2069 Gall.
1280 2048 1315 2079 p.
1339 2039 1413 2068 566.
1438 2039 1529 2078 quod
1556 2038 1635 2070 inde
1663 2037 1726 2069 alii

1017 2083 1120 2122 vulgo
1155 2081 1275 2113 secuti.
1342 2081 1512 2123 Displicet
1550 2082 1616 2114 hoc
1654 2082 1727 2114 viro

1019 2127 1122 2157 docto
1145 2126 1172 2157 I.
1196 2125 1236 2156 C.
1253 2125 1296 2156 11.
1311 2125 1370 2166 qui
1399 2125 1433 2158 in
1458 2125 1606 2158 Miscell.
1632 2126 1729 2168 LiPS.

1020 2170 1117 2202 novis
1133 2170 1200 2201 vol.
1220 2174 1249 2202 3.
1266 2181 1300 2211 p.
1318 2172 1380 2202 658
1405 2170 1535 2202 restitui
1559 2171 1657 2212 jubet
1682 2171 1728 2202 wl

1028 2215 1205 2246 I'ctlncam.
1233 2213 1391 2255 Sequitur
1404 2220 1518 2246 autem
1534 2214 1730 2246 Fullonium

1021 2258 1056 2289 in
1080 2258 1170 2290 Hist.
1194 2258 1377 2290 Leodiensi
1401 2266 1426 2291 t.
1452 2260 1483 2290 1.
1507 2270 1542 2300 p.
1563 2261 1589 2291 1.
1605 2270 1682 2301 cap.
1699 2262 1731 2290 S.

1023 2314 1057 2344 p.
1076 2305 1127 2334 17.
1145 2302 1205 2334 ubi
1221 2304 1409 2339 castellum,
1423 2304 1464 2334 de
1479 2314 1548 2345 quo
1560 2304 1679 2345 agitur,
1696 2303 1730 2334 in

1026 2349 1175 2379 Casseila
1205 2358 1313 2389 prope
1338 2347 1566 2383 Wittemium,
1594 2348 1732 2388 Trajec-

1022 2398 1094 2423 tum
1110 2391 1196 2424 inter
1211 2392 1321 2423 Mosae
1337 2398 1369 2424 et
1385 2392 1631 2433 Aquisgranum
1648 2391 1731 2426 figit.

1024 2435 1192 2467 Convenit
1231 2436 1347 2468 statim
1393 2447 1517 2468 nornen
1564 2437 1730 2474 cassella»,

1024 2479 1103 2512 dein
1126 2480 1210 2512 situs
1235 2480 1268 2512 in
1292 2479 1416 2512 mediis
1440 2481 1641 2511 Eburonum
1655 2479 1734 2511 fini-

1024 2525 1101 2563 bus,
1117 2535 1264 2566 quorum
1282 2524 1406 2556 civitas
1429 2524 1587 2566 proprior
1610 2523 1734 2554 Rheno

1027 2569 1164 2600 Mosam
1190 2569 1275 2601 inter
1298 2574 1331 2600 et
1360 2569 1517 2600 Rhenum
1541 2567 1733 2599 habitabat.

1026 2613 1080 2644 Cf.
1105 2617 1136 2650 5,
1160 2614 1214 2651 99,
1239 2615 1270 2650 6,
1287 2615 1338 2644 35.
1396 2612 1449 2644 Sic
1478 2613 1669 2650 Aduamea,
1692 2613 1734 2642 de.

1026 2667 1093 2698 qua
1110 2658 1238 2689 mentio
1254 2661 1286 2695 2,
1297 2658 1351 2688 29.
1367 2656 1418 2688 cis
1432 2656 1568 2687 Mosam
1579 2655 1641 2687 sita
1655 2656 1733 2695 fuit,

258 2704 311 2741 14,
329 2704 383 2734 30.
407 2703 517 2734 iratas
538 2701 702 2733 Horatius
725 2701 795 2733 Sat.
811 2704 843 2740 2,
861 2702 892 2741 6,
910 2704 963 2734 30.

252 2746 389 2778 Graecus
402 2745 501 2777 vertit
518 2746 674 2789 κατάξαις.

307 2792 413 2822 Tamo.
447 2788 490 2820 V.
508 2790 599 2821 Plin.
618 2792 673 2830 16,
687 2791 725 2821 10
740 2789 830 2829 (90).

302 2837 407 2876 Seqnz‘
427 2834 670 2875 Com‘lrusique.
711 2834 963 2865 Condrusorum

254 2889 378 2911 nomen
394 2878 562 2920 hodieque
575 2879 609 2910 in
623 2878 808 2910 Leodiensi
825 2877 962 2919 regione

255 2923 404 2957 obtinet.
447 2923 510 2957 Est
525 2927 559 2956 et
582 2922 616 2957 in
639 2922 770 2956 vicinia
795 2923 964 2967 oppidum

1027 2703 1218 2740 castellum,
1231 2701 1323 2742 quod
1339 2700 1410 2731 sive
1426 2700 1638 2732 Aduatucam
1661 2700 1734 2733 sive

1026 2746 1074 2777 acl
1093 2748 1261 2777 Valla-am,
1275 2744 1381 2782 dicas,
1399 2743 1538 2784 perinde
1550 2754 1623 2775 esse
1638 2750 1734 2786 puto,

1024 2795 1117 2821 trans
1144 2789 1282 2820 Mosam
1309 2788 1392 2819 inter
1408 2789 1497 2819 hunc
1514 2794 1546 2819 et
1562 2788 1734 2826 Rhenum.

1028 2834 1152 2865 Baxter
1181 2833 1214 2864 in
1247 2832 1359 2864 Gloss.
1388 2831 1495 2874 antiq.
1521 2831 1674 2864 Britann.
1699 2844 1734 2874 p.

1033 2880 1102 2909 192.
1120 2886 1243 2909 nomen
1259 2877 1430 2918 explicare
1453 2876 1574 2919 satagit
1597 2883 1633 2911 at
1655 2879 1735 2910 ϋιϊιε

1027 2933 1081 2962 av,
1096 2923 1140 2955 ad
1156 2922 1271 2955 fauces
1283 2922 1396 2954 undae.
