<?xml version="1.0" encoding="UTF-8"?>
<!DOCTYPE html PUBLIC "-//W3C//DTD XHTML 1.0 Transitional//EN"
    "http://www.w3.org/TR/xhtml1/DTD/xhtml1-transitional.dtd">
<html xmlns="http://www.w3.org/1999/xhtml" xml:lang="en" lang="en">
 <head>
  <title>
</title>
<meta http-equiv="Content-Type" content="text/html;charset=utf-8" />
  <meta name='ocr-system' content='tesseract 3.04.00' />
  <meta name='ocr-capabilities' content='ocr_page ocr_carea ocr_par ocr_line ocrx_word'/>
</head>
<body>
  <div class='ocr_page' id='page_1' title='image "./commentariidebel00caesuoft_0508.png"; bbox 0 0 1946 3261; ppageno 0'>
   <div class='ocr_carea' id='block_1_1' title="bbox 309 354 1858 2001">
    <p class='ocr_par' dir='ltr' id='par_1_1' title="bbox 309 354 1801 769">
     <span class='ocr_line' id='line_1_1' title="bbox 309 354 1792 416; baseline -0.003 -13"><span class='ocrx_word' id='word_1_1' title='bbox 309 362 448 408; x_wconf 84' lang='lat' dir='ltr'>tisset‚</span> <span class='ocrx_word' id='word_1_2' title='bbox 477 355 621 416; x_wconf 86' lang='lat' dir='ltr'>copias</span> <span class='ocrx_word' id='word_1_3' title='bbox 641 372 738 400; x_wconf 87' lang='lat' dir='ltr'>suas</span> <span class='ocrx_word' id='word_1_4' title='bbox 764 371 908 399; x_wconf 91' lang='lat' dir='ltr'>omnes</span> <span class='ocrx_word' id='word_1_5' title='bbox 941 371 1021 415; x_wconf 86' lang='lat' dir='ltr'>pro</span> <span class='ocrx_word' id='word_1_6' title='bbox 1058 354 1208 399; x_wconf 88' lang='lat' dir='ltr'>castris</span> <span class='ocrx_word' id='word_1_7' title='bbox 1241 355 1465 406; x_wconf 83' lang='lat' dir='ltr'>instruxit,</span> <span class='ocrx_word' id='word_1_8' title='bbox 1503 370 1626 414; x_wconf 78' lang='lat' dir='ltr'>quaS‚</span> <span class='ocrx_word' id='word_1_9' title='bbox 1662 355 1792 399; x_wconf 89' lang='lat' dir='ltr'>inter-</span> 
     </span>
     <span class='ocr_line' id='line_1_2' title="bbox 313 413 1795 478; baseline -0.002 -17"><span class='ocrx_word' id='word_1_10' title='bbox 313 418 458 478; x_wconf 88' lang='lat' dir='ltr'>posita</span> <span class='ocrx_word' id='word_1_11' title='bbox 493 424 618 460; x_wconf 85' lang='lat' dir='ltr'>tanta</span> <span class='ocrx_word' id='word_1_12' title='bbox 655 416 850 459; x_wconf 89' lang='lat' dir='ltr'>locorum</span> <span class='ocrx_word' id='word_1_13' title='bbox 887 414 1131 472; x_wconf 81' lang='lat' dir='ltr'>iniquitate,</span> <span class='ocrx_word' id='word_1_14' title='bbox 1175 415 1487 458; x_wconf 88' lang='lat' dir='ltr'>consuetudine</span> <span class='ocrx_word' id='word_1_15' title='bbox 1525 413 1664 472; x_wconf 86' lang='lat' dir='ltr'>magis</span> <span class='ocrx_word' id='word_1_16' title='bbox 1698 431 1795 474; x_wconf 90' lang='lat' dir='ltr'>per-</span> 
     </span>
     <span class='ocr_line' id='line_1_3' title="bbox 314 474 1797 533; baseline -0.003 -13"><span class='ocrx_word' id='word_1_17' title='bbox 314 477 501 533; x_wconf 84' lang='lat' dir='ltr'>vulgata</span> <span class='ocrx_word' id='word_1_18' title='bbox 520 474 699 518; x_wconf 86' lang='lat' dir='ltr'>militari</span> <span class='ocrx_word' id='word_1_19' title='bbox 725 474 934 517; x_wconf 87' lang='lat' dir='ltr'>credebat</span> <span class='ocrx_word' id='word_1_20' title='bbox 964 474 1120 516; x_wconf 87' lang='lat' dir='ltr'>instrui</span> <span class='ocrx_word' id='word_1_21' title='bbox 1143 474 1315 523; x_wconf 80' lang='lat' dir='ltr'>Caesar3</span> <span class='ocrx_word' id='word_1_22' title='bbox 1345 474 1419 517; x_wconf 89' lang='lat' dir='ltr'>vel</span> <span class='ocrx_word' id='word_1_23' title='bbox 1446 474 1500 517; x_wconf 87' lang='lat' dir='ltr'>ad</span> <span class='ocrx_word' id='word_1_24' title='bbox 1533 488 1643 533; x_wconf 88' lang='lat' dir='ltr'>opus</span> <span class='ocrx_word' id='word_1_25' title='bbox 1673 488 1797 516; x_wconf 88' lang='lat' dir='ltr'>suum</span> 
     </span>
     <span class='ocr_line' id='line_1_4' title="bbox 315 530 1798 592; baseline -0.003 -14"><span class='ocrx_word' id='word_1_26' title='bbox 315 533 595 583; x_wconf 86' lang='lat' dir='ltr'><strong>tardandum,</strong></span> <span class='ocrx_word' id='word_1_27' title='bbox 611 547 613 550; x_wconf 87' lang='grc'><strong><em>·</em></strong></span> <span class='ocrx_word' id='word_1_28' title='bbox 632 549 720 592; x_wconf 91' lang='lat' dir='ltr'>quo</span> <span class='ocrx_word' id='word_1_29' title='bbox 784 533 902 575; x_wconf 88' lang='lat' dir='ltr'>lures</span> <span class='ocrx_word' id='word_1_30' title='bbox 932 530 976 574; x_wconf 89' lang='lat' dir='ltr'>in</span> <span class='ocrx_word' id='word_1_31' title='bbox 1007 533 1136 575; x_wconf 87' lang='lat' dir='ltr'>armis</span> <span class='ocrx_word' id='word_1_32' title='bbox 1168 541 1451 582; x_wconf 84' lang='lat' dir='ltr'>tenerentur;</span> <span class='ocrx_word' id='word_1_33' title='bbox 1483 532 1556 575; x_wconf 90' lang='lat' dir='ltr'>vel</span> <span class='ocrx_word' id='word_1_34' title='bbox 1583 531 1638 575; x_wconf 84' lang='lat' dir='ltr'>ad</span> <span class='ocrx_word' id='word_1_35' title='bbox 1659 539 1798 575; x_wconf 87' lang='lat' dir='ltr'>osten-</span> 
     </span>
     <span class='ocr_line' id='line_1_5' title="bbox 317 549 1797 652; baseline -0.003 -15"><span class='ocrx_word' id='word_1_36' title='bbox 317 593 533 637; x_wconf 84' lang='lat' dir='ltr'>tationem</span> <span class='ocrx_word' id='word_1_37' title='bbox 564 592 715 652; x_wconf 86' lang='lat' dir='ltr'>Regiae</span> <span class='ocrx_word' id='word_1_38' title='bbox 748 549 929 640; x_wconf 50' lang='lat' dir='ltr'>fiduciae,</span> <span class='ocrx_word' id='word_1_39' title='bbox 969 605 1022 633; x_wconf 89' lang='lat' dir='ltr'>ne</span> <span class='ocrx_word' id='word_1_40' title='bbox 1053 591 1292 635; x_wconf 88' lang='lat' dir='ltr'>munitione</span> <span class='ocrx_word' id='word_1_41' title='bbox 1318 592 1470 649; x_wconf 85' lang='lat' dir='ltr'>magis,</span> <span class='ocrx_word' id='word_1_42' title='bbox 1499 606 1631 649; x_wconf 91' lang='lat' dir='ltr'>quam</span> <span class='ocrx_word' id='word_1_43' title='bbox 1650 605 1797 646; x_wconf 75' lang='lat' dir='ltr'>manu,</span> 
     </span>
     <span class='ocr_line' id='line_1_6' title="bbox 313 649 1800 708; baseline -0.003 -12"><span class='ocrx_word' id='word_1_44' title='bbox 313 651 553 696; x_wconf 87' lang='lat' dir='ltr'><strong>defendere</strong></span> <span class='ocrx_word' id='word_1_45' title='bbox 589 651 735 694; x_wconf 90' lang='lat' dir='ltr'>locum</span> <span class='ocrx_word' id='word_1_46' title='bbox 779 649 1019 692; x_wconf 88' lang='lat' dir='ltr'>Pharnaces</span> <span class='ocrx_word' id='word_1_47' title='bbox 1053 650 1293 693; x_wconf 86' lang='lat' dir='ltr'>videretur.</span> <span class='ocrx_word' id='word_1_48' title='bbox 1374 650 1533 708; x_wconf 85' lang='lat' dir='ltr'>Itaque</span> <span class='ocrx_word' id='word_1_49' title='bbox 1565 649 1800 693; x_wconf 88' lang='lat' dir='ltr'>deterritus</span> 
     </span>
     <span class='ocr_line' id='line_1_7' title="bbox 315 707 1801 769; baseline -0.004 -14"><span class='ocrx_word' id='word_1_50' title='bbox 315 725 404 755; x_wconf 86' lang='lat' dir='ltr'>non</span> <span class='ocrx_word' id='word_1_51' title='bbox 422 719 502 762; x_wconf 85' lang='lat' dir='ltr'>est,</span> <span class='ocrx_word' id='word_1_52' title='bbox 524 725 613 769; x_wconf 90' lang='lat' dir='ltr'>quo</span> <span class='ocrx_word' id='word_1_53' title='bbox 634 709 790 758; x_wconf 91' lang='lat' dir='ltr'>minus,</span> <span class='ocrx_word' id='word_1_54' title='bbox 811 708 952 767; x_wconf 88' lang='lat' dir='ltr'>prima</span> <span class='ocrx_word' id='word_1_55' title='bbox 983 707 1074 751; x_wconf 89' lang='lat' dir='ltr'>acie</span> <span class='ocrx_word' id='word_1_56' title='bbox 1107 724 1190 768; x_wconf 91' lang='lat' dir='ltr'>pro</span> <span class='ocrx_word' id='word_1_57' title='bbox 1221 709 1338 752; x_wconf 88' lang='lat' dir='ltr'>vallo</span> <span class='ocrx_word' id='word_1_58' title='bbox 1370 708 1596 757; x_wconf 89' lang='lat' dir='ltr'>instructa,</span> <span class='ocrx_word' id='word_1_59' title='bbox 1630 707 1801 766; x_wconf 89' lang='lat' dir='ltr'>reliqua</span> 
     </span>
    </p>

    <p class='ocr_par' dir='ltr' id='par_1_2' title="bbox 312 766 1858 1649">
     <span class='ocr_line' id='line_1_8' title="bbox 349 766 1858 826; baseline -0.004 -12"><span class='ocrx_word' id='word_1_60' title='bbox 349 785 419 814; x_wconf 86' lang='lat' dir='ltr'>ars</span> <span class='ocrx_word' id='word_1_61' title='bbox 453 769 669 812; x_wconf 88' lang='lat' dir='ltr'>exercitus</span> <span class='ocrx_word' id='word_1_62' title='bbox 705 783 814 826; x_wconf 90' lang='lat' dir='ltr'>opus</span> <span class='ocrx_word' id='word_1_63' title='bbox 847 767 1023 810; x_wconf 86' lang='lat' dir='ltr'>faceret.</span> <span class='ocrx_word' id='word_1_64' title='bbox 1087 769 1151 811; x_wconf 94' lang='lat' dir='ltr'>At</span> <span class='ocrx_word' id='word_1_65' title='bbox 1187 767 1443 818; x_wconf 90' lang='lat' dir='ltr'>Pharnaces,</span> <span class='ocrx_word' id='word_1_66' title='bbox 1480 766 1675 826; x_wconf 87' lang='lat' dir='ltr'>inpulsus</span> <span class='ocrx_word' id='word_1_67' title='bbox 1709 767 1801 808; x_wconf 79' lang='lat' dir='ltr'>sive</span> <span class='ocrx_word' id='word_1_68' title='bbox 1856 813 1858 815; x_wconf 41' lang='grc'>,</span> 
     </span>
     <span class='ocr_line' id='line_1_9' title="bbox 333 825 1802 884; baseline -0.003 -13"><span class='ocrx_word' id='word_1_69' title='bbox 333 828 401 872; x_wconf 88' lang='lat' dir='ltr'>oci</span> <span class='ocrx_word' id='word_1_70' title='bbox 420 827 657 877; x_wconf 79' lang='lat' dir='ltr'>felicitate3</span> <span class='ocrx_word' id='word_1_71' title='bbox 689 826 779 869; x_wconf 90' lang='lat' dir='ltr'>sive</span> <span class='ocrx_word' id='word_1_72' title='bbox 800 826 999 884; x_wconf 85' lang='lat' dir='ltr'>auspiciis</span> <span class='ocrx_word' id='word_1_73' title='bbox 1017 834 1063 868; x_wconf 93' lang='lat' dir='ltr'>et</span> <span class='ocrx_word' id='word_1_74' title='bbox 1084 826 1367 884; x_wconf 85' lang='lat' dir='ltr'>religionibus</span> <span class='ocrx_word' id='word_1_75' title='bbox 1387 825 1609 876; x_wconf 88' lang='lat' dir='ltr'>inductus,</span> <span class='ocrx_word' id='word_1_76' title='bbox 1641 825 1802 883; x_wconf 88' lang='lat' dir='ltr'>quibus</span> 
     </span>
     <span class='ocr_line' id='line_1_10' title="bbox 316 884 1801 945; baseline -0.003 -14"><span class='ocrx_word' id='word_1_77' title='bbox 316 887 643 945; x_wconf 86' lang='lat' dir='ltr'>obtemperasse</span> <span class='ocrx_word' id='word_1_78' title='bbox 679 901 780 928; x_wconf 89' lang='lat' dir='ltr'>eum</span> <span class='ocrx_word' id='word_1_79' title='bbox 818 892 969 943; x_wconf 88' lang='lat' dir='ltr'>postea</span> <span class='ocrx_word' id='word_1_80' title='bbox 998 885 1307 935; x_wconf 90' lang='lat' dir='ltr'>audiebamus;</span> <span class='ocrx_word' id='word_1_81' title='bbox 1337 885 1426 928; x_wconf 85' lang='lat' dir='ltr'>sive</span> <span class='ocrx_word' id='word_1_82' title='bbox 1461 884 1684 944; x_wconf 83' lang='lat' dir='ltr'>paucitate</span> <span class='ocrx_word' id='word_1_83' title='bbox 1706 899 1801 926; x_wconf 92' lang='lat' dir='ltr'>nos-</span> 
     </span>
     <span class='ocr_line' id='line_1_11' title="bbox 315 940 1803 1003; baseline -0.002 -15"><span class='ocrx_word' id='word_1_84' title='bbox 315 954 506 995; x_wconf 87' lang='lat' dir='ltr'>trorum,</span> <span class='ocrx_word' id='word_1_85' title='bbox 528 945 605 1002; x_wconf 91' lang='lat' dir='ltr'>qui</span> <span class='ocrx_word' id='word_1_86' title='bbox 637 943 681 986; x_wconf 91' lang='lat' dir='ltr'>in</span> <span class='ocrx_word' id='word_1_87' title='bbox 702 943 832 987; x_wconf 88' lang='lat' dir='ltr'>armis</span> <span class='ocrx_word' id='word_1_88' title='bbox 862 952 1003 993; x_wconf 89' lang='lat' dir='ltr'>erant,</span> <span class='ocrx_word' id='word_1_89' title='bbox 1040 953 1296 1003; x_wconf 85' lang='lat' dir='ltr'>comperta;</span> <span class='ocrx_word' id='word_1_90' title='bbox 1329 959 1466 1002; x_wconf 91' lang='lat' dir='ltr'>quum</span> <span class='ocrx_word' id='word_1_91' title='bbox 1503 959 1623 986; x_wconf 90' lang='lat' dir='ltr'>more</span> <span class='ocrx_word' id='word_1_92' title='bbox 1658 940 1803 1001; x_wconf 85' lang='lat' dir='ltr'>operis</span> 
     </span>
     <span class='ocr_line' id='line_1_12' title="bbox 315 1002 1801 1063; baseline -0.003 -16"><span class='ocrx_word' id='word_1_93' title='bbox 315 1003 560 1063; x_wconf 90' lang='lat' dir='ltr'>quotidiani</span> <span class='ocrx_word' id='word_1_94' title='bbox 595 1017 798 1061; x_wconf 86' lang='lat' dir='ltr'>magnam</span> <span class='ocrx_word' id='word_1_95' title='bbox 830 1002 949 1045; x_wconf 87' lang='lat' dir='ltr'>illam</span> <span class='ocrx_word' id='word_1_96' title='bbox 981 1018 1209 1046; x_wconf 89' lang='lat' dir='ltr'>servorum</span> <span class='ocrx_word' id='word_1_97' title='bbox 1241 1002 1584 1052; x_wconf 87' lang='lat' dir='ltr'>multitudinem,</span> <span class='ocrx_word' id='word_1_98' title='bbox 1606 1017 1704 1060; x_wconf 86' lang='lat' dir='ltr'>quae</span> <span class='ocrx_word' id='word_1_99' title='bbox 1725 1015 1801 1058; x_wconf 85' lang='lat' dir='ltr'>ag-</span> 
     </span>
     <span class='ocr_line' id='line_1_13' title="bbox 315 1059 1804 1122; baseline -0.002 -17"><span class='ocrx_word' id='word_1_100' title='bbox 315 1077 466 1122; x_wconf 89' lang='lat' dir='ltr'>gerem</span> <span class='ocrx_word' id='word_1_101' title='bbox 493 1062 716 1120; x_wconf 87' lang='lat' dir='ltr'>portabat,</span> <span class='ocrx_word' id='word_1_102' title='bbox 749 1060 938 1104; x_wconf 90' lang='lat' dir='ltr'>militum</span> <span class='ocrx_word' id='word_1_103' title='bbox 965 1077 1052 1105; x_wconf 91' lang='lat' dir='ltr'>esse</span> <span class='ocrx_word' id='word_1_104' title='bbox 1071 1061 1319 1105; x_wconf 87' lang='lat' dir='ltr'>credidisset</span> <span class='ocrx_word' id='word_1_105' title='bbox 1339 1077 1349 1112; x_wconf 89' lang='lat'>;</span> <span class='ocrx_word' id='word_1_106' title='bbox 1380 1062 1470 1105; x_wconf 88' lang='lat' dir='ltr'>sive</span> <span class='ocrx_word' id='word_1_107' title='bbox 1490 1061 1623 1104; x_wconf 90' lang='lat' dir='ltr'>etiam</span> <span class='ocrx_word' id='word_1_108' title='bbox 1643 1059 1804 1103; x_wconf 88' lang='lat' dir='ltr'>fiducia</span> 
     </span>
     <span class='ocr_line' id='line_1_14' title="bbox 316 1119 1804 1178; baseline -0.003 -13"><span class='ocrx_word' id='word_1_109' title='bbox 316 1122 516 1165; x_wconf 88' lang='lat' dir='ltr'>veterani</span> <span class='ocrx_word' id='word_1_110' title='bbox 552 1119 766 1163; x_wconf 87' lang='lat' dir='ltr'>exercitus</span> <span class='ocrx_word' id='word_1_111' title='bbox 805 1119 887 1170; x_wconf 88' lang='lat' dir='ltr'>sui,</span> <span class='ocrx_word' id='word_1_112' title='bbox 928 1136 1061 1178; x_wconf 92' lang='lat' dir='ltr'>quem</span> <span class='ocrx_word' id='word_1_113' title='bbox 1097 1120 1228 1163; x_wconf 93' lang='lat' dir='ltr'>XXII</span> <span class='ocrx_word' id='word_1_114' title='bbox 1271 1121 1314 1163; x_wconf 93' lang='lat' dir='ltr'>in</span> <span class='ocrx_word' id='word_1_115' title='bbox 1349 1120 1438 1163; x_wconf 90' lang='lat' dir='ltr'>acie</span> <span class='ocrx_word' id='word_1_116' title='bbox 1473 1119 1727 1168; x_wconf 87' lang='lat' dir='ltr'>conflixisse,</span> <span class='ocrx_word' id='word_1_117' title='bbox 1757 1126 1804 1161; x_wconf 89' lang='lat' dir='ltr'>et</span> 
     </span>
     <span class='ocr_line' id='line_1_15' title="bbox 320 1178 1805 1236; baseline -0.003 -12"><span class='ocrx_word' id='word_1_118' title='bbox 320 1180 466 1224; x_wconf 90' lang='lat' dir='ltr'>vicisse</span> <span class='ocrx_word' id='word_1_119' title='bbox 501 1178 636 1236; x_wconf 87' lang='lat' dir='ltr'>legati</span> <span class='ocrx_word' id='word_1_120' title='bbox 670 1178 762 1236; x_wconf 87' lang='lat' dir='ltr'>ejus</span> <span class='ocrx_word' id='word_1_121' title='bbox 794 1178 1124 1236; x_wconf 87' lang='lat' dir='ltr'>gloriabantur;</span> <span class='ocrx_word' id='word_1_122' title='bbox 1164 1180 1290 1222; x_wconf 91' lang='lat' dir='ltr'>simul</span> <span class='ocrx_word' id='word_1_123' title='bbox 1328 1188 1554 1222; x_wconf 90' lang='lat' dir='ltr'>contemtu</span> <span class='ocrx_word' id='word_1_124' title='bbox 1591 1178 1805 1221; x_wconf 86' lang='lat' dir='ltr'>exercitus</span> 
     </span>
     <span class='ocr_line' id='line_1_16' title="bbox 318 1236 1804 1295; baseline -0.003 -13"><span class='ocrx_word' id='word_1_125' title='bbox 318 1237 474 1286; x_wconf 88' lang='lat' dir='ltr'>nostri,</span> <span class='ocrx_word' id='word_1_126' title='bbox 496 1252 626 1294; x_wconf 87' lang='lat' dir='ltr'>quem</span> <span class='ocrx_word' id='word_1_127' title='bbox 647 1238 822 1295; x_wconf 87' lang='lat' dir='ltr'>pulsum</span> <span class='ocrx_word' id='word_1_128' title='bbox 849 1253 875 1279; x_wconf 90' lang='lat' dir='ltr'>a</span> <span class='ocrx_word' id='word_1_129' title='bbox 903 1254 961 1287; x_wconf 91' lang='lat' dir='ltr'>se,</span> <span class='ocrx_word' id='word_1_130' title='bbox 987 1238 1182 1282; x_wconf 85' lang='lat' dir='ltr'>Domitio</span> <span class='ocrx_word' id='word_1_131' title='bbox 1204 1239 1344 1287; x_wconf 90' lang='lat' dir='ltr'>Duce,</span> <span class='ocrx_word' id='word_1_132' title='bbox 1375 1238 1553 1287; x_wconf 88' lang='lat' dir='ltr'>sciebat,</span> <span class='ocrx_word' id='word_1_133' title='bbox 1574 1236 1682 1279; x_wconf 89' lang='lat' dir='ltr'>inito</span> <span class='ocrx_word' id='word_1_134' title='bbox 1707 1251 1804 1279; x_wconf 91' lang='lat' dir='ltr'>con-</span> 
     </span>
     <span class='ocr_line' id='line_1_17' title="bbox 317 1294 1805 1354; baseline -0.001 -15"><span class='ocrx_word' id='word_1_135' title='bbox 317 1297 413 1339; x_wconf 90' lang='lat' dir='ltr'>silio</span> <span class='ocrx_word' id='word_1_136' title='bbox 443 1294 693 1348; x_wconf 77' lang='lat' dir='ltr'>dimicandi,</span> <span class='ocrx_word' id='word_1_137' title='bbox 729 1295 988 1338; x_wconf 88' lang='lat' dir='ltr'><strong>descendere</strong></span> <span class='ocrx_word' id='word_1_138' title='bbox 1026 1305 1251 1354; x_wconf 77' lang='lat' dir='ltr'>praerupta</span> <span class='ocrx_word' id='word_1_139' title='bbox 1284 1295 1399 1338; x_wconf 85' lang='lat' dir='ltr'>valle</span> <span class='ocrx_word' id='word_1_140' title='bbox 1439 1296 1585 1354; x_wconf 85' lang='lat' dir='ltr'>coepit.</span> <span class='ocrx_word' id='word_1_141' title='bbox 1666 1294 1805 1354; x_wconf 88' lang='lat' dir='ltr'>Cujus</span> 
     </span>
     <span class='ocr_line' id='line_1_18' title="bbox 312 1352 1804 1412; baseline -0.001 -14"><span class='ocrx_word' id='word_1_142' title='bbox 312 1352 585 1412; x_wconf 88' lang='lat' dir='ltr'>aliquamdiu</span> <span class='ocrx_word' id='word_1_143' title='bbox 609 1354 754 1397; x_wconf 87' lang='lat' dir='ltr'>Caesar</span> <span class='ocrx_word' id='word_1_144' title='bbox 773 1353 992 1398; x_wconf 82' lang='lat' dir='ltr'>inridebat</span> <span class='ocrx_word' id='word_1_145' title='bbox 1014 1355 1181 1397; x_wconf 92' lang='lat' dir='ltr'>inanem</span> <span class='ocrx_word' id='word_1_146' title='bbox 1204 1355 1536 1398; x_wconf 85' lang='lat' dir='ltr'>ostentationem</span> <span class='ocrx_word' id='word_1_147' title='bbox 1556 1362 1602 1398; x_wconf 86' lang='lat' dir='ltr'>et</span> <span class='ocrx_word' id='word_1_148' title='bbox 1628 1369 1681 1398; x_wconf 93' lang='lat' dir='ltr'>eo</span> <span class='ocrx_word' id='word_1_149' title='bbox 1709 1353 1804 1397; x_wconf 89' lang='lat' dir='ltr'>loco</span> 
     </span>
     <span class='ocr_line' id='line_1_19' title="bbox 314 1413 1803 1471; baseline 0 -15"><span class='ocrx_word' id='word_1_150' title='bbox 314 1413 505 1456; x_wconf 89' lang='lat' dir='ltr'>militum</span> <span class='ocrx_word' id='word_1_151' title='bbox 542 1413 866 1463; x_wconf 62' lang='lat' dir='ltr'>ominationem,</span> <span class='ocrx_word' id='word_1_152' title='bbox 903 1429 1034 1471; x_wconf 90' lang='lat' dir='ltr'>quem</span> <span class='ocrx_word' id='word_1_153' title='bbox 1069 1413 1113 1456; x_wconf 90' lang='lat' dir='ltr'>in</span> <span class='ocrx_word' id='word_1_154' title='bbox 1151 1414 1294 1457; x_wconf 92' lang='lat' dir='ltr'>locum</span> <span class='ocrx_word' id='word_1_155' title='bbox 1335 1429 1460 1456; x_wconf 90' lang='lat' dir='ltr'>nemo</span> <span class='ocrx_word' id='word_1_156' title='bbox 1496 1429 1624 1457; x_wconf 90' lang='lat' dir='ltr'>sanus</span> <span class='ocrx_word' id='word_1_157' title='bbox 1673 1413 1803 1456; x_wconf 88' lang='lat' dir='ltr'>hostis</span> 
     </span>
     <span class='ocr_line' id='line_1_20' title="bbox 312 1471 1804 1530; baseline 0 -16"><span class='ocrx_word' id='word_1_158' title='bbox 312 1471 542 1515; x_wconf 90' lang='lat' dir='ltr'>subiturus</span> <span class='ocrx_word' id='word_1_159' title='bbox 570 1481 706 1515; x_wconf 88' lang='lat' dir='ltr'>esset:</span> <span class='ocrx_word' id='word_1_160' title='bbox 740 1487 877 1528; x_wconf 92' lang='lat' dir='ltr'>quum</span> <span class='ocrx_word' id='word_1_161' title='bbox 899 1472 1071 1514; x_wconf 86' lang='lat' dir='ltr'>interim</span> <span class='ocrx_word' id='word_1_162' title='bbox 1098 1472 1334 1515; x_wconf 83' lang='lat' dir='ltr'>Pharnaces</span> <span class='ocrx_word' id='word_1_163' title='bbox 1355 1473 1504 1516; x_wconf 89' lang='lat' dir='ltr'>eodem</span> <span class='ocrx_word' id='word_1_164' title='bbox 1526 1471 1684 1530; x_wconf 87' lang='lat' dir='ltr'>gradu,</span> <span class='ocrx_word' id='word_1_165' title='bbox 1713 1487 1804 1530; x_wconf 90' lang='lat' dir='ltr'>quo</span> 
     </span>
     <span class='ocr_line' id='line_1_21' title="bbox 313 1530 1805 1589; baseline 0 -16"><span class='ocrx_word' id='word_1_166' title='bbox 313 1538 542 1589; x_wconf 88' lang='lat' dir='ltr'>praerupta</span> <span class='ocrx_word' id='word_1_167' title='bbox 572 1530 616 1572; x_wconf 91' lang='lat' dir='ltr'>in</span> <span class='ocrx_word' id='word_1_168' title='bbox 647 1530 850 1588; x_wconf 84' lang='lat' dir='ltr'>proelium</span> <span class='ocrx_word' id='word_1_169' title='bbox 871 1530 1149 1574; x_wconf 84' lang='lat' dir='ltr'>descenderat</span> <span class='ocrx_word' id='word_1_170' title='bbox 1171 1531 1300 1581; x_wconf 84' lang='lat' dir='ltr'>valle,</span> <span class='ocrx_word' id='word_1_171' title='bbox 1321 1531 1581 1575; x_wconf 84' lang='lat' dir='ltr'>adscendere</span> <span class='ocrx_word' id='word_1_172' title='bbox 1601 1531 1805 1574; x_wconf 87' lang='lat' dir='ltr'>adversus</span> 
     </span>
     <span class='ocr_line' id='line_1_22' title="bbox 314 1588 1244 1649; baseline 0 -18"><span class='ocrx_word' id='word_1_173' title='bbox 314 1588 503 1632; x_wconf 87' lang='lat' dir='ltr'>arduum</span> <span class='ocrx_word' id='word_1_174' title='bbox 523 1589 677 1630; x_wconf 89' lang='lat' dir='ltr'>collem</span> <span class='ocrx_word' id='word_1_175' title='bbox 699 1589 919 1631; x_wconf 87' lang='lat' dir='ltr'>instructis</span> <span class='ocrx_word' id='word_1_176' title='bbox 942 1590 1078 1647; x_wconf 84' lang='lat' dir='ltr'>copiis</span> <span class='ocrx_word' id='word_1_177' title='bbox 1095 1591 1244 1649; x_wconf 87' lang='lat' dir='ltr'>coepit.</span> 
     </span>
    </p>

    <p class='ocr_par' dir='ltr' id='par_1_3' title="bbox 317 1645 1807 2001">
     <span class='ocr_line' id='line_1_23' title="bbox 375 1645 1804 1704; baseline 0.003 -16"><span class='ocrx_word' id='word_1_178' title='bbox 375 1646 447 1688; x_wconf 86' lang='lat'>75.</span> <span class='ocrx_word' id='word_1_179' title='bbox 482 1645 642 1696; x_wconf 89' lang='lat' dir='ltr'>Caesar,</span> <span class='ocrx_word' id='word_1_180' title='bbox 665 1646 908 1690; x_wconf 82' lang='lat' dir='ltr'>incredibili</span> <span class='ocrx_word' id='word_1_181' title='bbox 930 1649 1020 1704; x_wconf 78' lang='lat' dir='ltr'>ejus</span> <span class='ocrx_word' id='word_1_182' title='bbox 1043 1649 1110 1690; x_wconf 91' lang='lat' dir='ltr'>vel</span> <span class='ocrx_word' id='word_1_183' title='bbox 1135 1650 1398 1699; x_wconf 88' lang='lat' dir='ltr'>temeritate,</span> <span class='ocrx_word' id='word_1_184' title='bbox 1421 1650 1491 1692; x_wconf 92' lang='lat' dir='ltr'>vel</span> <span class='ocrx_word' id='word_1_185' title='bbox 1513 1649 1670 1692; x_wconf 84' lang='lat' dir='ltr'>fiducia</span> <span class='ocrx_word' id='word_1_186' title='bbox 1690 1663 1804 1692; x_wconf 92' lang='lat' dir='ltr'>com-</span> 
     </span>
     <span class='ocr_line' id='line_1_24' title="bbox 317 1705 1805 1766; baseline 0.001 -18"><span class='ocrx_word' id='word_1_187' title='bbox 317 1713 479 1754; x_wconf 89' lang='lat' dir='ltr'>motus,</span> <span class='ocrx_word' id='word_1_188' title='bbox 502 1719 645 1761; x_wconf 91' lang='lat' dir='ltr'>neque</span> <span class='ocrx_word' id='word_1_189' title='bbox 663 1705 842 1763; x_wconf 90' lang='lat' dir='ltr'>opinans</span> <span class='ocrx_word' id='word_1_190' title='bbox 874 1705 1186 1764; x_wconf 81' lang='lat' dir='ltr'>inparatusque</span> <span class='ocrx_word' id='word_1_191' title='bbox 1221 1708 1469 1766; x_wconf 86' lang='lat' dir='ltr'>obpressus,</span> <span class='ocrx_word' id='word_1_192' title='bbox 1512 1707 1663 1751; x_wconf 90' lang='lat' dir='ltr'>eodem</span> <span class='ocrx_word' id='word_1_193' title='bbox 1696 1716 1805 1750; x_wconf 87' lang='lat' dir='ltr'>tem-</span> 
     </span>
     <span class='ocr_line' id='line_1_25' title="bbox 321 1762 1806 1834; baseline 0.002 -28"><span class='ocrx_word' id='word_1_194' title='bbox 321 1778 429 1822; x_wconf 89' lang='lat' dir='ltr'>pore</span> <span class='ocrx_word' id='word_1_195' title='bbox 450 1762 610 1805; x_wconf 86' lang='lat' dir='ltr'>milites</span> <span class='ocrx_word' id='word_1_196' title='bbox 631 1764 687 1806; x_wconf 90' lang='lat' dir='ltr'>ab</span> <span class='ocrx_word' id='word_1_197' title='bbox 710 1764 916 1821; x_wconf 87' lang='lat' dir='ltr'>operibus</span> <span class='ocrx_word' id='word_1_198' title='bbox 937 1773 1080 1814; x_wconf 86' lang='lat' dir='ltr'>vocat,</span> <span class='ocrx_word' id='word_1_199' title='bbox 1116 1782 1236 1809; x_wconf 81' lang='lat' dir='ltr'>arina</span> <span class='ocrx_word' id='word_1_200' title='bbox 1267 1782 1422 1824; x_wconf 87' lang='lat' dir='ltr'>capere</span> <span class='ocrx_word' id='word_1_201' title='bbox 1452 1767 1595 1823; x_wconf 84' lang='lat' dir='ltr'>jubet,</span> <span class='ocrx_word' id='word_1_202' title='bbox 1616 1766 1806 1834; x_wconf 77' lang='lat' dir='ltr'>legiones</span> 
     </span>
     <span class='ocr_line' id='line_1_26' title="bbox 321 1821 1804 1881; baseline 0.002 -16"><span class='ocrx_word' id='word_1_203' title='bbox 321 1821 505 1880; x_wconf 91' lang='lat' dir='ltr'>obponit</span> <span class='ocrx_word' id='word_1_204' title='bbox 554 1821 777 1880; x_wconf 86' lang='lat' dir='ltr'>aciemque</span> <span class='ocrx_word' id='word_1_205' title='bbox 830 1822 1039 1865; x_wconf 86' lang='lat' dir='ltr'>instruit:</span> <span class='ocrx_word' id='word_1_206' title='bbox 1092 1824 1214 1881; x_wconf 85' lang='lat' dir='ltr'>cujus</span> <span class='ocrx_word' id='word_1_207' title='bbox 1260 1825 1323 1866; x_wconf 89' lang='lat' dir='ltr'>rei</span> <span class='ocrx_word' id='word_1_208' title='bbox 1369 1826 1515 1868; x_wconf 86' lang='lat' dir='ltr'>subita</span> <span class='ocrx_word' id='word_1_209' title='bbox 1564 1834 1631 1867; x_wconf 91' lang='lat' dir='ltr'>tre</span> <span class='ocrx_word' id='word_1_210' title='bbox 1669 1825 1804 1868; x_wconf 81' lang='lat' dir='ltr'>idatio</span> 
     </span>
     <span class='ocr_line' id='line_1_27' title="bbox 322 1842 1806 1938; baseline 0.001 -14"><span class='ocrx_word' id='word_1_211' title='bbox 322 1895 531 1938; x_wconf 88' lang='lat' dir='ltr'>magnum</span> <span class='ocrx_word' id='word_1_212' title='bbox 567 1888 779 1923; x_wconf 88' lang='lat' dir='ltr'>terrorem</span> <span class='ocrx_word' id='word_1_213' title='bbox 816 1880 978 1924; x_wconf 86' lang='lat' dir='ltr'>adtulit</span> <span class='ocrx_word' id='word_1_214' title='bbox 1014 1883 1182 1925; x_wconf 88' lang='lat' dir='ltr'>nostris.</span> <span class='ocrx_word' id='word_1_215' title='bbox 1248 1882 1456 1926; x_wconf 90' lang='lat' dir='ltr'>Nondum</span> <span class='ocrx_word' id='word_1_216' title='bbox 1488 1842 1713 1926; x_wconf 57' lang='lat' dir='ltr'>ordinigus</span> <span class='ocrx_word' id='word_1_217' title='bbox 1745 1884 1806 1926; x_wconf 90' lang='lat' dir='ltr'>in-</span> 
     </span>
     <span class='ocr_line' id='line_1_28' title="bbox 321 1938 1807 2001; baseline 0.002 -19"><span class='ocrx_word' id='word_1_218' title='bbox 321 1939 516 1989; x_wconf 85' lang='lat' dir='ltr'>structis,</span> <span class='ocrx_word' id='word_1_219' title='bbox 547 1938 713 1983; x_wconf 74' lang='lat' dir='ltr'>falcatae</span> <span class='ocrx_word' id='word_1_220' title='bbox 746 1939 895 1997; x_wconf 72' lang='lat' dir='ltr'>Regiae</span> <span class='ocrx_word' id='word_1_221' title='bbox 928 1940 1150 1999; x_wconf 73' lang='lat' dir='ltr'>quadrigae</span> <span class='ocrx_word' id='word_1_222' title='bbox 1187 1942 1415 2000; x_wconf 83' lang='lat' dir='ltr'>permistos</span> <span class='ocrx_word' id='word_1_223' title='bbox 1449 1942 1607 1985; x_wconf 88' lang='lat' dir='ltr'>milites</span> <span class='ocrx_word' id='word_1_224' title='bbox 1634 1951 1807 2001; x_wconf 86' lang='lat' dir='ltr'>pertur-</span> 
     </span>
    </p>
   </div>
   <div class='ocr_carea' id='block_1_2' title="bbox 329 2057 1045 2976">
    <p class='ocr_par' dir='ltr' id='par_1_4' title="bbox 329 2057 1045 2976">
     <span class='ocr_line' id='line_1_29' title="bbox 331 2057 1038 2100; baseline 0.003 -11"><span class='ocrx_word' id='word_1_225' title='bbox 331 2057 400 2089; x_wconf 80' lang='lat' dir='ltr'>erit</span> <span class='ocrx_word' id='word_1_226' title='bbox 416 2058 601 2099; x_wconf 72' lang='lat' dir='ltr'>hypallage</span> <span class='ocrx_word' id='word_1_227' title='bbox 621 2070 629 2096; x_wconf 89' lang='lat'>;</span> <span class='ocrx_word' id='word_1_228' title='bbox 654 2064 723 2096; x_wconf 88' lang='lat' dir='ltr'>aut,</span> <span class='ocrx_word' id='word_1_229' title='bbox 749 2058 897 2100; x_wconf 81' lang='lat' dir='ltr'>trajectis</span> <span class='ocrx_word' id='word_1_230' title='bbox 914 2059 1038 2097; x_wconf 84' lang='lat' dir='ltr'>verbis,</span> 
     </span>
     <span class='ocr_line' id='line_1_30' title="bbox 329 2100 1033 2144; baseline 0.006 -13"><span class='ocrx_word' id='word_1_231' title='bbox 329 2100 473 2141; x_wconf 74' lang='lat' dir='ltr'>legetur,</span> <span class='ocrx_word' id='word_1_232' title='bbox 503 2104 659 2134; x_wconf 68' lang='lat' dir='ltr'>intercisa</span> <span class='ocrx_word' id='word_1_233' title='bbox 685 2101 885 2144; x_wconf 85' lang='lat' dir='ltr'>(disjuncta)</span> <span class='ocrx_word' id='word_1_234' title='bbox 922 2109 1033 2135; x_wconf 70' lang='lat' dir='ltr'>castra</span> 
     </span>
     <span class='ocr_line' id='line_1_31' title="bbox 329 2145 999 2178; baseline 0.003 -3"><span class='ocrx_word' id='word_1_235' title='bbox 329 2145 476 2175; x_wconf 72' lang='lat' dir='ltr'>hostium</span> <span class='ocrx_word' id='word_1_236' title='bbox 492 2146 592 2177; x_wconf 75' lang='lat' dir='ltr'>vallis</span> <span class='ocrx_word' id='word_1_237' title='bbox 604 2146 674 2177; x_wconf 75' lang='lat' dir='ltr'>dir.</span> <span class='ocrx_word' id='word_1_238' title='bbox 699 2147 749 2177; x_wconf 85' lang='lat' dir='ltr'>M.</span> <span class='ocrx_word' id='word_1_239' title='bbox 780 2146 831 2178; x_wconf 77' lang='lat' dir='ltr'>Cf.</span> <span class='ocrx_word' id='word_1_240' title='bbox 847 2153 879 2178; x_wconf 85' lang='lat' dir='ltr'>et</span> <span class='ocrx_word' id='word_1_241' title='bbox 896 2157 927 2178; x_wconf 93' lang='lat' dir='ltr'>c.</span> <span class='ocrx_word' id='word_1_242' title='bbox 946 2148 999 2177; x_wconf 81' lang='lat'>72.</span> 
     </span>
     <span class='ocr_line' id='line_1_32' title="bbox 374 2187 1040 2229; baseline 0.006 -10"><span class='ocrx_word' id='word_1_243' title='bbox 374 2187 491 2229; x_wconf 75' lang='lat' dir='ltr'>Maqis</span> <span class='ocrx_word' id='word_1_244' title='bbox 518 2198 613 2229; x_wconf 79' lang='lat' dir='ltr'>perv.</span> <span class='ocrx_word' id='word_1_245' title='bbox 640 2190 712 2220; x_wconf 80' lang='lat' dir='ltr'>mil.</span> <span class='ocrx_word' id='word_1_246' title='bbox 741 2200 829 2221; x_wconf 68' lang='lat' dir='ltr'>conc.</span> <span class='ocrx_word' id='word_1_247' title='bbox 873 2190 1040 2229; x_wconf 91' lang='lat' dir='ltr'>Subaudi,</span> 
     </span>
     <span class='ocr_line' id='line_1_33' title="bbox 329 2232 1039 2273; baseline 0.007 -12"><span class='ocrx_word' id='word_1_248' title='bbox 329 2241 434 2272; x_wconf 88' lang='lat' dir='ltr'>quam</span> <span class='ocrx_word' id='word_1_249' title='bbox 461 2232 553 2272; x_wconf 92' lang='lat' dir='ltr'>quod</span> <span class='ocrx_word' id='word_1_250' title='bbox 583 2241 697 2263; x_wconf 87' lang='lat' dir='ltr'>revera</span> <span class='ocrx_word' id='word_1_251' title='bbox 722 2234 844 2273; x_wconf 76' lang='lat' dir='ltr'>proelio</span> <span class='ocrx_word' id='word_1_252' title='bbox 867 2235 1039 2267; x_wconf 81' lang='lat' dir='ltr'>decertare</span> 
     </span>
     <span class='ocr_line' id='line_1_34' title="bbox 330 2275 1040 2321; baseline 0.003 -15"><span class='ocrx_word' id='word_1_253' title='bbox 330 2275 517 2306; x_wconf 82' lang='lat' dir='ltr'>statuisset.</span> <span class='ocrx_word' id='word_1_254' title='bbox 560 2275 682 2306; x_wconf 84' lang='lat' dir='ltr'>Clarke</span> <span class='ocrx_word' id='word_1_255' title='bbox 714 2282 838 2309; x_wconf 85' lang='lat' dir='ltr'>temere</span> <span class='ocrx_word' id='word_1_256' title='bbox 868 2281 910 2318; x_wconf 66' lang='grc' dir='ltr'>τῷ</span> <span class='ocrx_word' id='word_1_257' title='bbox 931 2281 1040 2321; x_wconf 72' lang='lat' dir='ltr'>maqis</span> 
     </span>
     <span class='ocr_line' id='line_1_35' title="bbox 332 2318 1039 2360; baseline 0.007 -10"><span class='ocrx_word' id='word_1_258' title='bbox 332 2318 498 2350; x_wconf 81' lang='lat' dir='ltr'>substitui</span> <span class='ocrx_word' id='word_1_259' title='bbox 520 2318 619 2360; x_wconf 86' lang='lat' dir='ltr'>jubet</span> <span class='ocrx_word' id='word_1_260' title='bbox 647 2322 739 2351; x_wconf 63' lang='lat' dir='ltr'>satis.</span> <span class='ocrx_word' id='word_1_261' title='bbox 783 2321 914 2355; x_wconf 90' lang='lat' dir='ltr'>Similis</span> <span class='ocrx_word' id='word_1_262' title='bbox 944 2323 1039 2355; x_wconf 89' lang='lat' dir='ltr'>locus</span> 
     </span>
     <span class='ocr_line' id='line_1_36' title="bbox 380 2407 1039 2442; baseline 0.008 -5"><span class='ocrx_word' id='word_1_263' title='bbox 380 2407 528 2438; x_wconf 77' lang='lat' dir='ltr'>Fiducia</span> <span class='ocrx_word' id='word_1_264' title='bbox 553 2409 702 2439; x_wconf 68' lang='lat' dir='ltr'>veterani</span> <span class='ocrx_word' id='word_1_265' title='bbox 723 2412 894 2441; x_wconf 47' lang='lat' dir='ltr'>evercitu&amp;</span> <span class='ocrx_word' id='word_1_266' title='bbox 933 2410 1039 2442; x_wconf 90' lang='lat' dir='ltr'>Codd.</span> 
     </span>
     <span class='ocr_line' id='line_1_37' title="bbox 336 2450 998 2492; baseline 0.005 -10"><span class='ocrx_word' id='word_1_267' title='bbox 336 2457 370 2482; x_wconf 89' lang='lat' dir='ltr'>et</span> <span class='ocrx_word' id='word_1_268' title='bbox 384 2450 462 2481; x_wconf 87' lang='lat' dir='ltr'>edd.</span> <span class='ocrx_word' id='word_1_269' title='bbox 478 2456 544 2482; x_wconf 89' lang='lat' dir='ltr'>vet.</span> <span class='ocrx_word' id='word_1_270' title='bbox 561 2450 673 2492; x_wconf 84' lang='lat' dir='ltr'>inepte</span> <span class='ocrx_word' id='word_1_271' title='bbox 681 2452 813 2491; x_wconf 69' lang='lat' dir='ltr'>fiducia</span> <span class='ocrx_word' id='word_1_272' title='bbox 827 2460 998 2486; x_wconf 69' lang='lat' dir='ltr'>teter-arm.</span> 
     </span>
     <span class='ocr_line' id='line_1_38' title="bbox 384 2495 1043 2536; baseline 0.003 -10"><span class='ocrx_word' id='word_1_273' title='bbox 384 2495 493 2529; x_wconf 82' lang='lat' dir='ltr'>Quem</span> <span class='ocrx_word' id='word_1_274' title='bbox 518 2495 638 2526; x_wconf 81' lang='lat' dir='ltr'><em>XXII</em></span> <span class='ocrx_word' id='word_1_275' title='bbox 662 2497 698 2526; x_wconf 82' lang='lat' dir='ltr'>in</span> <span class='ocrx_word' id='word_1_276' title='bbox 726 2498 798 2527; x_wconf 81' lang='lat' dir='ltr'>acie</span> <span class='ocrx_word' id='word_1_277' title='bbox 819 2497 920 2536; x_wconf 70' lang='lat' dir='ltr'>const.</span> <span class='ocrx_word' id='word_1_278' title='bbox 952 2498 1043 2530; x_wconf 80' lang='lat' dir='ltr'>Inse-</span> 
     </span>
     <span class='ocr_line' id='line_1_39' title="bbox 336 2536 1041 2579; baseline 0.004 -9"><span class='ocrx_word' id='word_1_279' title='bbox 336 2536 421 2570; x_wconf 83' lang='lat' dir='ltr'>ritur</span> <span class='ocrx_word' id='word_1_280' title='bbox 434 2538 536 2579; x_wconf 83' lang='lat' dir='ltr'>vulgo</span> <span class='ocrx_word' id='word_1_281' title='bbox 552 2548 629 2570; x_wconf 79' lang='lat' dir='ltr'>cum</span> <span class='ocrx_word' id='word_1_282' title='bbox 655 2539 783 2578; x_wconf 70' lang='lat' dir='ltr'>leye‘one</span> <span class='ocrx_word' id='word_1_283' title='bbox 811 2540 939 2572; x_wconf 72' lang='lat' dir='ltr'>XXII.</span> <span class='ocrx_word' id='word_1_284' title='bbox 977 2542 1041 2573; x_wconf 87' lang='lat' dir='ltr'>Sed</span> 
     </span>
     <span class='ocr_line' id='line_1_40' title="bbox 338 2581 1043 2618; baseline 0.009 -6"><span class='ocrx_word' id='word_1_285' title='bbox 338 2581 404 2613; x_wconf 86' lang='lat' dir='ltr'>ista</span> <span class='ocrx_word' id='word_1_286' title='bbox 420 2582 488 2613; x_wconf 89' lang='lat' dir='ltr'>duo</span> <span class='ocrx_word' id='word_1_287' title='bbox 504 2581 606 2613; x_wconf 83' lang='lat' dir='ltr'>verba</span> <span class='ocrx_word' id='word_1_288' title='bbox 620 2581 739 2613; x_wconf 82' lang='lat' dir='ltr'>absunt</span> <span class='ocrx_word' id='word_1_289' title='bbox 752 2592 771 2613; x_wconf 89' lang='lat' dir='ltr'>a</span> <span class='ocrx_word' id='word_1_290' title='bbox 785 2582 890 2614; x_wconf 88' lang='lat' dir='ltr'>tribus</span> <span class='ocrx_word' id='word_1_291' title='bbox 912 2586 1043 2618; x_wconf 84' lang='lat' dir='ltr'>codici—</span> 
     </span>
     <span class='ocr_line' id='line_1_41' title="bbox 338 2624 1042 2669; baseline 0.007 -13"><span class='ocrx_word' id='word_1_292' title='bbox 338 2624 418 2664; x_wconf 85' lang='lat' dir='ltr'>bus,</span> <span class='ocrx_word' id='word_1_293' title='bbox 445 2635 590 2666; x_wconf 89' lang='lat' dir='ltr'>quorum</span> <span class='ocrx_word' id='word_1_294' title='bbox 622 2635 708 2657; x_wconf 88' lang='lat' dir='ltr'>unus</span> <span class='ocrx_word' id='word_1_295' title='bbox 737 2632 787 2657; x_wconf 79' lang='lat' dir='ltr'>est</span> <span class='ocrx_word' id='word_1_296' title='bbox 817 2637 859 2658; x_wconf 81' lang='lat' dir='ltr'>ex</span> <span class='ocrx_word' id='word_1_297' title='bbox 889 2629 1042 2669; x_wconf 75' lang='lat' dir='ltr'>optimis.</span> 
     </span>
     <span class='ocr_line' id='line_1_42' title="bbox 337 2668 1043 2710; baseline 0.006 -9"><span class='ocrx_word' id='word_1_298' title='bbox 337 2668 418 2701; x_wconf 88' lang='lat' dir='ltr'>Jam</span> <span class='ocrx_word' id='word_1_299' title='bbox 445 2669 594 2710; x_wconf 81' lang='lat' dir='ltr'>Scaliger</span> <span class='ocrx_word' id='word_1_300' title='bbox 615 2669 766 2701; x_wconf 86' lang='lat' dir='ltr'>tollenda</span> <span class='ocrx_word' id='word_1_301' title='bbox 782 2679 954 2704; x_wconf 82' lang='lat' dir='ltr'>censuerat</span> <span class='ocrx_word' id='word_1_302' title='bbox 974 2684 1043 2705; x_wconf 74' lang='lat' dir='ltr'>ver-</span> 
     </span>
     <span class='ocr_line' id='line_1_43' title="bbox 337 2711 1042 2751; baseline 0.006 -7"><span class='ocrx_word' id='word_1_303' title='bbox 337 2711 395 2744; x_wconf 91' lang='lat' dir='ltr'>ba.</span> <span class='ocrx_word' id='word_1_304' title='bbox 425 2712 515 2744; x_wconf 90' lang='lat' dir='ltr'>Tum</span> <span class='ocrx_word' id='word_1_305' title='bbox 528 2718 577 2744; x_wconf 82' lang='lat' dir='ltr'>est</span> <span class='ocrx_word' id='word_1_306' title='bbox 594 2712 727 2751; x_wconf 81' lang='lat' dir='ltr'>falsum,</span> <span class='ocrx_word' id='word_1_307' title='bbox 741 2713 949 2746; x_wconf 83' lang='lat' dir='ltr'>Pharnacem</span> <span class='ocrx_word' id='word_1_308' title='bbox 963 2728 1042 2748; x_wconf 88' lang='lat' dir='ltr'>cum</span> 
     </span>
     <span class='ocr_line' id='line_1_44' title="bbox 336 2755 1044 2797; baseline 0.008 -11"><span class='ocrx_word' id='word_1_309' title='bbox 336 2755 477 2797; x_wconf 83' lang='lat' dir='ltr'>legione</span> <span class='ocrx_word' id='word_1_310' title='bbox 505 2758 654 2789; x_wconf 86' lang='lat' dir='ltr'>secunda</span> <span class='ocrx_word' id='word_1_311' title='bbox 674 2763 708 2789; x_wconf 87' lang='lat' dir='ltr'>et</span> <span class='ocrx_word' id='word_1_312' title='bbox 722 2757 885 2789; x_wconf 83' lang='lat' dir='ltr'>vicesima</span> <span class='ocrx_word' id='word_1_313' title='bbox 900 2760 1044 2792; x_wconf 76' lang='lat' dir='ltr'>connix-</span> 
     </span>
     <span class='ocr_line' id='line_1_45' title="bbox 339 2798 1044 2843; baseline 0.007 -13"><span class='ocrx_word' id='word_1_314' title='bbox 339 2798 407 2831; x_wconf 86' lang='lat' dir='ltr'>isse</span> <span class='ocrx_word' id='word_1_315' title='bbox 422 2800 528 2839; x_wconf 89' lang='lat' dir='ltr'>(conf.</span> <span class='ocrx_word' id='word_1_316' title='bbox 543 2811 619 2843; x_wconf 90' lang='lat' dir='ltr'>cap.</span> <span class='ocrx_word' id='word_1_317' title='bbox 637 2804 690 2839; x_wconf 70' lang='lat'>34,</span> <span class='ocrx_word' id='word_1_318' title='bbox 707 2800 776 2840; x_wconf 85' lang='grc'><strong>40).</strong></span> <span class='ocrx_word' id='word_1_319' title='bbox 815 2801 871 2840; x_wconf 84' lang='lat' dir='ltr'>Et,</span> <span class='ocrx_word' id='word_1_320' title='bbox 885 2814 959 2843; x_wconf 76' lang='lat' dir='ltr'>quae</span> <span class='ocrx_word' id='word_1_321' title='bbox 975 2810 1044 2835; x_wconf 83' lang='lat' dir='ltr'>tan-</span> 
     </span>
     <span class='ocr_line' id='line_1_46' title="bbox 336 2843 1042 2887; baseline 0.006 -13"><span class='ocrx_word' id='word_1_322' title='bbox 336 2843 415 2874; x_wconf 86' lang='lat' dir='ltr'>dem</span> <span class='ocrx_word' id='word_1_323' title='bbox 437 2850 525 2876; x_wconf 88' lang='lat' dir='ltr'>esset</span> <span class='ocrx_word' id='word_1_324' title='bbox 548 2845 717 2885; x_wconf 82' lang='lat' dir='ltr'>gloriatio,</span> <span class='ocrx_word' id='word_1_325' title='bbox 746 2855 846 2877; x_wconf 87' lang='lat' dir='ltr'>unam</span> <span class='ocrx_word' id='word_1_326' title='bbox 873 2846 1042 2887; x_wconf 81' lang='lat' dir='ltr'>legionem</span> 
     </span>
     <span class='ocr_line' id='line_1_47' title="bbox 337 2886 1045 2931; baseline 0.008 -14"><span class='ocrx_word' id='word_1_327' title='bbox 337 2886 484 2919; x_wconf 88' lang='lat' dir='ltr'>vicisse?</span> <span class='ocrx_word' id='word_1_328' title='bbox 524 2887 731 2921; x_wconf 82' lang='lat' dir='ltr'>Monuerunt</span> <span class='ocrx_word' id='word_1_329' title='bbox 754 2899 835 2931; x_wconf 86' lang='lat' dir='ltr'>ergo</span> <span class='ocrx_word' id='word_1_330' title='bbox 853 2889 916 2922; x_wconf 85' lang='lat' dir='ltr'>viri</span> <span class='ocrx_word' id='word_1_331' title='bbox 939 2892 1045 2929; x_wconf 91' lang='lat' dir='ltr'>docti,</span> 
     </span>
     <span class='ocr_line' id='line_1_48' title="bbox 335 2933 1044 2976; baseline 0.008 -14"><span class='ocrx_word' id='word_1_332' title='bbox 335 2939 470 2964; x_wconf 81' lang='lat' dir='ltr'>sensum</span> <span class='ocrx_word' id='word_1_333' title='bbox 494 2941 569 2966; x_wconf 82' lang='lat' dir='ltr'>esse</span> <span class='ocrx_word' id='word_1_334' title='bbox 597 2933 709 2968; x_wconf 80' lang='lat' dir='ltr'>hunc:</span> <span class='ocrx_word' id='word_1_335' title='bbox 739 2943 841 2976; x_wconf 82' lang='lat' dir='ltr'>quem</span> <span class='ocrx_word' id='word_1_336' title='bbox 871 2934 977 2970; x_wconf 85' lang='lat' dir='ltr'>vicies</span> <span class='ocrx_word' id='word_1_337' title='bbox 1008 2943 1044 2968; x_wconf 84' lang='lat' dir='ltr'>et</span> 
     </span>
    </p>
   </div>
   <div class='ocr_carea' id='block_1_3' title="bbox 1097 2059 1809 2223">
    <p class='ocr_par' dir='ltr' id='par_1_5' title="bbox 1097 2059 1809 2223">
     <span class='ocr_line' id='line_1_49' title="bbox 1097 2059 1805 2102; baseline 0.001 -11"><span class='ocrx_word' id='word_1_338' title='bbox 1097 2060 1150 2091; x_wconf 88' lang='lat' dir='ltr'>bis</span> <span class='ocrx_word' id='word_1_339' title='bbox 1182 2060 1214 2091; x_wconf 91' lang='lat' dir='ltr'>in</span> <span class='ocrx_word' id='word_1_340' title='bbox 1240 2060 1314 2091; x_wconf 85' lang='lat' dir='ltr'>acie</span> <span class='ocrx_word' id='word_1_341' title='bbox 1339 2060 1537 2092; x_wconf 80' lang='lat' dir='ltr'>conflixisse</span> <span class='ocrx_word' id='word_1_342' title='bbox 1561 2059 1805 2102; x_wconf 79' lang='lat' dir='ltr'>gloriabantur.</span> 
     </span>
     <span class='ocr_line' id='line_1_50' title="bbox 1100 2104 1807 2137; baseline 0.001 -2"><span class='ocrx_word' id='word_1_343' title='bbox 1100 2105 1150 2135; x_wconf 83' lang='lat' dir='ltr'>M.</span> <span class='ocrx_word' id='word_1_344' title='bbox 1184 2104 1315 2135; x_wconf 80' lang='lat' dir='ltr'>Vitium</span> <span class='ocrx_word' id='word_1_345' title='bbox 1328 2106 1415 2137; x_wconf 80' lang='lat' dir='ltr'>adeo</span> <span class='ocrx_word' id='word_1_346' title='bbox 1444 2105 1660 2136; x_wconf 73' lang='lat' dir='ltr'>manifestum</span> <span class='ocrx_word' id='word_1_347' title='bbox 1683 2105 1807 2136; x_wconf 72' lang='lat' dir='ltr'>Caesari</span> 
     </span>
     <span class='ocr_line' id='line_1_51' title="bbox 1099 2147 1809 2181; baseline 0.001 -3"><span class='ocrx_word' id='word_1_348' title='bbox 1099 2148 1187 2179; x_wconf 81' lang='lat' dir='ltr'>male</span> <span class='ocrx_word' id='word_1_349' title='bbox 1201 2147 1370 2180; x_wconf 78' lang='lat' dir='ltr'>tribuitur.</span> <span class='ocrx_word' id='word_1_350' title='bbox 1381 2148 1482 2181; x_wconf 91' lang='lat' dir='ltr'>deleri</span> <span class='ocrx_word' id='word_1_351' title='bbox 1498 2149 1697 2181; x_wconf 76' lang='lat' dir='ltr'>auctoritate</span> <span class='ocrx_word' id='word_1_352' title='bbox 1714 2149 1809 2179; x_wconf 91' lang='lat' dir='ltr'>codi-</span> 
     </span>
     <span class='ocr_line' id='line_1_52' title="bbox 1099 2202 1191 2223; baseline -0.011 0"><span class='ocrx_word' id='word_1_353' title='bbox 1099 2202 1191 2223; x_wconf 84' lang='lat' dir='ltr'>cum.</span> 
     </span>
    </p>
   </div>
   <div class='ocr_carea' id='block_1_4' title="bbox 1099 2235 1812 2936">
    <p class='ocr_par' dir='ltr' id='par_1_6' title="bbox 1102 2235 1805 2311">
     <span class='ocr_line' id='line_1_53' title="bbox 1148 2235 1805 2269; baseline -0.002 -2"><span class='ocrx_word' id='word_1_354' title='bbox 1148 2237 1260 2268; x_wconf 77' lang='lat' dir='ltr'>Sanus</span> <span class='ocrx_word' id='word_1_355' title='bbox 1275 2238 1383 2269; x_wconf 75' lang='lat' dir='ltr'>lmsris.</span> <span class='ocrx_word' id='word_1_356' title='bbox 1430 2237 1468 2268; x_wconf 82' lang='grc' dir='ltr'>Τδ</span> <span class='ocrx_word' id='word_1_357' title='bbox 1498 2238 1600 2269; x_wconf 69' lang='lat' dir='ltr'>hostis</span> <span class='ocrx_word' id='word_1_358' title='bbox 1613 2235 1716 2269; x_wconf 85' lang='lat' dir='ltr'>deleri</span> <span class='ocrx_word' id='word_1_359' title='bbox 1734 2235 1805 2267; x_wconf 87' lang='lat' dir='ltr'>vult</span> 
     </span>
     <span class='ocr_line' id='line_1_54' title="bbox 1102 2279 1213 2311; baseline -0.009 0"><span class='ocrx_word' id='word_1_360' title='bbox 1102 2279 1213 2311; x_wconf 78' lang='lat' dir='ltr'>Bentl.</span> 
     </span>
    </p>

    <p class='ocr_par' dir='ltr' id='par_1_7' title="bbox 1099 2324 1812 2706">
     <span class='ocr_line' id='line_1_55' title="bbox 1151 2324 1812 2366; baseline -0.005 -8"><span class='ocrx_word' id='word_1_361' title='bbox 1151 2324 1221 2358; x_wconf 78' lang='lat' dir='ltr'>Quo</span> <span class='ocrx_word' id='word_1_362' title='bbox 1235 2330 1411 2366; x_wconf 63' lang='lat' dir='ltr'>praerupta</span> <span class='ocrx_word' id='word_1_363' title='bbox 1426 2341 1469 2347; x_wconf 97' lang='lat'>—</span> <span class='ocrx_word' id='word_1_364' title='bbox 1487 2327 1583 2357; x_wconf 68' lang='lat' dir='ltr'>mlle.</span> <span class='ocrx_word' id='word_1_365' title='bbox 1620 2325 1676 2356; x_wconf 88' lang='lat' dir='ltr'>Sic</span> <span class='ocrx_word' id='word_1_366' title='bbox 1693 2335 1712 2356; x_wconf 93' lang='lat' dir='ltr'>e</span> <span class='ocrx_word' id='word_1_367' title='bbox 1727 2334 1812 2356; x_wconf 88' lang='lat' dir='ltr'>con-</span> 
     </span>
     <span class='ocr_line' id='line_1_56' title="bbox 1099 2368 1810 2410; baseline 0.004 -13"><span class='ocrx_word' id='word_1_368' title='bbox 1099 2368 1230 2408; x_wconf 80' lang='lat' dir='ltr'>jectura</span> <span class='ocrx_word' id='word_1_369' title='bbox 1245 2368 1382 2409; x_wconf 85' lang='lat' dir='ltr'>quidem</span> <span class='ocrx_word' id='word_1_370' title='bbox 1407 2369 1496 2400; x_wconf 88' lang='lat' dir='ltr'>Oud.</span> <span class='ocrx_word' id='word_1_371' title='bbox 1522 2369 1651 2408; x_wconf 80' lang='lat' dir='ltr'>edidit3</span> <span class='ocrx_word' id='word_1_372' title='bbox 1686 2368 1810 2410; x_wconf 84' lang='lat' dir='ltr'>proba-</span> 
     </span>
     <span class='ocr_line' id='line_1_57' title="bbox 1106 2411 1809 2454; baseline 0.003 -12"><span class='ocrx_word' id='word_1_373' title='bbox 1106 2411 1167 2442; x_wconf 88' lang='lat' dir='ltr'>bili</span> <span class='ocrx_word' id='word_1_374' title='bbox 1186 2418 1296 2443; x_wconf 76' lang='lat' dir='ltr'>tamen</span> <span class='ocrx_word' id='word_1_375' title='bbox 1314 2419 1347 2443; x_wconf 80' lang='lat' dir='ltr'>et</span> <span class='ocrx_word' id='word_1_376' title='bbox 1361 2412 1466 2448; x_wconf 71' lang='lat' dir='ltr'>felici,</span> <span class='ocrx_word' id='word_1_377' title='bbox 1483 2413 1535 2451; x_wconf 86' lang='lat' dir='ltr'>(ut</span> <span class='ocrx_word' id='word_1_378' title='bbox 1552 2413 1586 2444; x_wconf 91' lang='lat' dir='ltr'>in</span> <span class='ocrx_word' id='word_1_379' title='bbox 1609 2422 1732 2454; x_wconf 79' lang='lat' dir='ltr'>magna</span> <span class='ocrx_word' id='word_1_380' title='bbox 1749 2422 1809 2443; x_wconf 74' lang='lat' dir='ltr'>va·</span> 
     </span>
     <span class='ocr_line' id='line_1_58' title="bbox 1105 2454 1807 2495; baseline 0.001 -10"><span class='ocrx_word' id='word_1_381' title='bbox 1105 2454 1219 2486; x_wconf 84' lang='lat' dir='ltr'>rietate</span> <span class='ocrx_word' id='word_1_382' title='bbox 1234 2455 1407 2495; x_wconf 84' lang='lat' dir='ltr'>lectionis)</span> <span class='ocrx_word' id='word_1_383' title='bbox 1422 2467 1482 2488; x_wconf 85' lang='lat' dir='ltr'>nec</span> <span class='ocrx_word' id='word_1_384' title='bbox 1507 2456 1610 2488; x_wconf 87' lang='lat' dir='ltr'>nimis</span> <span class='ocrx_word' id='word_1_385' title='bbox 1631 2456 1807 2489; x_wconf 80' lang='lat' dir='ltr'>recedente</span> 
     </span>
     <span class='ocr_line' id='line_1_59' title="bbox 1103 2500 1809 2541; baseline 0 -11"><span class='ocrx_word' id='word_1_386' title='bbox 1103 2509 1123 2530; x_wconf 92' lang='lat' dir='ltr'>a</span> <span class='ocrx_word' id='word_1_387' title='bbox 1139 2500 1238 2530; x_wconf 89' lang='lat' dir='ltr'>codd.</span> <span class='ocrx_word' id='word_1_388' title='bbox 1255 2500 1432 2540; x_wconf 87' lang='lat' dir='ltr'>scriptura.</span> <span class='ocrx_word' id='word_1_389' title='bbox 1466 2501 1500 2532; x_wconf 83' lang='lat' dir='ltr'>ln</span> <span class='ocrx_word' id='word_1_390' title='bbox 1528 2501 1620 2541; x_wconf 79' lang='lat' dir='ltr'>vulg.</span> <span class='ocrx_word' id='word_1_391' title='bbox 1646 2500 1722 2531; x_wconf 90' lang='lat' dir='ltr'>edd.</span> <span class='ocrx_word' id='word_1_392' title='bbox 1747 2507 1809 2537; x_wconf 83' lang='lat' dir='ltr'>est,</span> 
     </span>
     <span class='ocr_line' id='line_1_60' title="bbox 1106 2544 1810 2586; baseline 0.001 -13"><span class='ocrx_word' id='word_1_393' title='bbox 1106 2553 1170 2584; x_wconf 84' lang='lat' dir='ltr'>quo</span> <span class='ocrx_word' id='word_1_394' title='bbox 1184 2545 1216 2574; x_wconf 79' lang='lat' dir='ltr'>in</span> <span class='ocrx_word' id='word_1_395' title='bbox 1232 2550 1439 2586; x_wconf 74' lang='lat' dir='ltr'>prem-uptam</span> <span class='ocrx_word' id='word_1_396' title='bbox 1450 2545 1664 2576; x_wconf 72' lang='lat' dir='ltr'>descetulemt</span> <span class='ocrx_word' id='word_1_397' title='bbox 1675 2544 1793 2575; x_wconf 70' lang='lat' dir='ltr'>cauom</span> <span class='ocrx_word' id='word_1_398' title='bbox 1801 2567 1810 2579; x_wconf 82' lang='grc'>,</span> 
     </span>
     <span class='ocr_line' id='line_1_61' title="bbox 1106 2586 1808 2629; baseline 0.003 -12"><span class='ocrx_word' id='word_1_399' title='bbox 1106 2586 1244 2618; x_wconf 86' lang='lat' dir='ltr'>omissis</span> <span class='ocrx_word' id='word_1_400' title='bbox 1261 2587 1377 2618; x_wconf 76' lang='lat' dir='ltr'>verbis</span> <span class='ocrx_word' id='word_1_401' title='bbox 1402 2591 1439 2619; x_wconf 81' lang='lat' dir='ltr'>in</span> <span class='ocrx_word' id='word_1_402' title='bbox 1458 2589 1629 2629; x_wconf 75' lang='lat' dir='ltr'>proeln&#39;um.</span> <span class='ocrx_word' id='word_1_403' title='bbox 1657 2587 1706 2618; x_wconf 86' lang='lat' dir='ltr'>M.</span> <span class='ocrx_word' id='word_1_404' title='bbox 1744 2586 1808 2619; x_wconf 75' lang='lat' dir='ltr'>Sed</span> 
     </span>
     <span class='ocr_line' id='line_1_62' title="bbox 1107 2631 1808 2671; baseline 0.001 -10"><span class='ocrx_word' id='word_1_405' title='bbox 1107 2631 1246 2671; x_wconf 86' lang='lat' dir='ltr'>plurimi</span> <span class='ocrx_word' id='word_1_406' title='bbox 1262 2632 1362 2662; x_wconf 90' lang='lat' dir='ltr'>codd.</span> <span class='ocrx_word' id='word_1_407' title='bbox 1380 2638 1413 2662; x_wconf 87' lang='lat' dir='ltr'>et</span> <span class='ocrx_word' id='word_1_408' title='bbox 1435 2632 1511 2663; x_wconf 89' lang='lat' dir='ltr'>edd.</span> <span class='ocrx_word' id='word_1_409' title='bbox 1527 2637 1594 2663; x_wconf 74' lang='lat' dir='ltr'>vet.</span> <span class='ocrx_word' id='word_1_410' title='bbox 1614 2632 1685 2662; x_wconf 79' lang='lat' dir='ltr'>liaec</span> <span class='ocrx_word' id='word_1_411' title='bbox 1707 2631 1808 2662; x_wconf 80' lang='lat' dir='ltr'>verba</span> 
     </span>
     <span class='ocr_line' id='line_1_63' title="bbox 1106 2674 1503 2706; baseline 0 -1"><span class='ocrx_word' id='word_1_412' title='bbox 1106 2674 1245 2706; x_wconf 79' lang='lat' dir='ltr'>liabent.</span> <span class='ocrx_word' id='word_1_413' title='bbox 1500 2703 1503 2705; x_wconf 85' lang='lat'>.</span> 
     </span>
    </p>

    <p class='ocr_par' dir='ltr' id='par_1_8' title="bbox 1106 2717 1809 2804">
     <span class='ocr_line' id='line_1_64' title="bbox 1154 2717 1809 2760; baseline 0.003 -11"><span class='ocrx_word' id='word_1_414' title='bbox 1154 2719 1202 2749; x_wconf 84' lang='lat' dir='ltr'>Ab</span> <span class='ocrx_word' id='word_1_415' title='bbox 1213 2719 1364 2759; x_wconf 73' lang='lat' dir='ltr'>operibus</span> <span class='ocrx_word' id='word_1_416' title='bbox 1375 2724 1480 2751; x_wconf 74' lang='lat' dir='ltr'>vocat.</span> <span class='ocrx_word' id='word_1_417' title='bbox 1496 2718 1649 2751; x_wconf 84' lang='lat' dir='ltr'>Jurinius</span> <span class='ocrx_word' id='word_1_418' title='bbox 1659 2717 1702 2750; x_wconf 78' lang='lat' dir='ltr'>ab</span> <span class='ocrx_word' id='word_1_419' title='bbox 1712 2729 1809 2760; x_wconf 80' lang='lat' dir='ltr'>opere</span> 
     </span>
     <span class='ocr_line' id='line_1_65' title="bbox 1106 2762 1472 2804; baseline 0.003 -11"><span class='ocrx_word' id='word_1_420' title='bbox 1106 2767 1251 2794; x_wconf 74' lang='lat' dir='ltr'>revocat.</span> <span class='ocrx_word' id='word_1_421' title='bbox 1283 2762 1358 2794; x_wconf 81' lang='lat' dir='ltr'>Non</span> <span class='ocrx_word' id='word_1_422' title='bbox 1373 2773 1472 2804; x_wconf 88' lang='lat' dir='ltr'>opus.</span> 
     </span>
    </p>

    <p class='ocr_par' dir='ltr' id='par_1_9' title="bbox 1105 2805 1809 2936">
     <span class='ocr_line' id='line_1_66' title="bbox 1154 2805 1809 2848; baseline 0.002 -11"><span class='ocrx_word' id='word_1_423' title='bbox 1154 2807 1305 2838; x_wconf 76' lang='lat' dir='ltr'>Falcatae</span> <span class='ocrx_word' id='word_1_424' title='bbox 1330 2808 1517 2848; x_wconf 68' lang='lat' dir='ltr'>qztmlriyoe.</span> <span class='ocrx_word' id='word_1_425' title='bbox 1565 2805 1638 2839; x_wconf 82' lang='lat' dir='ltr'>Liv.</span> <span class='ocrx_word' id='word_1_426' title='bbox 1669 2807 1724 2843; x_wconf 80' lang='lat'>37,</span> <span class='ocrx_word' id='word_1_427' title='bbox 1754 2808 1809 2838; x_wconf 81' lang='lat'>41.</span> 
     </span>
     <span class='ocr_line' id='line_1_67' title="bbox 1105 2849 1806 2888; baseline 0.003 -8"><span class='ocrx_word' id='word_1_428' title='bbox 1105 2849 1197 2881; x_wconf 87' lang='lat' dir='ltr'>Curt.</span> <span class='ocrx_word' id='word_1_429' title='bbox 1214 2852 1246 2888; x_wconf 77' lang='lat' dir='ltr'>-l,</span> <span class='ocrx_word' id='word_1_430' title='bbox 1262 2852 1295 2881; x_wconf 87' lang='lat'>9.</span> <span class='ocrx_word' id='word_1_431' title='bbox 1310 2857 1341 2881; x_wconf 87' lang='lat' dir='ltr'>et</span> <span class='ocrx_word' id='word_1_432' title='bbox 1359 2851 1590 2882; x_wconf 61' lang='lat' dir='ltr'>15.Ct’llarius.</span> <span class='ocrx_word' id='word_1_433' title='bbox 1606 2850 1692 2882; x_wconf 77' lang='lat' dir='ltr'>Add.</span> <span class='ocrx_word' id='word_1_434' title='bbox 1703 2849 1806 2883; x_wconf 87' lang='lat' dir='ltr'>Diod.</span> 
     </span>
     <span class='ocr_line' id='line_1_68' title="bbox 1106 2893 1468 2936; baseline 0 -11"><span class='ocrx_word' id='word_1_435' title='bbox 1106 2893 1177 2926; x_wconf 85' lang='lat' dir='ltr'>Sic.</span> <span class='ocrx_word' id='word_1_436' title='bbox 1198 2895 1248 2933; x_wconf 82' lang='lat'>1¹1,</span> <span class='ocrx_word' id='word_1_437' title='bbox 1265 2896 1319 2926; x_wconf 83' lang='lat'>53.</span> <span class='ocrx_word' id='word_1_438' title='bbox 1335 2904 1371 2936; x_wconf 87' lang='lat' dir='ltr'>p.</span> <span class='ocrx_word' id='word_1_439' title='bbox 1390 2896 1468 2926; x_wconf 80' lang='lat'>530.</span> 
     </span>
    </p>
   </div>
  </div>
 </body>
</html>
