1946 3261
233 219 322 265 244
657 214 741 260 DE
773 209 978 259 BELLO
1012 207 1307 258 GALLICO.

234 345 442 391 cumdare
463 350 684 393 comatur,
707 358 760 386 ne
780 350 858 386 aut
880 359 990 402 opus
1012 342 1215 385 effectum
1235 338 1349 384 tueri
1367 352 1452 382 non
1469 339 1620 397 possit,
1642 345 1718 382 aut

238 404 435 465 plurimis
456 402 560 446 locis
581 401 750 445 infirma
768 403 970 461 disponat
992 400 1204 461 praesidia.

297 464 369 505 35.
405 462 572 520 Magna
599 461 725 521 copia
745 461 952 505 frumenti
974 468 1240 518 comparata,
1264 458 1494 502 considunt
1518 457 1722 514 Drappes

237 529 287 575 et
307 521 541 564 Lucterius
562 536 648 564 non
669 521 840 579 longius
860 521 916 563 ab
937 520 1101 578 oppido
1122 519 1163 561 X
1184 518 1375 568 milibus,
1410 517 1525 560 unde
1557 514 1723 574 paulla-

237 580 321 623 tim
341 580 607 623 frumentum
630 579 674 622 in
695 579 904 638 oppidum
925 579 1251 636 subportarent.
1315 576 1405 635 Ipsi
1427 577 1541 618 inter
1561 590 1604 616 se
1623 587 1724 631 pro-

239 638 402 682 vincias
439 639 697 697 partiuntur
720 654 730 680 :
786 638 987 694 Drappes
1029 636 1178 679 castris
1219 635 1422 694 praesidio
1457 650 1556 677 cum
1597 640 1725 692 parte

238 697 471 756 copiarum
490 697 653 741 restitit
668 713 679 746 ς
712 696 945 740 Lucterius
961 709 1117 752 agmen
1131 695 1428 752 jumentorum
1444 693 1498 736 ad
1516 692 1723 751 oppidum

239 756 432 800 adducit.
509 756 741 814 Dispositis
780 753 842 795 ibi
883 753 1105 811 praesidiis,
1145 753 1252 795 hora
1290 752 1426 795 noctis
1463 753 1637 795 circiter
1668 750 1726 800 X,

241 815 515 860 silvestribus
546 814 826 871 angustisque
863 811 1090 854 itineribus
1129 811 1396 854 frumentum
1431 811 1655 870 inportare
1684 809 1728 852 in

241 873 456 933 oppidum
496 872 701 916 instituit.
778 870 977 919 Quorum
1017 870 1250 928 strepitum
1293 871 1445 929 vigiles
1486 879 1727 913 castrorum

241 948 379 991 quum
395 931 635 980 sensissent,
656 929 1045 988 exploratoresque
1082 930 1213 979 missi,
1250 945 1348 986 quae
1382 938 1631 988 agerentur,
1662 944 1727 971 re-

243 991 532 1042 nunciassent,
568 989 776 1031 Caninius
809 988 1010 1031 celeriter
1046 1004 1144 1031 cum
1183 988 1434 1031 cohortibus
1469 989 1646 1031 armatis
1677 1003 1730 1029 ex

243 1049 452 1110 proximis
484 1047 671 1091 castellis
704 1047 747 1089 in
781 1047 1089 1090 frumentarios
1110 1048 1191 1090 sub
1213 1048 1347 1106 ipsam
1368 1047 1509 1090 lucem
1534 1048 1730 1105 inpetum

244 1109 365 1151 fecit.
430 1107 483 1157 Ii,
506 1106 733 1164 repentino
766 1106 881 1149 malo
912 1106 1152 1164 perterriti,
1190 1106 1428 1164 diffugiunt
1448 1106 1504 1149 ad
1527 1122 1603 1148 sua
1623 1122 1731 1164 prae-

244 1166 380 1210 sidia:
417 1182 513 1224 quae
535 1166 672 1208 nostri
694 1173 746 1207 ut
766 1164 987 1215 viderunt,
1010 1166 1151 1208 acrius
1168 1173 1322 1208 contra
1344 1174 1531 1207 armatos
1550 1165 1732 1214 incitati,

246 1225 460 1268 neminem
482 1241 535 1267 ex
556 1239 606 1266 eo
628 1239 808 1266 numero
831 1224 980 1266 vivum
1003 1226 1098 1283 capi
1133 1225 1377 1282 patiuntur.
1440 1223 1611 1281 Effugit
1636 1223 1733 1266 inde

245 1300 343 1327 cum
365 1283 512 1342 paucis
534 1283 784 1332 Lucterius,
807 1298 885 1324 nec
908 1299 951 1325 se
971 1283 1128 1341 recipit
1150 1283 1190 1324 in
1213 1291 1368 1324 castra.

306 1342 378 1384 36.
413 1342 479 1384 Re
505 1342 616 1384 bene
645 1351 781 1399 gesta,
808 1342 1014 1383 Caninius
1037 1358 1088 1383 ex
1111 1341 1292 1398 captivis
1315 1339 1540 1398 comperit,
1565 1349 1734 1398 partem

246 1401 473 1458 copiarum
495 1415 593 1442 cum
616 1400 844 1457 Drappete
867 1416 954 1441 esse
978 1400 1018 1441 in
1039 1400 1188 1442 castris
1210 1416 1234 1442 a
1255 1399 1426 1443 milibus
1447 1414 1532 1441 non
1553 1399 1736 1457 amplius

248 1458 351 1502 XII.
417 1459 517 1508 Qua
547 1474 595 1501 re
625 1475 679 1500 ex
707 1458 1006 1517 compluribus
1037 1461 1226 1517 cognita,
1265 1474 1402 1517 quum
1440 1458 1734 1517 intellegeret,

244 1518 401 1575 fugato
449 1517 575 1560 Duce
625 1518 781 1567 altero,
834 1518 1094 1575 perterritos
1141 1518 1330 1575 reliquos
1376 1517 1501 1559 facile
1547 1517 1735 1575 obprimi

248 1591 397 1635 posse:
432 1591 596 1634 magnae
626 1576 844 1618 felicitatis
865 1593 951 1619 esse
973 1577 1291 1626 arbitrabatur,
1316 1577 1525 1619 neminem
1547 1593 1599 1618 ex
1620 1575 1735 1618 caede

249 1635 459 1693 refugisse
481 1635 523 1676 in
547 1643 703 1683 castra,
724 1636 797 1691 qui
819 1635 871 1677 de
889 1645 1069 1693 accepta
1091 1636 1335 1678 calamitate
1364 1636 1565 1678 nuncium
1591 1635 1736 1693 Drap-

250 1693 345 1752 peti
367 1693 598 1752 perferret.
664 1694 750 1735 Sed
784 1694 827 1736 in
860 1695 1127 1752 experiundo
1150 1711 1283 1751 quum
1308 1694 1547 1753 periculum
1569 1693 1734 1735 nullum

250 1751 438 1801 videret,
480 1752 720 1809 equitatum
761 1768 927 1795 omnem
973 1755 1298 1810 Germanosque
1341 1753 1520 1811 pedites,
1564 1768 1737 1794 summae.

253 1809 498 1853 velocitatis
541 1811 748 1860 homines,
802 1811 856 1853 ad
905 1821 1047 1854 castra
1099 1811 1285 1855 hostium
1330 1812 1555 1870 przemittit
1580 1827 1588 1852 :
1646 1812 1737 1869 ipse

251 1868 467 1925 legionem
489 1885 616 1911 unam
638 1871 682 1912 in
706 1870 819 1912 trina
841 1880 982 1912 castra
1004 1871 1242 1922 distribuit,
1275 1870 1457 1913 alteram
1490 1886 1632 1912 seeum
1667 1886 1738 1912 ex-

253 1928 445 1986 peditam
469 1927 606 1970 ducit.
656 1929 801 1978 Quum
832 1931 1010 1987 propius
1031 1929 1162 1972 hostis
1183 1930 1438 1978 accessisset,
1462 1930 1518 1972 ab
1539 1929 1736 1987 explora-

252 1987 440 2036 toribus,
463 2002 572 2043 quos
592 1987 874 2044 praemiserat,
906 1989 1140 2044 cognoscit,
1179 1998 1321 2031 castra
1354 2005 1520 2037 eorum,
1559 1997 1609 2030 ut
1642 1988 1737 2030 bar-

253 2045 464 2087 barorum
486 2045 573 2086 fert
595 2046 879 2095 consuetudo,
904 2048 1064 2090 relictis
1089 2047 1190 2089 locis
1211 2047 1526 2104 superioribus,
1546 2047 1599 2088 ad
1624 2063 1645 2088 r

255 2102 441 2145 fluminis
500 2120 587 2145 esse
636 2103 817 2146 demissa
837 2120 846 2145 :
900 2113 945 2146 at
990 2105 1228 2147 Germanos
1279 2107 1532 2161 equitesque
1589 2105 1738 2163 inpru-

255 2161 462 2204 dentibus
497 2162 696 2204 omnibus
721 2163 772 2205 de
795 2163 1013 2221 inproviso
1050 2162 1270 2206 advolasse
1309 2172 1352 2205 et
1388 2164 1589 2221 proelium
1626 2180 1738 2205 com·

259 2219 433 2263 misisse.
481 2220 580 2269 Qua
613 2237 657 2263 re
687 2221 880 2278 cognita,
916 2221 1125 2279 legionem
1151 2231 1360 2264 armatam
1396 2224 1738 2279 instructamque

257 2278 453 2322 adducit.
518 2278 601 2328 Ita,
626 2290 801 2338 repente
824 2281 1024 2323 omnibus
1049 2297 1101 2323 ex
1126 2282 1324 2339 partibus
1346 2280 1466 2338 signo
1500 2280 1619 2329 dato,
1642 2281 1738 2324 loca

306 2426 481 2463 Gonnum,
497 2424 602 2466 vulgo
619 2432 786 2457 mar-atur.
817 2428 869 2457 (Ὺ.
887 2439 964 2469 cap.

260 2469 315 2500 5³7.
342 2469 527 2510 prohibitus
552 2475 597 2500 ese
626 2472 757 2504 timore.
785 2475 967 2503 unvamma·

259 2513 473 2544 eir:·1mulare
491 2514 687 2553 oppidanos.
703 2508 803 2550 'Em-o
815 2522 966 2550 consilum

260 2557 352 2597 quod
377 2557 480 2587 codd.
508 2556 648 2594 habent,
679 2563 768 2588 recte
800 2565 965 2591 unitarum

262 2600 488 2641 interpretes3
513 2602 568 2631 sed
586 2610 652 2632 non
665 2606 732 2631 tam
754 2600 786 2633 in
806 2610 967 2639 moratur,

261 2655 363 2685 quam
380 2643 413 2675 in
431 2650 620 2683 cunctatur,
637 2655 692 2675 scu
709 2651 873 2679 cantatur.
893 2658 967 2678 mu—

262 2687 325 2719 tari
343 2687 477 2722 debuit.
496 2694 530 2718 ut
546 2695 642 2720 acute
660 2688 743 2719 vidit
760 2689 849 2720 Oud.
870 2693 918 2721 M.
936 2701 966 2721 er

262 2731 299 2763 in
316 2731 396 2762 edit.
415 2732 603 2772 posteriore
619 2733 759 2774 recepit.
775 2744 907 2774 sequor.
932 2736 969 2765 Τἇ

262 2782 420 2808 ‘moratur
436 2776 576 2807 debetur
591 2778 727 2816 glossae.

268 2860 277 2867 -
314 2821 346 2867 A
360 2820 510 2867 milibus.
528 2819 640 2860 Vulgo
652 2822 779 2854 addunt
790 2832 967 2864 passuum,

267 2870 387 2895 lnvms
403 2864 502 2896 codd.
518 2871 553 2896 et
568 2866 645 2898 edd.
660 2871 726 2898 vet.

1087 2428 1209 2469 Effuyil
1225 2427 1311 2458 inde.
1328 2427 1387 2459 alii
1408 2427 1570 2469 Prrgl'uqit.

1084 2473 1157 2503 Non
1184 2474 1346 2513 amplius,
1383 2472 1519 2513 quidam
1551 2482 1615 2502 non
1644 2472 1740 2514 lonye

1037 2518 1194 2555 anaplum.

1083 2560 1406 2600 Mamm*fidis-itam.
1443 2561 1506 2590 Dux
1519 2559 1557 2590 is.
1576 2559 1662 2591 male
1678 2570 1738 2591 vo-

1037 2603 1127 2635 lebat
1148 2604 1358 2644 iuf'vlicitneie.

1083 2649 1229 2678 Summa·
1248 2651 1307 2679 rel.
1325 2651 1483 2679 hammus.
1502 2648 1600 2687 vulg-o
1617 2658 1739 2678 omnm.

1086 2693 1127 2722 In
1145 2695 1234 2723 trina
1250 2698 1372 2723 enslra.
1394 2693 1503 2725 Vulso
1514 2693 1602 2723 intra
1615 2696 1739 2722 rastra.

1039 2735 1235 2766 Emendavi(
1254 2736 1418 2767 Ciaccon.
1435 2748 1453 2767 e
1469 2736 1544 2766 cod.
1559 2735 1688 2766 I'rsini.

1084 2781 1226 2821 Propius
1242 2782 1343 2811 hos-tis
1368 2791 1489 2811 necess.
1537 2778 1649 2819 Vulgo
1667 2781 1739 2809 lme-

1036 2830 1112 2855 lem.

1087 2870 1126 2900 st
1144 2867 1239 2900 barb.
1251 2868 1329 2910 scm.
1367 2868 1431 2900 Pro
1442 2867 1508 2910 fert
1526 2866 1666 2908 aliisvre
1683 2873 1739 2899 ext.
