1946 3261
234 223 317 269 102
639 223 723 267 DE
754 217 959 264 BELLO
992 222 1288 267 GALLIGO.

226 351 330 396 satis
350 365 437 393 esse
457 349 594 390 visum
615 352 681 388 est
714 347 918 398 militum,
953 349 1158 407 reliquit:
1204 350 1295 409 ipse
1331 365 1430 394 cum
1458 349 1705 410 legionibus

229 409 440 469 expeditis
461 402 554 446 IIII
578 412 623 446 et
642 405 866 463 equitibus
887 408 1057 451 DCCC
1080 409 1123 451 in
1145 408 1240 452 finis
1261 410 1546 454 Trevirorum
1573 406 1704 467 profi-

228 469 414 512 ciscitur,
438 462 559 520 quod
582 458 625 506 hi
645 479 785 522 neque
806 466 861 509 ad
881 467 1061 510 concilia
1085 469 1332 518 veniebant,
1355 484 1495 527 neque
1517 466 1702 525 imperio

223 527 454 586 parebant,
479 523 806 582 Germanosque
827 525 1159 570 transrhenanos
1177 528 1409 571 sollicitare
1429 527 1703 571 dicebantur.

281 583 324 626 3.
362 581 470 624 Haec
503 582 655 625 civitas
690 581 820 642 longe
860 585 1098 643 plurimum
1132 587 1269 630 totius
1311 587 1468 630 Galliae
1503 586 1707 643 equitatu

222 642 337 684 valet
355 654 619 699 magnasque
635 640 767 685 habet
784 645 928 703 copias
946 645 1159 703 peditum,
1179 646 1485 704 Rhenumque,
1505 654 1556 687 ut
1574 659 1708 702 supra

223 696 625 751 demonstravimus,
659 703 816 761 tangit.
885 703 934 745 In
967 719 1017 746 ea
1043 705 1221 748 civitate
1249 706 1338 748 duo
1365 706 1418 748 de
1453 703 1704 764 principatu

215 762 330 804 inter
347 773 390 802 se
407 760 742 811 contendebant,
762 761 1088 806 Indutiomarus
1105 773 1150 806 et
1169 764 1449 822 Cingetorix:
1475 778 1527 805 ex
1545 761 1707 820 quibus

218 819 346 869 alter,
367 818 496 862 simul
516 828 651 877 atque
669 820 722 863 de
745 821 925 864 Caesaris
944 822 1255 880 legionumque
1272 823 1464 865 adventu
1484 821 1707 879 cognitum

219 887 300 929 est,
321 878 377 922 ad
399 894 499 921 eum
519 878 666 927 venit;
708 897 750 922 se
771 897 956 938 suosque
979 895 1123 923 omnes
1143 882 1187 924 in
1209 882 1352 924 officio
1371 882 1544 923 futuros
1565 893 1707 937 neque

219 936 277 982 ab
297 938 485 981 amicitia
507 938 669 997 Populi
697 938 880 982 Romani
905 939 1152 983 defecturos
1186 939 1487 987 confirmavit;
1519 952 1706 997 quaeque

219 998 264 1042 in
285 997 480 1040 Treviris
501 1006 774 1055 gererentur,
798 999 999 1041 ostendit.
1035 1000 1097 1041 At
1118 997 1441 1042 Indutiomarus
1459 998 1708 1057 equitatum

220 1056 554 1117 peditatumque
586 1072 758 1115 cogere,
789 1058 941 1116 iisque,
972 1057 1047 1116 qui
1077 1074 1155 1116 per
1187 1068 1359 1101 aetatem
1393 1059 1436 1100 in
1458 1057 1588 1100 armis
1616 1071 1704 1098 esse

218 1129 306 1160 non
345 1123 567 1175 poterant,
602 1116 645 1158 in
681 1116 831 1158 silvam
872 1117 1151 1160 Arduennam
1187 1118 1362 1166 abditis,
1403 1131 1500 1174 quae
1539 1113 1705 1173 ingenti

218 1174 515 1234 magnitudine
539 1190 618 1233 per
640 1176 799 1218 medios
815 1175 918 1218 fines
937 1175 1221 1218 Trevirorum
1238 1192 1263 1218 a
1285 1175 1458 1218 flumine
1478 1173 1632 1216 Rheno
1650 1172 1705 1215 ad

217 1235 391 1278 initium
430 1233 667 1276 Remorum
705 1235 911 1292 pertinet,
950 1235 1115 1277 bellum
1153 1250 1308 1293 parare
1346 1233 1550 1277 instituit.
1616 1231 1705 1274 Sed

217 1300 369 1352 postea
398 1308 529 1352 quam
552 1294 746 1335 nonnulli
772 1292 994 1351 Principes
1022 1308 1074 1335 ex
1103 1308 1153 1335 ea
1184 1294 1377 1341 civitate,
1410 1300 1455 1333 et
1484 1290 1703 1333 familiari-

218 1362 309 1396 tate
334 1352 630 1410 Cingetorigis
655 1351 833 1394 adducti
855 1360 898 1393 et
918 1352 1107 1394 adventu
1132 1352 1267 1394 nostri
1291 1351 1507 1393 exercitus
1536 1358 1704 1408 perter-

216 1412 307 1461 riti,
337 1411 391 1453 ad
429 1410 642 1452 Caesarem
676 1419 890 1452 venerunt
919 1418 963 1452 et
993 1410 1046 1452 de
1076 1410 1163 1452 suis
1194 1411 1399 1468 privatim
1424 1409 1554 1451 rebus
1574 1408 1631 1450 ab
1648 1423 1701 1465 eo

249 1478 367 1513 etere
400 1476 644 1527 coeperunt,
678 1469 881 1526 quoniam
920 1469 1086 1511 civitati
1121 1469 1345 1512 consulere
1377 1483 1462 1511 non
1497 1476 1697 1526 possent:

214 1488 538 1572 fndutiomarus
558 1528 737 1576 veritus,
760 1543 811 1570 ne
833 1529 890 1570 ab
913 1528 1113 1571 omnibus
1133 1528 1422 1577 desereretur,
1449 1527 1616 1585 legatos
1643 1524 1699 1568 ad

215 1588 430 1631 Caesarem
449 1587 611 1629 mittit:
645 1603 731 1629 sese
753 1587 912 1629 idcirco
934 1587 991 1628 ab
1013 1587 1099 1629 suis
1127 1587 1342 1630 discedere
1370 1596 1505 1644 atque
1525 1586 1579 1628 ad
1601 1599 1700 1627 eum

212 1646 361 1690 venire
381 1645 584 1694 noluisse,
607 1661 696 1703 quo
714 1645 881 1687 facilius
901 1646 1121 1688 civitatem
1145 1646 1186 1687 in
1209 1646 1350 1688 officio
1369 1646 1628 1692 contineret,
1648 1658 1702 1686 ne

214 1706 351 1749 omnis
370 1703 610 1747 nobilitatis
630 1704 814 1746 discessu
839 1705 963 1761 plebs
985 1713 1170 1762 propter
1192 1704 1512 1762 inprudentiam
1535 1702 1699 1745 labere-

215 1772 303 1807 tur.
359 1763 515 1820 Itaque
536 1779 622 1805 esse
644 1763 865 1805 civitatem
889 1763 930 1806 in
952 1778 1029 1805 sua
1053 1772 1285 1820 potestate,
1316 1779 1463 1820 seque,
1489 1761 1522 1803 si
1553 1762 1700 1804 Caesar

213 1823 507 1882 permitteret,
532 1821 586 1864 ad
608 1836 705 1863 eum
734 1822 774 1863 in
798 1830 938 1864 castra
960 1831 1194 1864 venturum
1223 1830 1267 1864 et
1297 1836 1393 1863 suas
1422 1820 1699 1878 civitatisque

212 1883 411 1925 fortunas
431 1881 522 1938 ejus
542 1879 639 1923 fidei
662 1880 987 1938 permissurum.

272 1940 314 1982 4.
350 1940 510 1988 Caesar,
541 1940 618 1981 etsi
647 1939 947 1997 intellegebat,
982 1954 1069 1997 qua
1096 1940 1148 1982 de
1178 1955 1325 1981 caussa
1353 1954 1401 1981 ea
1429 1939 1697 1987 dicerentur,

213 2015 397 2058 quaeque
426 2013 526 2040 eum
558 2013 624 2040 res
653 1997 710 2041 ab
740 1998 942 2041 instituto
973 1998 1152 2041 consilio
1180 1999 1439 2047 deterreret,
1463 2007 1622 2045 tamen,
1645 2011 1698 2040 ne

212 2067 402 2102 aestatem
430 2058 472 2100 in
501 2057 693 2099 Treviris
722 2072 971 2100 consumere
1007 2067 1256 2116 cogeretur,
1291 2057 1492 2101 omnibus
1514 2057 1568 2099 ad
1601 2055 1696 2099 Bri-

212 2116 431 2160 tannicum
455 2115 620 2158 bellum
642 2116 772 2159 rebus
789 2116 1066 2183 comparatis,
1091 2115 1437 2160 Indutiomarum
1460 2115 1514 2158 ad
1530 2131 1573 2158 se
1596 2129 1695 2157 cum

211 2176 408 2219 ducentis
444 2174 668 2217 obsidibus
705 2175 850 2218 venire
880 2176 1022 2232 jussit.
1088 2175 1170 2218 His
1199 2175 1412 2224 adductis,
1447 2174 1489 2218 in
1519 2174 1568 2216 iis
1604 2172 1694 2216 filio

212 2233 558 2293 propinquisque
595 2233 684 2290 ejus
723 2234 938 2283 omnibus,
980 2251 1089 2292 quos
1127 2236 1377 2277 nominatim
1419 2242 1693 2279 evocaverat,

211 2292 458 2338 consolatus
481 2290 826 2335 Indutiomarum
850 2291 1138 2351 hortatusque
1160 2303 1240 2344 est,
1272 2294 1336 2335 uti
1366 2292 1407 2334 in
1435 2291 1576 2335 officio
1599 2306 1693 2349 per-

991 2403 1016 2439 1,
1038 2403 1088 2432 16.
1137 2403 1350 2443 Cin-qo-wir.
1373 2406 1475 2441 caput
1493 2401 1535 2431 ad
1551 2398 1695 2441 expedi-
1719 2427 1723 2433 .

576 2397 724 2430 Numuin
748 2400 821 2440 ejus
846 2399 918 2441 ips(-

986 2445 1126 2481 tionem,
1139 2447 1169 2477 le
1177 2446 1298 2487 chesnio
1313 2445 1534 2487 l‘ezpedition.
1559 2443 1646 2476 lurra
1660 2446 1692 2483 7,

260 2402 530 2434 Indutiomarus.

214 2445 389 2489 possideo.
436 2444 555 2476 Amica
576 2443 674 2474 offert
698 2450 801 2484 caput
820 2445 917 2484 juvv-

211 2492 295 2529 nile,
311 2489 445 2532 postica
462 2496 665 2520 esnmnrs
684 2487 818 2518 lsnr‘ri
840 2497 916 2521 111¹.

211 2536 276 2567 bos
290 2533 458 2572 gradiens.
499 2533 594 2564 Patet
611 2531 703 2569 hinc,
720 2541 840 2562 nomen
859 2543 917 2573 per

209 2585 221 2611 t
238 2578 466 2613 scribendum,
489 2577 624 2609 Gra-cus
640 2575 729 2606 malo
748 2586 806 2616 per
826 2589 856 2610 κ,
881 2582 916 2607 nt

208 2629 241 2654 et
259 2623 335 2654 edd.
350 2628 419 2653 vet.
433 2619 637 2653 Germanica
653 2625 687 2651 et
712 2619 767 2650 hic
792 2619 918 2659 gloria-

208 2673 260 2698 tur
275 2666 424 2708 origine,
440 2671 476 2697 ut
491 2663 667 2696 Commius
683 2667 713 2701 4,
732 2665 785 2693 (21.
823 2663 915 2701 Quid

209 2710 276 2742 sibi
307 2711 413 2742 velint
442 2709 575 2741 lineoloe
605 2713 748 2749 quatuor
777 2707 915 2748 adjecta,-

210 2754 350 2789 nomini.
380 2754 559 2786 incertum.
608 2752 651 2783 V.
684 2750 802 2791 Bogvri
828 2751 915 2782 thes.

209 2797 397 2830 andenb.
415 2804 438 2829 t.
460 2800 487 2829 l.
505 2808 539 2839 p.
556 2799 629 2828 309.
654 2795 798 2827 Eckhel.
816 2795 857 2826 D.
874 2795 915 2826 N.

209 2841 250 2872 V.
269 2848 291 2872 t.
314 2844 341 2872 l.
359 2853 393 2883 p.
411 2844 460 2873 78.

254 2887 454 2925 Cinqeenrioe.
501 2885 644 2927 Egregie
659 2894 701 2914 ex
719 2883 830 2924 prisca
847 2881 912 2913 lin-

207 2940 273 2972 gua
285 2928 421 2960 Celtica
437 2929 499 2960 hoc
522 2939 643 2962 nomen
664 2927 840 2969 dignitatis
854 2937 912 2957 ex-

208 2972 347 3016 ponitur
367 2973 412 3004 ab
436 2973 584 3006 0-Brien
609 2973 643 3006 in
668 2982 772 3012 opere
793 2969 851 3003 cit.
870 2971 914 3003 ad

986 2491 1017 2519 4.
1045 2489 1228 2531 praefigitur
1247 2491 1323 2523 Ver,
1338 2489 1401 2520 i.e.
1430 2490 1520 2519 Fem·
1534 2486 1607 2520 sive
1623 2490 1691 2527 tir,

984 2533 1041 2574 qui
1060 2539 1159 2575 caput
1177 2539 1225 2563 est
1245 2532 1483 2575 expeditionis.

1031 2579 1161 2609 Silvam
1181 2578 1408 2609 Arduennam.
1431 2576 1501 2608 vid.
1520 2577 1550 2614 6,
1569 2577 1622 2608 29.
1642 2576 1690 2607 M.

987 2621 1028 2652 131
1046 2621 1096 2653 ibi
1115 2627 1242 2652 notata.

1032 2667 1291 2697 familiaritate.
1326 2666 1372 2697 al.
1389 2667 1593 2697 ‹ncclorilme-

1033 2709 1294 2742 [minumum-m.
1364 2709 1438 2741 Huc
1471 2709 1535 2740 hoc
1566 2717 1689 2740 nomen

982 2754 1151 2785 transtulit
1164 2752 1318 2785 Oudend.
1334 2753 1481 2795 positum
1497 2751 1598 2793 vulgo
1612 2758 1691 2794 post

980 2797 1192 2830 desereretur.

1030 2843 1284 2873 Romami-um.
1345 2841 1398 2872 ΑΙ.
1420 2843 1689 2873 commissurum.

983 2883 1174 2917 Discrimen
1193 2885 1276 2916 inter
1294 2886 1366 2917 haec
1388 2886 1456 2918 duo
1471 2884 1575 2917 verba
1597 2890 1689 2927 patet

981 2939 1023 2960 ex
1041 2930 1115 2961 Cic.
1134 2929 1230 2961 Verr.
1251 2932 1279 2966 l,
1296 2932 1349 2962 32.

1030 2974 1128 3006 Filio.
1151 2973 1310 3015 ALfilia's.
