1946 3261
449 218 531 260 AD
566 217 822 261 BELLUM
858 214 1208 259 GALLICUM.
1482 214 1564 256 509

100 341 343 398 Iny'iciendi
372 343 552 387 timoris.
620 344 763 387 Bentl.
806 343 1061 386 incutiendi.
1103 339 1225 399 quasi
1261 356 1346 385 non
1384 339 1561 400 perinde

154 400 281 444 foret.

96 459 187 501 Aut
205 486 262 559 Ξί-
277 461 515 504 eoeeludere.
577 462 605 503 J
613 460 721 504 urin.
753 460 840 518 legi
868 459 963 501 vult
990 465 1064 500 aut
1084 459 1135 501 in
1152 457 1434 501 Provinciam
1453 471 1562 501 com-

188 534 210 560 e
245 534 328 562 ere.

98 533 232 625 77:⁹56.
266 577 314 619 id
333 593 455 620 nemo
478 584 579 619 tunc
603 584 686 619 ete.
748 577 777 619 J
783 576 892 618 urin.
924 574 1179 617 servandum
1199 574 1426 632 vulgatum
1453 572 1565 631 judi-

153 643 237 684 cat,
268 636 315 677 id
348 651 401 677 ne
423 642 512 678 tum
543 634 713 690 quidem
733 649 823 677 nec.
856 633 1118 691 faciendum
1149 632 1441 682 eoeistz'mabat,
1474 632 1564 674 scil.

154 693 325 750 cognita
359 693 600 735 AEduorum
625 693 861 735 defectione
893 707 1126 748 eorumque
1159 690 1362 733 custodiis
1396 690 1439 732 in
1465 690 1562 748 ripa

154 751 319 808 Ligeris
335 751 568 810 dispositiS.
632 751 746 794 Tum
766 767 867 794 vero
886 751 1030 809 pergit
1051 751 1136 792 ita:
1173 751 1277 807 quin
1298 748 1490 807 infamia
1507 774 1564 781 —

152 809 415 866 inpediebat,
454 818 543 853 tum
570 809 770 862 maxime,
807 811 919 866 quod
949 810 1021 852 abs
1048 823 1092 850 se
1113 808 1342 851 intercluso
1365 806 1564 849 Labieno

152 868 414 911 -timebat.
477 868 573 926 lpse
608 869 738 910 etiam
775 869 998 924 Agemlico
1030 867 1149 909 nullo
1186 867 1312 909 modo
1353 865 1421 907 hie
1455 873 1567 906 stare

155 942 274 983 posse
295 926 424 968 videt.
488 927 568 969 Vir
595 927 746 970 doctus
775 927 876 969 Joh.
907 926 1018 968 Rod.
1061 925 1234 968 Schnell
1256 925 1299 967 in
1323 923 1566 982 Specimine

152 986 363 1027 observat.
397 986 439 1028 in
470 986 649 1028 Caesaris
681 1002 833 1028 comm.
855 985 897 1026 4.
958 985 1058 1026 Bas.
1088 983 1210 1026 1789.
1236 982 1386 1024 itidem
1405 981 1566 1024 servari

108 1095 110 1097 ‚
152 1043 246 1085 vult
277 1044 522 1101 vulgatum,
552 1044 609 1086 sie
642 1044 831 1101 quidem,
867 1053 916 1085 ut
946 1052 1044 1101 post.
1075 1041 1351 1084 existimabat
1381 1049 1568 1098 ponatur

150 1100 367 1144 distinctio
396 1103 541 1160 major.
604 1102 719 1144 Tum
751 1111 896 1144 autem
926 1101 1195 1160 pergendum
1226 1099 1354 1152 foret,
1378 1108 1429 1141 ut
1456 1099 1568 1157 lege-

151 1160 282 1202 batur
304 1161 451 1218 prius:
489 1161 632 1210 Quum
653 1160 843 1219 infitmia
865 1170 944 1203 etc.

98 1218 141 1267 7,
162 1218 232 1260 58.
265 1219 462 1277 praefecti
482 1235 508 1261 α
547 1219 722 1276 palude.
795 1219 934 1262 Bentl.
978 1217 1124 1260 forsan
1167 1217 1332 1274 objecta
1379 1215 1540 1274 palude
1556 1232 1572 1265 ,-

153 1277 182 1319 J
188 1277 354 1320 urinius.
373 1279 521 1320 relicta
539 1278 713 1334 palude.

96 1335 138 1384 7,
163 1335 230 1377 65.
266 1351 292 1378 α
334 1335 447 1378 Trib.
481 1337 573 1378 mil.
638 1335 998 1393 Conjunctionem
1028 1335 1100 1376 sed
1126 1340 1167 1375 et
1197 1334 1365 1391 respuit
1397 1348 1572 1391 quoque

153 1393 368 1442 Jurinius‚
392 1409 467 1436 nee
492 1395 671 1436 Graecus
690 1394 832 1437 habet.

96 1452 139 1501 7,
162 1453 230 1494 67.
257 1459 488 1509 pugnatur
509 1468 599 1495 unci
622 1460 734 1494 tunc.
798 1452 825 1493 J
832 1451 944 1493 urin.
964 1465 1009 1507 p.
1034 1464 1121 1492 uno
1146 1457 1342 1507 tempore.
1366 1449 1541 1492 frustra.

95 1510 139 1560 7,
162 1511 230 1553 68.
274 1511 387 1567 quod
418 1517 615 1567 equitatu
638 1538 696 1544 --
711 1510 841 1567 pulsi.
910 1510 1088 1551 Graecus
1130 1509 1243 1565 quod
1275 1522 1420 1551 eorum
1456 1508 1574 1565 equi-

154 1577 268 1612 tatus
288 1595 346 1602 -—
360 1569 525 1625 pulsus.
550 1578 592 1611 et
613 1569 692 1611 hoc
713 1568 818 1611 velit
838 1568 865 1610 J
871 1567 1050 1609 urinius.

95 1628 137 1678 7,
161 1629 230 1670 73.
265 1627 420 1685 Itaque
441 1628 603 1670 truncis
619 1628 711 1670 arb.
747 1626 898 1669 Simile
920 1625 1027 1684 quid
1044 1635 1193 1668 narrat
1214 1625 1330 1668 Plut.
1355 1625 1397 1667 in
1417 1626 1568 1684 Pomp.

156 1704 192 1729 c.
217 1687 284 1729 62.

95 1746 138 1795 7,
160 1745 229 1787 75.
264 1745 574 1788 SuessionibuS.
609 1744 683 1787 alii
706 1744 1000 1786 Suessonibus.
1023 1759 1065 1786 v.
1093 1742 1323 1786 cellarius.

95 1804 138 1854 7,
160 1804 230 1846 77'.
261 1802 481 1846 hominum
506 1801 1011 1860 milibus—interfectis
1045 1809 1125 1845 etc.
1189 1801 1262 1844 Sic
1295 1801 1386 1844 Cic.
1422 1816 1504 1860 pro
1528 1800 1572 1845 J.

154 1863 273 1905 Man.
299 1862 338 1904 5.
365 1863 466 1905 Non
487 1878 598 1921 opus
617 1878 722 1920 ergo
743 1877 902 1920 ponere
923 1861 971 1904 in
991 1860 1034 1902 Ιι.
1051 1875 1109 1902 m.

97 1919 212 1964 Nam
233 1921 340 1978 quid
358 1921 428 1963 illi
454 1930 533 1963 etc.
596 1921 740 1963 Jurin.
774 1920 973 1977 nunquid
1005 1919 1116 1962 illud
1151 1918 1249 1962 huic
1284 1918 1424 1962 simile
1460 1918 1568 1961 bello

143 1980 277 2038 fuit?
308 1979 378 2021 cui
407 1979 580 2022 lectioni
613 1979 755 2022 favere
785 1978 890 2020 dicit
922 1977 1144 2036 superiora
1172 1991 1449 2035 nequaquam
1464 1977 1573 2034 pari

155 2038 275 2080 bello.

96 2095 279 2139 Finibus
305 2096 488 2152 quidem.
553 2095 768 2154 Displicet
788 2095 870 2139 hoc
908 2095 1078 2153 quidem
1108 2094 1321 2145 Bensseio,
1359 2093 1435 2153 qui
1472 2102 1568 2153 post

155 2162 424 2198 excesserunt
442 2153 566 2197 addit
587 2161 743 2197 tamen.

97 2214 141 2265 7,
162 2213 231 2256 79.
267 2213 449 2256 abditas.
487 2213 655 2269 ‚Jurin.
691 2213 906 2256 abductas.
942 2213 1016 2257 Sic
1046 2215 1222 2256 Graecus
1250 2214 1499 2269 ἀνεχώρησαν
1523 2220 1568 2254 et

154 2273 212 2315 sic
225 2273 316 2331 jam
338 2272 451 2316 Oud.
490 2273 729 2331 conjecerat
760 2288 813 2314 ex
847 2271 1004 2315 codicis
1040 2272 1187 2314 Petav.
1214 2270 1434 2314 adductas.
1481 2270 1566 2312 Ve-

154 2347 248 2374 rum
271 2331 423 2373 abdere
439 2332 567 2374 etiam
588 2341 651 2374 est
666 2346 900 2381 removere,
921 2340 970 2373 ut
985 2331 1104 2389 apud
1120 2330 1348 2373 Tibullum
1366 2329 1409 2380 2,
1438 2329 1476 2380 l,
1494 2328 1562 2371 89.

158 2390 229 2432 Cf.
255 2390 446 2433 Gronov.
469 2390 522 2433 de
542 2406 632 2448 pec.
653 2399 738 2433 vet.
761 2389 804 2439 4,
827 2390 867 2432 8.
899 2389 1020 2449 Ergo
1037 2390 1097 2432 nil
1117 2388 1385 2432 mutandum.

99 2449 142 2500 7,
163 2448 233 2490 80.
265 2463 354 2491 una
373 2449 422 2492 in
431 2456 572 2506 parte.
598 2449 776 2492 fortasse
796 2463 874 2491 sua
895 2447 943 2490 in
958 2456 1098 2506 parte.
1162 2449 1236 2491 Sic
1257 2447 1346 2489 fere
1369 2447 1558 2489 Graecus.

97 2508 141 2559 7,
164 2507 294 2608 84bba
326 2508 486 2551 castris.
547 2507 592 2550 J.
617 2508 667 2551 C.
695 2508 753 2550 H.
790 2507 983 2551 defendit
1021 2507 1227 2551 Glareani
1260 2512 1420 2549 rastros
1454 2505 1484 2548 l.
1521 2521 1559 2546 c.

170 2582 199 2608 2.
239 2566 322 2608 “”6.
1492 2589 1498 2594 ·

99 2583 234 2676 7‚186.
267 2623 457 2671 subsidio
477 2623 610 2667 labor.
628 2626 774 2669 mittit.
835 2624 887 2668 In
907 2626 1046 2669 animo
1066 2624 1220 2668 habuit
1242 2621 1358 2666 Oud.
1387 2620 1561 2664 submit-

160 2683 228 2727 tit.
251 2683 322 2725 cui
342 2682 556 2726 fulciendo
577 2684 620 2727 in
640 2684 842 2728 addendis
861 2683 1033 2744 adlegat
1064 2682 1285 2728 Drakenb.
1318 2679 1373 2723 ad
1395 2680 1490 2723 Liv.
1513 2678 1557 2730 6,

159 2743 199 2785 6.
233 2741 426 2799 Populos
432 2742 706 2798 juventutem
720 2742 975 2786 submisisse.

100 2801 146 2852 7,
166 2802 236 2845 88.
267 2801 404 2846 hostes
422 2801 622 2859 proelium
641 2802 918 2848 committunt.
950 2802 979 2846 J
984 2800 1096 2845 urin.
1119 2798 1216 2844 vult
1234 2796 1372 2843 nostri
1391 2812 1438 2856 p.
1461 2811 1495 2841 c.

1311 2871 1332 2900 9.
1357 2867 1389 2900 R
