1946 3261
595 167 713 212 LIB.
749 167 879 212 VIII.
943 167 1081 212 CAP.
1115 168 1157 218 6,
1179 168 1224 211 7.
1592 159 1684 205 229

183 293 292 337 nitas
313 295 505 354 bellique
525 296 640 340 ratio
660 297 928 356 postulabat,
950 304 1167 356 perpetuo
1187 311 1266 340 suo
1287 295 1454 345 labore,
1475 292 1519 337 in
1540 291 1682 338 vicem

182 353 423 412 legionibus
441 356 771 414 expeditionum
793 373 900 400 onus
918 356 1189 415 injungebat.

183 471 191 479 ο
241 414 282 455 7.
320 413 401 457 His
420 416 556 474 copiis
571 416 747 467 coactis,
769 417 825 459 ad
843 415 1098 459 Bellovacos
1115 413 1422 472 proficiscitur,
1435 410 1677 470 castrisque

181 488 225 514 111
247 489 400 516 eorum
420 474 579 518 finibus
614 475 780 534 positis,
815 476 1015 534 equitum
1044 483 1210 516 turmas
1240 473 1425 516 dimittit
1457 473 1502 515 in
1531 486 1680 514 omnes

180 540 326 589 partes
346 533 401 575 ad
421 534 591 591 aliquos
610 534 900 592 excipiendos,
923 551 978 577 ex
994 533 1156 592 quibus
1172 531 1363 574 hostium
1381 531 1557 575 consilia
1574 545 1680 588 cog-

179 601 390 633 nosceret.
439 592 623 650 Equites
641 593 783 637 officio
803 594 944 637 functi
962 592 1233 642 renunciant,
1252 606 1414 649 paucos
1430 590 1474 632 in
1492 588 1683 633 aedificiis

180 666 267 692 esse
289 649 488 694 inventos
508 660 641 709 atque
662 653 754 702 hos,
786 668 871 696 non
900 653 975 711 qui
995 667 1207 711 agrorum
1228 649 1511 693 colendorum
1532 664 1682 692 caussa

180 709 495 761 remansissent,
527 711 732 770 (namque
761 729 850 755 esse
872 713 1064 770 undique
1084 710 1320 768 diligenter
1346 708 1680 767 demigratum,)

177 767 253 811 sed
287 769 364 827 qui
399 770 651 828 speculandi
687 772 830 829 gratia
868 781 1009 815 essent
1041 769 1222 814 remissi.
1262 793 1266 797 .
1284 769 1325 812 A
1349 767 1510 826 quibus
1537 782 1680 824 quum

177 836 398 884 quaereret
435 829 596 880 Caesar,
635 846 725 887 quo
766 831 862 874 loco
893 829 1134 874 multitudo
1175 836 1286 872 esset
1321 827 1678 875 Bellovacorum,

177 886 352 944 quodve
374 897 486 932 esset
506 889 732 933 consilium
753 907 922 941 eorum,
956 888 1222 940 inveniebat,
1256 894 1286 914 ‘⁶
1309 887 1566 930 Bellovacos
1588 899 1679 928 om-

180 953 210 971 ⁶‘
233 962 322 998 nes,
356 949 434 1006 qui
463 964 583 991 arma
604 949 721 994 ferre
755 958 944 1007 possent,
980 950 1024 992 in
1055 964 1192 991 unum
1225 947 1373 991 locum
1404 944 1679 994 convenisse;

178 1013 207 1032 ‘⁶
231 1005 424 1066 itemque
448 1008 701 1058 Ambianos,
731 1010 964 1058 Aulercos,
1000 1008 1193 1058 Caletos,
1219 1006 1520 1055 Velliocasses‚
1546 1005 1681 1047 Atre-

178 1071 208 1090 ‘⁶
233 1065 356 1109 batas
372 1066 516 1110 locum
535 1068 685 1110 castris
703 1068 937 1118 excelsum,
957 1068 1000 1110 in
1011 1068 1136 1118 silva,
1152 1066 1345 1126 inpedita
1358 1063 1681 1108 circumdatum

178 1131 208 1149 ‘⁶
234 1125 408 1184 palude,
441 1126 672 1185 delegisse;
713 1127 856 1169 omnia
888 1126 1186 1184 inpedimenta
1215 1126 1258 1169 in
1290 1125 1524 1169 ulteriores
1549 1123 1682 1166 silvas

179 1190 208 1210 ‘⁶
232 1185 488 1232 contulisse;
531 1186 777 1244 complures
809 1202 898 1228 esse
935 1186 1159 1244 Principes
1200 1185 1307 1228 belli
1342 1193 1562 1234 auctores,
1600 1181 1681 1226 sed

178 1250 207 1269 ‘⁶
231 1244 562 1287 multitudinem
581 1245 766 1287 maxime
782 1245 952 1287 Correo
972 1245 1297 1300 obtemperare,
1312 1242 1434 1302 quod
1452 1243 1492 1285 ei
1509 1258 1680 1286 summo

179 1308 210 1328 ⁶⁶
232 1320 320 1346 esse
342 1304 442 1347 odio
464 1319 621 1347 nomen
647 1304 807 1362 Populi
828 1303 1017 1346 Romani
1039 1302 1374 1350 intellexissent;
1407 1301 1557 1360 paucis
1577 1310 1682 1344 ante

178 1369 207 1388 ‘⁶
230 1362 384 1405 diebus
417 1380 469 1406 ex
498 1363 562 1406 his
599 1364 749 1406 castris
775 1363 1039 1405 Atrebatem
1072 1361 1323 1404 Commium
1353 1360 1590 1403 discessisse
1624 1361 1683 1404 ad

179 1430 208 1448 ‘⁶
230 1423 393 1466 auxilia
416 1423 740 1466 Germanorum
768 1421 1037 1472 adducenda,
1073 1436 1266 1479 quorum
1294 1427 1340 1462 et
1359 1419 1558 1462 vicinitas
1580 1435 1681 1478 pro-

178 1489 209 1507 ⁶⁶
233 1482 412 1540 pinqua,
433 1491 479 1525 et
500 1482 739 1524 multitudo
757 1491 868 1525 esset
890 1480 1077 1523 infinita:
1112 1479 1386 1522 constituisse
1406 1486 1556 1521 autem
1579 1478 1681 1522 Bel-

179 1548 208 1567 “
231 1541 419 1593 lovacos,
452 1541 646 1584 omnium
670 1541 926 1600 Principum
950 1555 1173 1589 consensu,
1207 1554 1375 1581 summa
1395 1538 1539 1596 plebis
1558 1539 1684 1597 cupi-

179 1607 209 1626 ⁶⁶
232 1600 390 1651 ditate,
432 1601 466 1644 si
508 1601 578 1656 (ut
618 1600 869 1657 dicebatur)
921 1600 1065 1642 Caesar
1105 1614 1204 1640 cum
1247 1597 1391 1639 tribus
1432 1597 1682 1655 legionibus

178 1667 208 1685 ‘⁶
232 1660 419 1710 veniret,
442 1660 619 1703 obferre
638 1677 682 1702 se
700 1659 756 1702 ad
779 1658 1089 1708 dimicandum,
1112 1673 1165 1700 ne
1187 1656 1410 1700 miseriore
1430 1671 1481 1698 ac
1498 1656 1683 1700 duriore

178 1726 208 1745 ‘⁶
233 1729 384 1778 postea
405 1720 651 1764 conditione
681 1736 781 1762 cum
804 1728 899 1762 toto
924 1717 1119 1761 exercitu
1141 1716 1368 1760 decertare
1389 1723 1681 1775 cogerentur:

180 1786 209 1805 ‘⁶
232 1779 265 1821 si
287 1780 469 1839 majores
491 1780 634 1839 copias
655 1778 910 1828 adduceret,
946 1779 987 1821 in
1022 1794 1074 1821 eo
1108 1777 1206 1820 loco
1241 1791 1514 1835 permanere,
1548 1792 1685 1833 quem

178 1845 209 1865 ‘⁶
231 1837 514 1897 delegissent;
547 1838 830 1898 pabulatione
851 1845 1015 1887 autem,
1047 1853 1146 1896 quae
1176 1845 1365 1896 propter
1384 1838 1485 1879 anni
1506 1843 1685 1894 tempus

180 1905 209 1923 ‘⁶
233 1914 370 1956 quum
388 1899 546 1958 exigua
564 1908 659 1941 tum
677 1898 855 1957 disjecta
873 1905 998 1948 esset,
1018 1905 1064 1939 et
1082 1895 1424 1940 frumentatione
1441 1902 1488 1938 et
1505 1894 1684 1954 reliquo

180 1964 210 1983 ⁶⁶
233 1967 475 2003 commeatu
495 1975 550 2002 ex
570 1958 730 2002 insidiis
752 1957 986 2017 prohibere
1010 1955 1273 2000 Romanos.'’

230 2109 468 2141 Calendarum.
530 2106 564 2139 Si
605 2107 661 2139 vel
701 2106 849 2138 maxime
877 2117 897 2138 e
962 2104 1110 2144 rietates,
1138 2113 1249 2146 neque
1278 2102 1361 2134 satis
1389 2106 1482 2134 certa
1509 2099 1684 2143 scriptura

182 2154 317 2187 duobus
333 2153 430 2185 libris
445 2151 586 2184 vetustis
602 2158 635 2183 et
651 2151 794 2193 optimis
810 2162 898 2193 pra*-

182 2198 308 2230 femtur
333 2198 607 2230 incolendorum:
630 2203 741 2228 tamen
764 2202 798 2227 et
821 2196 897 2227 vul-

182 2249 268 2283 gatae
285 2253 402 2275 sensus
419 2247 481 2281 est,
503 2252 570 2273 non
589 2240 789 2273 remansisse
806 2239 898 2280 ideo,

182 2294 220 2318 ut
234 2298 334 2329 agros
351 2287 431 2319 illos
447 2299 473 2319 s.
490 2286 667 2327 regionem
691 2285 785 2317 illam
802 2284 897 2316 inco-

181 2332 289 2364 lerent
300 2356 309 2372 ,
346 2332 429 2373 quia
461 2331 631 2373 sequitur:
670 2341 748 2362 nam
779 2339 897 2360 omnes

182 2377 251 2408 fere
267 2376 505 2418 demigrarant‚
527 2387 553 2407 s.
570 2386 671 2407 nemo
689 2374 741 2406 ibi
766 2373 896 2405 incole-

184 2421 254 2453 bat.
301 2421 356 2452 Cf.
373 2431 405 2452 c.
421 2423 440 2451 3
456 2426 491 2452 et
506 2424 538 2451 5.
563 2421 613 2452 M.

235 2467 455 2498 tfellz'ocasses.
505 2465 660 2497 Fortasse
700 2465 897 2501 velocasses,

182 2516 219 2542 ut
235 2514 268 2547 2,
287 2513 318 2542 4.
335 2516 368 2542 et
385 2511 478 2551 apud
492 2509 653 2541 Orosium
679 2509 720 2540 de
745 2508 807 2540 hac
824 2507 897 2549 ipsa

182 2566 216 2587 re
231 2556 280 2594 (6,
300 2555 365 2593 11).
410 2554 549 2585 Monuit
563 2553 782 2586 Ciacconius.
807 2553 858 2583 M.

230 2601 274 2632 In
295 2596 602 2640 silva—palude.¹
634 2599 717 2638 Leg.
740 2600 777 2629 in
799 2598 899 2636 silva,

180 2646 333 2686 inpedita
356 2644 448 2684 (quae
463 2642 550 2674 silva
566 2642 718 2684 inpedita
732 2646 818 2679 erat,
834 2641 900 2672 dif-

183 2689 291 2721 ficiles
303 2688 415 2720 aditus
426 2686 592 2725 habebat)
604 2687 730 2729 palude
741 2686 898 2728 (propter

185 2734 371 2775 paludem).
420 2732 608 2763 Voluerunt
622 2731 794 2772 explicare
811 2730 897 2761 illud

182 2780 332 2820 inpedita
354 2778 452 2815 silva,
479 2775 624 2817 ideoque
645 2773 896 2816 adscripserunt

182 2823 410 2861 circumdata,
433 2821 496 2859 (sic
512 2820 604 2853 enim
621 2821 722 2852 codd.
738 2820 805 2850 fere
821 2831 896 2851 om-

183 2868 272 2907 nes,)
295 2869 385 2910 quod
412 2866 536 2898 deinde
564 2865 643 2896 edd.
668 2869 837 2904 mutarunt
859 2864 896 2895 in

181 2913 444 2951 circumdatum.
483 2910 547 2943 Sed
566 2915 599 2943 et
616 2909 730 2952 plures
745 2914 822 2941 sunt
837 2919 894 2942 va-

963 2148 1188 2181 demonstrari
1215 2152 1338 2190 potest.
1385 2145 1531 2178 Orosius
1553 2146 1603 2185 (6,
1625 2146 1682 2185 ll)

964 2195 1011 2226 sic
1040 2192 1229 2235 expressit:
1263 2194 1376 2224 locum
1401 2194 1550 2223 cinctum
1580 2196 1681 2233 atque

963 2239 1152 2279 inpeditum
1166 2238 1318 2280 undique
1329 2236 1515 2279 paludibus
1530 2238 1683 2279 capiunt.

1017 2329 1057 2360 Ut
1079 2327 1264 2360 dicebatur.
1310 2325 1368 2357 Sic
1393 2323 1511 2357 Davis.
1533 2335 1554 2356 e
1579 2325 1682 2357 codd.

967 2372 1079 2413 Vulgo
1102 2373 1281 2404 diceretur.

1011 2418 1133 2459 Copias
1149 2418 1342 2449 adduceret.
1388 2413 1468 2446 Duo
1493 2414 1592 2446 codd.
1609 2417 1682 2445 ant.

963 2466 996 2493 et
1012 2461 1244 2504 boni,‹19c›ret.
1281 2461 1393 2492 Bene:
1418 2469 1497 2491 nam
1509 2459 1682 2491 adducere

963 2511 1014 2538 est
1029 2506 1378 2548 interpretamentum,
1392 2514 1425 2535 v.
1439 2503 1509 2535 Ind.
1525 2503 1578 2534 M.
1613 2500 1679 2533 Sed

964 2551 1085 2592 paullo
1111 2556 1188 2582 ante
1215 2550 1305 2582 idem
1328 2547 1441 2580 adfuit
1463 2547 1511 2579 ad
1527 2556 1609 2579 au-v.
1635 2547 1679 2578 G.

963 2596 1183 2628 adducenda.
1230 2594 1364 2626 Hirtius
1387 2597 1500 2624 tamen
1521 2601 1564 2622 eo
1579 2599 1680 2623 sensu

963 2639 1047 2672 dicit
1062 2651 1164 2681 aqere
1180 2640 1253 2671 Afr.
1269 2641 1325 2670 26.

1011 2686 1192 2717 Pabulatio
1230 2684 1378 2724 disjecta,
1415 2690 1494 2712 cum
1532 2677 1682 2720 disjecti,

964 2728 1122 2771 dispersi,
1132 2728 1192 2760 alii
1208 2727 1289 2760 aliis
1299 2725 1396 2763 lociS,
1411 2722 1537 2765 passim
1550 2723 1682 2766 pabula

964 2774 1143 2816 colligunt.
1189 2773 1245 2804 Cf.
1271 2782 1303 2803 c.
1325 2772 1375 2802 10.
1402 2771 1505 2801 Raris
1520 2769 1683 2808 dispecta}-

963 2830 1027 2860 que
1045 2829 1088 2851 ex
1103 2817 1252 2860 aedaejfict'is
1262 2815 1433 2859 pabulum
1455 2815 1679 2856 conquiritur.
