1946 3261
707 484 896 530 LIBER
928 483 1323 530 SINGULARIS

998 635 1061 663 DE

515 768 818 819 BELLO
896 771 1530 837 HISPANIENSI,

354 941 507 990 QUOD
534 943 824 982 ADVERSUS
854 945 1080 983 POMPEII
1105 945 1281 984 FILIOS
1307 946 1531 996 GESTUM
1562 947 1683 987 EST.

842 1275 1193 1304 ARGUMENTUM.

275 1374 360 1416 Cap.
382 1374 409 1405 l.
442 1371 505 1404 Cn.
522 1371 710 1414 Pompeius
729 1370 844 1414 junior
866 1372 1027 1405 ulteriore
1052 1371 1221 1415 Hispania
1245 1371 1394 1414 potitur;
1426 1373 1542 1406 Caesar
1564 1373 1767 1407 muneribus

316 1425 434 1457 dandis
449 1424 616 1457 detinetur
632 1425 665 1456 in
683 1424 792 1457 Italia.
840 1428 873 1455 2.
896 1424 963 1456 Hic
987 1424 1020 1456 in
1047 1423 1251 1466 Hispaniam
1276 1424 1383 1464 venit,
1409 1424 1570 1457 invitatur
1593 1436 1613 1458 a
1635 1425 1769 1459 Cordu-

318 1477 494 1509 bensibus.
541 1478 573 1516 3,
592 1479 623 1508 4.
648 1476 768 1509 Sextus
784 1476 970 1518 Pompeius
984 1476 1179 1508 Cordubam
1195 1482 1297 1515 tenet,
1312 1476 1430 1509 Uliam
1448 1477 1650 1520 obpugnat3
1674 1489 1767 1518 mox,

318 1530 384 1562 hac
407 1530 526 1568 missa,
548 1530 590 1562 ad
617 1530 827 1564 Cordubam.
855 1529 910 1561 cui
934 1528 1047 1561 Caesar
1077 1528 1230 1568 inminet,
1262 1529 1324 1561 iter
1353 1529 1450 1562 facit.
1502 1533 1622 1562 5-19.
1657 1530 1769 1563 Caesar

316 1582 438 1615 Baetim
455 1587 559 1625 ponte
571 1582 697 1624 jungit,
723 1583 764 1613 ad
779 1592 882 1623 quem
902 1581 1025 1623 proeho
1044 1581 1134 1612 facto
1151 1582 1317 1623 Ateguam
1339 1582 1528 1623 obpugnat.
1582 1583 1710 1615 Proelia
1724 1585 1767 1616 ad

318 1634 442 1666 flumen
464 1633 596 1666 Salsum
619 1640 653 1666 et
677 1634 719 1666 ad
741 1632 950 1666 Cordubam.
1005 1632 1159 1665 Tandem
1183 1634 1313 1674 Ategua
1330 1633 1462 1676 potitur
1476 1633 1594 1666 Caesar
1607 1639 1640 1666 et
1657 1635 1769 1678 Impe-

316 1693 407 1721 rator
421 1687 624 1730 adpellatur.

273 1801 360 1842 Cap.
378 1800 433 1837 20,
447 1799 501 1829 21.
539 1795 728 1838 Pompeius
745 1800 853 1827 castra
872 1801 984 1827 movet
999 1794 1162 1828 Ucubim.
1206 1795 1320 1829 Caesar
1344 1802 1459 1829 castra
1482 1796 1601 1830 castris
1623 1798 1766 1830 confert.

317 1855 372 1884 22.
398 1849 558 1893 Pompeii
576 1849 756 1881 crudelitas
774 1849 914 1880 refertur
937 1848 1257 1881 Bursavolensibus.
1315 1852 1370 1882 23.
1397 1850 1447 1882 Fit
1464 1860 1588 1893 pugna.
1635 1853 1690 1882 24.
1712 1852 1767 1884 Ab

317 1904 485 1939 Soricaria
500 1910 716 1945 utrorumque
730 1903 936 1935 conveniunt
953 1902 1074 1945 copiae.
1120 1902 1241 1935 Vincit
1262 1903 1389 1936 Caesar.
1437 1907 1489 1935 25.
1517 1903 1655 1936 Antistii
1679 1905 1766 1937 Tur-

317 1959 435 2002 pionis
458 1963 492 1990 et
521 1957 565 1996 Q.
594 1956 755 1998 Pompeii
782 1956 880 1999 Nigri
905 1955 1059 1989 solitaria
1085 1966 1212 1998 pugna.
1274 1958 1328 1988 96.
1368 1955 1510 1999 Equites
1543 1957 1693 1990 Romani
1719 1959 1764 1990 ad

315 2011 483 2044 Caesarem
498 2008 736 2051 transfugiunt.

269 2123 359 2165 Cap.
378 2121 504 2153 ‘27—31
515 2144 522 2152 .
545 2119 657 2152 Caesar
672 2124 779 2151 castra
795 2118 837 2150 ad
848 2116 1010 2150 Mundam
1025 2117 1218 2150 constituit.
1241 2117 1477 2150 Committitur
1488 2128 1568 2152 acre
1584 2119 1764 2162 proelium:

318 2179 460 2217 pereunt
474 2172 644 2205 Labienus
660 2177 694 2204 et
709 2171 824 2204 Attius
841 2171 964 2203 Varus.
1004 2173 1056 2203 3⁴2.
1082 2171 1208 2202 Hostes
1223 2170 1388 2203 Mundam
1406 2182 1441 2203 se
1456 2171 1639 2214 recipiunt,
1652 2171 1767 2206 Caesar

315 2239 376 2261 eos
390 2227 645 2260 circumvallat:
668 2224 730 2257 Cn.
749 2224 936 2266 Pompeius
951 2224 1057 2256 tendit
1073 2223 1258 2256 Carteiam.
1305 2226 1358 2257 33.
1383 2223 1496 2257 Caesar
1509 2226 1552 2257 ad
1567 2225 1767 2259 Cordubam

315 2281 422 2320 venit,
446 2280 508 2313 ubi
533 2280 692 2322 Scapula,
716 2280 894 2313 seditionis
916 2287 1033 2322 caput,
1056 2286 1180 2312 structa
1203 2291 1300 2323 pyra,
1323 2291 1358 2313 se
1382 2288 1521 2314 cremat.
1575 2285 1628 2315 34.
1652 2282 1766 2316 Caesar

317 2333 448 2376 oppido
472 2332 618 2376 potitur3
651 2333 810 2375 itemque.
866 2335 921 2372 35,
944 2335 997 2366 36.
1025 2332 1176 2375 Hispali.
1232 2335 1286 2365 37.
1317 2333 1462 2365 (hrteiae
1483 2334 1650 2367 seditione
1679 2340 1766 2374 orta,

317 2385 462 2418 Caesaris
485 2396 587 2419 naves
618 2385 770 2418 incendit
801 2385 937 2417 Didius.
994 2388 1048 2425 38,
1075 2388 1128 2418 39.
1169 2385 1311 2418 Saucius
1336 2386 1524 2428 Pompeius
1552 2387 1703 2429 profugit
1729 2392 1764 2420 et

318 2441 471 2474 caeditur.
527 2441 639 2484 Caput
667 2441 739 2484 ejus
766 2441 893 2473 Caesari
919 2440 1066 2473 adfertur
1090 2439 1255 2474 Gadibus.
1313 2444 1366 2474 40.
1399 2440 1522 2474 Didius
1550 2441 1762 2474 interficitur.

317 2496 431 2530 Caesar
457 2496 611 2529 Gadibus
635 2498 679 2528 ad
701 2496 859 2539 Hispalin
884 2496 1038 2528 recurrit.
1082 2497 1138 2527 41.
1161 2496 1306 2540 Capitur
1330 2497 1461 2530 Munda
1483 2502 1517 2530 et
1539 2496 1661 2530 Ursao.
1707 2499 1764 2532 41.

319 2549 434 2583 verba
447 2548 560 2582 caesar
574 2548 657 2582 facit
671 2550 716 2581 ad
734 2548 970 2591 Hispalenses.
