1946 3261
551 204 666 249 LIB.
729 204 866 250 CAP.
898 205 973 256 30,
1002 205 1075 249 31.
1479 205 1559 250 561

95 338 286 371 accessus
321 343 476 382 *eorum
515 330 787 375 haberetur„
850 333 935 377 Hic
975 331 1198 377 decumani
1237 344 1361 375 suum
1397 329 1557 382 locum,

95 399 229 429 cornu
263 387 481 440 dextrum,
520 392 742 441 tenebant,
777 390 994 435 sinistrum
1025 392 1155 434 tertia
1186 399 1231 434 et
1262 389 1414 449 quinta
1445 390 1560 449 legio

94 442 286 513 itemque
294 456 453 514 'cetera
472 449 632 493 auxilia
649 457 692 493 et
713 450 946 508 equitatus.
1010 450 1220 494 Proelium
1235 449 1420 494 clamore
1441 449 1559 493 facto

95 513 395 549 committltur.

153 561 226 603 31.
273 564 359 606 Hic
393 563 471 607 etsi
504 564 670 607 virtute
713 565 848 608 nostri
884 565 1211 616 antecedebant,
1247 565 1478 609 adversarii
1514 583 1559 610 se

93 634 116 659 e
138 618 232 663 loco
257 623 477 680 superiore
495 621 784 666 defendebant
804 625 1024 677 acerrime,
1047 632 1090 666 et
1106 624 1329 667 vehemens
1351 625 1481 668 fiebat
1503 626 1560 668 ab

91 677 288 736 utrisque
315 681 477 723 clamor
505 680 780 738 telorumque
812 683 940 726 missu
962 698 1209 733 concurSUS‚
1237 683 1314 732 sic,
1341 691 1392 725 ut
1420 699 1560 742 prope

93 738 229 780 nostri
248 737 493 781 diffiderent
522 739 744 783 victoriae:
776 755 1026 800 congressus
1046 741 1158 784 enim
1184 749 1230 784 et
1256 741 1433 790 clamor,
1466 742 1561 798 qui-

93 795 173 837 bus
194 795 323 839 rebus
343 798 523 840 maxime
543 797 684 841 hostes
702 807 1019 850 conterremur,
1051 800 1095 842 in
1121 800 1295 843 conlatu
1319 799 1417 858 pari
1437 808 1560 842 erant

91 853 349 898 conditione.
412 855 567 912 Itaque
588 873 640 899 ex
660 864 847 915 utroque
876 874 1032 916 genere
1052 874 1224 917 pugnae,
1248 874 1383 916 quum
1410 858 1560 916 parem

92 912 303 956 virtutem
341 914 397 957 ad
437 914 685 957 bellandum
727 917 1020 968 contulissent,
1072 917 1262 975 pilorum
1309 917 1438 959 missu
1475 915 1561 958 fixa

91 972 336 1014 cumulatur
368 980 413 1015 et
443 973 629 1016 concidit
659 974 1003 1018 adversariorum
1031 975 1280 1018 multitudo.
1343 975 1564 1018 Dextrum

92 1028 477 1075 demonstravimus
512 1031 767 1076 decumanos
793 1049 929 1077 cornu
959 1034 1166 1077 tenuisse:
1201 1033 1293 1092 qui,
1326 1033 1405 1076 etsi
1424 1034 1562 1082 {erant

93 1088 238 1146 pauci,
278 1097 423 1133 tamen
492 1099 641 1148 ropter
679 1091 885 1134 virtutem
920 1108 1075 1151 magno
1108 1090 1372 1135 adversarios
1406 1091 1563 1135 timore

92 1162 242 1190 eorum
269 1163 405 1207 opera
424 1106 702 1199 afficiebant,
722 1150 840 1207 quod
862 1167 887 1192 a
905 1167 981 1193 suo
1009 1151 1103 1194 loco
1124 1150 1266 1193 hostes
1287 1149 1562 1193 vehementer

92 1221 289 1263 premere
313 1215 554 1265 coeperunt,
577 1216 628 1250 ut
648 1209 702 1251 ad
721 1209 972 1259 subsidium,
1002 1225 1055 1252 ne
1082 1209 1139 1252 ab
1160 1209 1296 1251 latere
1326 1209 1462 1252 nostri
1494 1224 1563 1252 oc-

93 1274 321 1322 cuparent,
357 1265 471 1324 legio
505 1266 851 1310 adversariorum
885 1268 1101 1310 transduci
1133 1276 1273 1326 coepta
1305 1267 1358 1309 sit
1386 1268 1440 1310 ad
1459 1267 1561 1310 dex-

92 1329 226 1366 trum.
290 1325 398 1373 Quae
433 1324 560 1366 simul
596 1333 659 1366 est
694 1335 826 1375 mota,
869 1328 1089 1383 equitatus
1132 1325 1309 1369 Caesaris
1347 1325 1560 1368 sinistrum

93 1396 227 1424 cornu
250 1398 445 1440 premere
466 1385 612 1441 coepit.
676 1384 738 1425 At
759 1383 788 1425 ii
805 1384 958 1426 eximia
990 1384 1156 1427 virtute
1184 1385 1388 1442 proelium
1420 1384 1561 1427 facere

92 1439 320 1498 incipiunt,
343 1449 392 1483 ut
412 1441 530 1484 locus
549 1443 591 1483 in
610 1441 700 1484 acie
716 1441 770 1484 ad
789 1442 1027 1485 subsidium
1044 1442 1246 1485 veniundi
1263 1458 1346 1485 non
1366 1443 1561 1485 daretur.

95 1497 178 1549 Ita,
201 1515 336 1556 quum
357 1499 534 1542 clamori
555 1508 663 1542 esset
691 1499 966 1543 intermixtus
996 1501 1196 1559 gemitus,
1227 1501 1562 1560 gladiorumque

93 1559 284 1614 crepitus
304 1558 481 1601 auribus
507 1558 694 1607 oblatus,
719 1558 1006 1616 inperitorum
1034 1568 1196 1601 mentes
1218 1561 1372 1602 timore
1393 1576 1561 1618 praepe-

92 1614 255 1659 diebat.
320 1616 423 1666 Hic,
456 1625 506 1659 ut
533 1616 595 1660 ait
624 1616 803 1666 Ennius,
847 1617 980 1660 “Pes
1020 1617 1128 1675 pede
1167 1617 1394 1675 premitur,
1437 1619 1563 1662 armis

95 1759 129 1786 at
166 1764 288 1796 magno
325 1760 434 1786 tamen
464 1754 497 1785 id
523 1764 601 1786 cum
640 1754 792 1795 periculo

94 1797 200 1829 fieret.
241 1799 405 1831 Clarkius.
427 1798 544 1829 Davis.
559 1808 578 1829 e
595 1798 691 1829 codd.
707 1798 796 1830 Nor-

95 1841 163 1873 vic.
179 1852 303 1883 mayno
315 1853 390 1874 cum
405 1843 566 1884 peric-ulo.

141 1887 346 1918 Decumam'.
383 1885 473 1927 legio
511 1885 656 1924 decima,
689 1896 791 1926 quam

93 1929 205 1961 Caesar
218 1930 360 1962 maximi
375 1930 532 1961 faciebat.
551 1940 582 1961 v.
596 1930 637 1961 G.
657 1932 686 1968 1,
703 1931 756 1960 40.

141 1974 185 2005 Se
198 1991 242 1997 —
256 1974 480 2014 defemlebant.
505 1972 559 2004 Sic
572 1974 671 2004 codd.
690 1973 792 2005 Norv.

94 2023 129 2049 et
145 2017 260 2049 Petav.
291 2017 361 2048 Alii
378 2017 647 2058 defendebamur.

139 2062 261 2093 Missa.
291 2060 402 2102 Vulgo
418 2060 507 2091 male
521 2063 650 2091 missus.

141 2104 340 2145 Dffderent
375 2107 528 2136 victoriae.
581 2105 631 2135 De
666 2115 795 2136 summa

95 2149 238 2180 Caesaris
254 2148 286 2179 in
303 2147 368 2179 hoc
385 2147 508 2189 proelio
525 2147 644 2189 inopia
667 2154 699 2179 et
719 2149 793 2180 des-

94 2192 267 2233 peratione
297 2191 496 2223 Plutarchus
519 2190 620 2230 (Caes.
645 2202 719 2232 cap.
737 2191 792 2229 56)

96 2237 169 2268 haec
186 2241 319 2268 narrat:
352 2235 408 2267 vix
430 2236 475 2267 ab
499 2246 540 2266 eo
565 2235 688 2266 milites
702 2245 795 2266 com·

96 2280 180 2321 pelli
210 2279 372 2321 potuisse,
409 2285 444 2311 ut
475 2286 723 2320 perseverarent
759 2279 792 2309 in

96 2323 234 2364 proelio,
251 2324 428 2364 ipsumque
444 2323 582 2361 dixisse,
597 2322 684 2354 alias
700 2333 735 2353 se
752 2323 793 2353 de

95 2367 251 2405 victoria,
261 2367 324 2398 hoc
336 2367 391 2398 die
398 2367 440 2398 de
447 2367 677 2398 vitacertasse.
693 2366 794 2397 Conf.

99 2410 224 2442 Vallei.
242 2412 371 2442 Patere.
387 2414 420 2449 2,
433 2415 484 2442 55.
510 2410 629 2442 Florus
647 2414 678 2449 4,
693 2413 725 2445 2,
741 2412 795 2441 82.

97 2454 234 2485 Sueton.
251 2455 322 2485 Jul.
340 2456 392 2485 36.
426 2455 555 2485 Eadem
580 2454 733 2495 leguntur
759 2454 792 2486 in

98 2498 243 2539 Appian.
259 2497 337 2528 Civ.
352 2501 384 2536 2,
405 2500 475 2529 104.
490 2509 524 2539 p.
538 2500 614 2530 493.
631 2498 687 2529 sed
702 2498 793 2538 gravi

95 2552 206 2573 errore
230 2541 398 2579 dicuntur,
427 2542 469 2573 ad
491 2541 681 2573 Cordubam
702 2541 795 2573 acci-

97 2586 198 2623 disse,
228 2595 288 2626 pro
316 2595 396 2626 quo,
425 2584 458 2616 in
486 2585 617 2626 reliqua
645 2585 793 2626 Appiani

96 2629 283 2669 diligentia,
307 2629 374 2672 πρὸς
391 2626 514 2659 Μοῦνδαν
528 2629 717 2660 necessario
734 2639 795 2669 po-

95 2673 244 2705 nendum
271 2678 340 2703 est:
375 2681 451 2703 nam
474 2682 540 2703 nou
566 2673 667 2703 modo
690 2672 794 2703 ceteri

98 2726 217 2748 omnes
254 2715 301 2746 sic
333 2716 492 2754 referunt,
526 2721 559 2746 et
593 2721 724 2747 constat
753 2726 795 2746 ex

98 2759 191 2791 omni
208 2760 359 2797 historia,
384 2759 442 2790 sed
463 2759 534 2800 ipse
551 2760 725 2800 Appianus
743 2759 793 2790 di-

97 2803 156 2842 cit,
183 2804 247 2835 hoc
280 2802 436 2845 proelium
461 2803 682 2834 commissum
705 2813 792 2842 esse,

99 2852 280 2889 postquam
306 2846 491 2888 Pompeius
516 2846 637 2878 Caesari
666 2851 793 2878 metum

97 2896 131 2922 et
168 2891 337 2933 ignaviam
370 2891 643 2933 exprobraverat.
692 2890 793 2933 Atqui

851 1754 924 1786 ¹hoc
951 1753 1076 1786 sactum
1101 1760 1152 1786 est
1177 1765 1236 1796 per
1262 1755 1339 1787 illas
1364 1755 1493 1795 literas,
1518 1758 1561 1790 de

858 1798 986 1839 quibus
1008 1799 1110 1839 paulo
1135 1804 1211 1830 ante
1231 1799 1278 1838 (c.
1301 1801 1368 1839 26),
1388 1806 1422 1831 et
1436 1800 1560 1842 quibus

860 1842 1002 1883 scriptor
1032 1848 1144 1874 noster
1164 1843 1209 1882 (c.
1236 1844 1295 1882 28)
1319 1843 1486 1876 inritatum
1514 1847 1560 1878 ad

860 1885 1018 1927 proelium
1035 1897 1108 1917 esse
1123 1887 1287 1918 Caesarem
1303 1887 1444 1919 monuit.
1468 1888 1559 1930 Ergo

860 1930 1037 1971 Appianus
1067 1931 1108 1962 de
1133 1931 1314 1962 Mundensi
1341 1942 1453 1972 pugna
1479 1933 1559 1973 egit.

859 1973 1027 2015 Copiosus
1042 1980 1091 2005 est
1107 1975 1148 2005 de
1165 1975 1229 2006 hoc
1243 1975 1365 2016 proelio
1383 1975 1449 2007 Dio
1464 1975 1558 2008 Cass.

861 2020 914 2056 43,
931 2019 984 2055 36,
1000 2020 1053 2055 37,
1066 2019 1120 2049 38.
1136 2019 1198 2049 Ἢ.

907 2062 1025 2102 Itaque
1048 2072 1089 2092 er
1107 2066 1246 2102 utroque
1269 2073 1400 2104 yenere.
1432 2063 1559 2096 Delen-

860 2105 940 2136 dum
965 2115 1017 2137 ex.
1061 2105 1184 2135 Sensus
1198 2111 1268 2136 est:
1293 2106 1327 2138 in
1343 2112 1482 2148 utroque
1497 2119 1557 2150 ge-

860 2158 938 2179 nere
977 2158 1112 2190 pugnae‚
1150 2149 1294 2189 pedestri
1329 2157 1362 2181 et
1398 2153 1557 2192 equestri,

860 2203 978 2233 parem
1001 2191 1184 2223 eminuisse
1207 2193 1385 2232 virtutem3
1408 2195 1465 2226 sed
1483 2195 1557 2228 Cae-

860 2236 1009 2267 sarianos
1034 2236 1113 2276 pilis
1133 2235 1269 2274 vicisse,
1286 2237 1319 2268 h.
1336 2248 1366 2268 e.
1382 2238 1513 2278 pedites
1530 2251 1556 2272 s.

860 2279 1012 2321 legiones
1028 2279 1169 2310 Caesaris
1186 2280 1320 2312 vicisse.
1359 2283 1411 2313 M.

906 2325 933 2355 A
955 2334 1012 2355 suo
1032 2325 1109 2355 loco.
1142 2324 1249 2355 Codd.
1266 2331 1299 2355 et
1313 2325 1390 2356 edd.
1413 2330 1479 2357 vet.
1496 2327 1552 2357 ha-

859 2367 942 2398 bent
957 2366 1240 2408 praepositionem,
1264 2378 1284 2400 a
1308 2368 1554 2402 recentioribus

862 2421 1037 2442 omissam.

907 2455 1107 2497 Occuparent
1124 2454 1157 2486 in
1173 2455 1269 2487 libris
1292 2456 1409 2488 bonis:
1443 2462 1555 2490 recte:

859 2503 1098 2540 occuparentur
1123 2498 1155 2531 in
1180 2499 1325 2542 vulgatis
1345 2501 1419 2532 edd.
1437 2501 1556 2542 pleris-

860 2553 936 2583 que.
965 2543 1016 2574 M.

906 2587 1062 2627 Crepitas.
1077 2586 1172 2617 Leid.
1189 2589 1216 2618 1.
1227 2591 1387 2629 strepitus.
1411 2589 1473 2619 Sed
1484 2599 1556 2620 cre-

853 2631 942 2671 pitus
956 2630 1041 2661 bene
1057 2631 1097 2661 de
1113 2630 1226 2662 armis.
1259 2631 1301 2662 V.
1317 2631 1405 2662 Oud.
1421 2633 1464 2663 ad
1480 2632 1554 2664 Ob-

859 2683 930 2714 seq.
947 2674 987 2705 de
1004 2674 1134 2715 prodig.
1151 2684 1180 2704 c.
1199 2676 1272 2706 104.

908 2718 1048 2749 Timore.
1077 2717 1146 2749 Alii
1162 2719 1271 2749 timor.
1284 2728 1350 2750 non
1366 2719 1466 2751 male.

905 2762 968 2792 Pes
988 2761 1067 2802 pede
1086 2777 1141 2790 —.
1185 2761 1338 2792 Brantius
1366 2763 1554 2796 Homerum

859 2804 971 2842 (Iliad.
993 2807 1042 2842 13,
1060 2805 1136 2843 131)
1151 2809 1185 2834 et
1204 2804 1386 2846 Virgilium
1398 2806 1490 2845 (AEn.
1503 2810 1556 2848 lo,

861 2849 938 2888 361)
950 2848 1019 2889 jam
1037 2848 1262 2889 comparavit.
1281 2848 1347 2880 Cui
1363 2859 1429 2881 non
1444 2851 1556 2884 dictus

859 2892 964 2934 Hylas
978 2893 988 2923 Ξ
1025 2893 1074 2925 M.
1105 2892 1230 2926 Paulus
1242 2891 1372 2925 Merula
1389 2893 1423 2926 in
1436 2894 1556 2938 frag-m.

1311 2953 1384 2985 20
