1946 3261
270 239 323 283 56
675 232 757 279 DE
790 234 991 279 BELLO
1026 233 1317 277 GALLICO.

271 380 413 408 omnes
432 362 621 405 nationes
640 371 832 405 sanctum
853 361 1190 419 inviolatumque
1209 375 1380 419 semper
1399 358 1561 410 fuisset,
1591 366 1731 402 reten-

274 433 339 465 tos
359 423 415 464 ab
434 438 477 464 se
507 421 615 464 etin
635 421 805 464 vincula
833 422 1078 479 conjectos,)
1110 435 1190 479 pro
1222 419 1514 478 magnitudine
1548 416 1731 477 periculi

274 481 437 523 bellum
457 495 611 537 parare
624 488 668 522 et
688 480 868 522 maxime
886 495 949 529 ea,
968 494 1063 535 quae
1091 481 1144 521 ad
1169 492 1291 520 usum
1308 477 1481 519 navium
1497 476 1732 535 pertinent,

275 537 503 596 providere
529 538 785 584 instituunt:
817 538 895 579 hoc
927 538 1086 595 majore
1114 548 1205 594 spe,
1235 536 1352 594 quod
1373 535 1559 578 multum
1579 542 1734 576 natura

274 596 357 638 loci
390 596 672 639 confidebant.
753 596 975 638 Pedestria
1010 612 1096 638 esse
1112 595 1282 637 -itinera
1317 594 1482 636 concisa
1513 591 1733 641 aestuariis‚

275 654 590 713 navigationem
603 655 840 713 inpeditam
858 663 1041 712 propter
1057 653 1318 696 inscientiam
1335 654 1527 695 locorum
1545 650 1735 710 paucita-

275 719 449 770 temque
471 721 679 770 portuum
707 713 920 755 sciebant:
954 728 1092 769 neque
1122 720 1286 754 nostros
1319 711 1531 754 exercitus
1584 717 1736 767 ropter

274 771 481 814 frumenti
498 771 685 830 inopiam
703 771 866 813 diutius
883 771 1000 829 apud
1020 787 1062 812 se
1090 770 1247 812 morari
1276 785 1412 827 posse,
1434 767 1542 811 confi
1576 768 1733 810 ebant:

275 845 324 871 ac
343 830 444 887 jam,
468 838 518 871 ut
538 830 678 872 omnia
693 838 842 871 contra
862 829 1105 886 opinionem
1123 828 1380 875 acciderent,
1410 836 1551 868 tamen
1575 841 1617 867 se
1641 824 1735 883 plu-

277 888 434 930 rimum
455 888 635 930 navibus
654 903 773 946 posse
791 900 799 926 :
836 885 1047 926 Romanos
1076 900 1216 941 neque
1244 885 1378 926 ullam
1397 884 1645 926 facultatem
1665 883 1736 925 ha-

278 945 382 988 bere
419 946 605 993 navium,
644 959 782 1000 neque
820 958 969 985 eorum
1002 943 1209 996 locorum,
1262 942 1338 984 ubi
1369 942 1534 984 bellum
1571 941 1736 1000 gesturi

275 1011 428 1052 essent,
451 1001 576 1051 vada,
599 1010 767 1059 portus,
797 1001 1037 1058 insulasque
1065 1001 1251 1042 novisse:
1285 1016 1333 1042 ac
1352 1000 1479 1059 longe
1506 999 1632 1042 aliam
1653 1015 1739 1042 esse

276 1060 591 1119 navigationem
608 1060 650 1101 in
671 1059 869 1101 concluso
887 1059 992 1101 mari
1011 1067 1143 1116 atque
1160 1059 1202 1100 in
1216 1058 1448 1101 vastissimo
1464 1067 1596 1116 atque
1614 1073 1738 1116 aper-

278 1117 438 1162 tissimo
471 1119 657 1167 Oceano,
685 1117 1019 1176 perspiciebant.
1096 1117 1177 1159 His
1210 1117 1325 1159 initis
1353 1117 1549 1167 consiliis,
1579 1115 1740 1175 oppida

279 1178 495 1226 muniunt,
515 1176 730 1220 frumenta
750 1192 802 1218 ex
830 1177 944 1234 agris
973 1175 1016 1218 in
1037 1175 1200 1234 oppida
1229 1183 1517 1233 comportant,
1550 1190 1676 1217 naves
1697 1174 1739 1217 in

281 1235 523 1285 Venetiam,
544 1235 620 1277 ubi
640 1235 850 1278 Caesarem
872 1235 1059 1292 primum
1079 1234 1242 1276 bellum
1260 1242 1484 1291 gesturum
1501 1233 1740 1283 constabat,

279 1308 408 1350 quam
441 1293 648 1351 plurimas
681 1300 873 1351 possunt,
905 1301 1080 1350 cogunt.
1145 1292 1291 1334 Socios
1321 1291 1402 1334 sibi
1431 1291 1485 1334 ad
1513 1292 1555 1334 id
1576 1291 1741 1334 bellum

283 1350 500 1401 Osismios,
524 1351 746 1400 Lexovios,
767 1352 1000 1400 Nannetes,
1022 1350 1293 1398 Ambiliatos,
1314 1350 1522 1400 Morinos,
1547 1349 1743 1393 Diablin-

279 1418 357 1458 tes,
393 1409 618 1468 Menapios
646 1409 909 1451 adsciscunt:
942 1409 1101 1451 auxilia
1134 1425 1186 1451 ex
1209 1408 1447 1458 Britannia,
1478 1425 1574 1468 quae
1594 1419 1744 1452 contra

279 1482 348 1510 eas
369 1468 563 1526 regiones
584 1467 723 1526 posita
743 1476 820 1517 est,
841 1476 1071 1510 arcessunt.
1746 1507 1750 1509 μ

346 1526 410 1568 10.
443 1526 580 1569 Erant
601 1525 664 1569 hae
681 1526 957 1569 difficultates
976 1526 1079 1569 belli
1100 1526 1291 1584 gerendi,
1321 1542 1426 1583 quas
1451 1542 1583 1585 supra
1607 1534 1743 1569 osten-

281 1583 445 1632 dimus;
476 1585 549 1627 sed
578 1584 715 1626 multa
748 1585 957 1627 Caesarem
990 1594 1131 1626 tamen
1157 1585 1210 1627 ad
1232 1585 1274 1627 id
1294 1584 1457 1626 bellum
1479 1584 1740 1628 incitabant:

281 1651 311 1670 ‘⁶
335 1644 500 1701 injuriae
511 1650 778 1685 retentorum
791 1643 985 1700 equitum
1002 1643 1313 1689 Romanorum:
1329 1643 1508 1685 rebellio
1523 1644 1635 1686 facta
1649 1652 1745 1702 post

283 1710 311 1729 “
345 1701 629 1748 deditionem:
651 1701 836 1744 defectio
848 1702 959 1743 datis
970 1701 1211 1746 obsidibus:
1235 1710 1300 1743 tot
1313 1701 1538 1743 civitatum
1552 1702 1744 1759 conjura-

286 1768 314 1787 “
338 1760 399 1801 tio
416 1761 452 1807 ;''
482 1759 524 1801 in
545 1759 708 1818 primis,
742 1767 769 1786 ‘⁶
792 1775 859 1809 ne,
880 1760 955 1802 hac
978 1768 1102 1818 parte
1123 1760 1332 1818 neglecta,
1364 1759 1540 1817 reliquae
1557 1761 1747 1802 nationes

288 1827 318 1845 “
343 1818 453 1860 idem
471 1818 552 1860 sibi
570 1817 698 1861 licere
715 1818 1076 1861 arbitrarentur.’'
1127 1817 1280 1875 Itaque
1304 1833 1438 1875 quum
1456 1818 1745 1877 intellegeret,

287 1892 430 1920 omnes
449 1878 537 1919 fere
561 1877 708 1919 Gallos
727 1877 846 1919 novis
867 1877 995 1920 rebus
1017 1876 1188 1918 studere
1208 1885 1251 1918 et
1269 1876 1323 1918 ad
1344 1876 1507 1918 bellum
1528 1877 1747 1920 mobiliter

288 1935 574 1992 celeriterque
605 1936 798 1985 excitari,
831 1951 972 1977 omnes
992 1943 1136 1976 autem
1166 1934 1353 1976 homines
1371 1943 1525 1977 natura
1555 1935 1748 1979 libertati

288 1995 460 2037 studere
492 2003 536 2037 et
565 1994 849 2036 conditionem
882 1993 1101 2036 servitutis
1129 1993 1278 2042 odisse,
1313 1993 1432 2051 prius
1453 1994 1750 2052 quamplures

287 2053 482 2095 civitates
500 2053 809 2111 conspirarent,
823 2052 1096 2112 partiendum
1107 2051 1187 2095 sibi
1205 2067 1252 2094 ac
1267 2052 1393 2095 latius
1405 2051 1750 2096 distribuendum

288 2110 525 2154 exercitum
547 2111 733 2169 putavit.

342 2267 393 2300 Ad
407 2278 514 2300 omnes
526 2270 680 2300 nationes.
695 2267 747 2299 Sic
765 2269 905 2300 codd.et
917 2269 991 2300 edd.
1057 2269 1089 2300 in
1119 2268 1172 2300 his
1191 2276 1320 2301 certum
1342 2276 1404 2302 est.
1435 2271 1483 2302 M.
1530 2269 1584 2302 Sic
1602 2271 1700 2302 sentit
1720 2276 1753 2303 et

293 2317 362 2343 vet.
386 2312 434 2342 lta
450 2316 483 2342 et
499 2314 529 2344 4.
547 2313 596 2342 16.
622 2311 730 2352 Vulgo
744 2313 847 2353 apud.
1060 2313 1249 2344 D'Anville.

343 2355 524 2387 AEstumiis
538 2355 581 2386 cf.
596 2359 628 2392 2,
640 2357 694 2386 28.
705 2359 839 2393 concisa,
851 2356 904 2387 hic
920 2355 991 2388 illic
1106 2358 1301 2389 Diablintes.
1348 2357 1503 2389 Valesius
1538 2358 1753 2390 scribendum

296 2398 493 2439 interrupta.
540 2400 588 2430 M.
1059 2400 1188 2437 docuit,
1201 2410 1265 2431 non
1285 2402 1495 2440 mammo-ex,
1517 2403 1653 2444 utapud
1671 2401 1755 2434 ΟιὉὁ

345 2443 565 2474 Inscientae'mn.
597 2441 720 2483 Vulgo,
735 2444 906 2474 inscitiam.
931 2442 994 2474 Sed
1061 2443 1147 2474 sium
1163 2443 1185 2473 l.
1202 2444 1222 2474 l.
1239 2444 1370 2482 legitur.
1390 2447 1507 2477 Cellar.
1532 2467 1535 2470 Δ

303 2485 437 2517 inscitia
454 2485 568 2526 potius
583 2485 705 2517 dicitur
719 2491 802 2522 tum,
829 2497 906 2517 cum
920 2487 996 2528 quis
1107 2488 1252 2518 Auxilia.
1278 2488 1351 2519 Non
1372 2495 1451 2529 puto
1464 2488 1596 2521 differre
1613 2500 1631 2521 a
1643 2490 1758 2529 sociis,

303 2529 447 2570 ignorat,
457 2539 530 2570 quae
544 2534 619 2560 sunt
633 2529 830 2564 venustatis.
847 2530 997 2560 immani-
1060 2540 1144 2571 quos
1160 2531 1259 2562 modo
1276 2531 1419 2572 dixerat.
1433 2534 1488 2564 sed
1497 2533 1683 2566 orationem
1698 2543 1759 2566 va-

300 2573 389 2607 tatis.
415 2573 568 2611 solertiae,
596 2572 736 2614 ingenii,
757 2579 794 2604 ut
820 2575 951 2604 inscitus
965 2580 997 2604 et
1059 2574 1150 2609 riari.
1197 2575 1245 2605 M.

303 2619 413 2648 inscite
427 2622 640 2657 usurpantur.
685 2618 735 2647 M.
1109 2618 1218 2648 Multa
1245 2620 1404 2651 Caesarem
1426 2626 1492 2651 etc.
1537 2620 1660 2652 Strabo
1678 2631 1758 2652 con-

355 2661 538 2691 sanissimo
556 2666 666 2701 atque.
712 2661 794 2690 Haec
812 2659 878 2690 duo
895 2659 999 2691 verba
1063 2667 1110 2691 tra
1125 2661 1162 2692 L.
1174 2663 1205 2691 4.
1220 2672 1252 2702 p.
1270 2665 1340 2693 194.
1354 2672 1373 2693 a
1387 2663 1525 2695 Venetis
1537 2664 1663 2695 bellum
1677 2665 1762 2697 inia-

306 2704 422 2734 desunt
447 2702 479 2734 in
509 2704 609 2734 codd.
631 2703 833 2744 quibusdam
862 2709 895 2733 et
920 2703 1001 2734 edit.
1066 2710 1137 2735 tum
1158 2704 1270 2740 refert,
1295 2712 1329 2736 ut
1354 2706 1607 2748 navigationem
1629 2707 1762 2740 Britan·

306 2746 434 2787 primis.
1066 2747 1176 2779 nicam
1191 2748 1390 2790 inpedirent.
1442 2752 1529 2782 Voss.

356 2791 554 2821 Ambiliatos.
622 2789 676 2821 Sic
707 2791 805 2821 codd.
843 2790 1004 2831 plerique,
1114 2792 1355 2833 I›37'urioe,quae
1369 2794 1466 2826 sactae
1479 2798 1571 2825 erant
1592 2794 1762 2836 equitibus

308 2842 394 2872 quos
422 2832 637 2874 Oudendorp.
663 2840 798 2864 secutus
817 2840 878 2864 est.
923 2834 1002 2867 Alii„
1068 2845 1123 2872 eo,
1146 2836 1249 2876 quod,
1273 2847 1349 2867 cum
1373 2843 1482 2869 essent
1509 2837 1625 2879 legati,
1650 2843 1760 2870 tamen

311 2875 364 2906 vel
393 2877 558 2914 Ambiani,
584 2877 640 2907 vel
664 2878 863 2913 Ambialites,
891 2878 998 2908 Ambi-
1067 2878 1187 2909 retenti
1202 2886 1306 2911 erant.
1351 2882 1394 2912 M

309 2919 434 2969 aziaqu.
480 2920 577 2960 Apud
593 2919 690 2951 oros.
707 2923 738 2958 s,
755 2923 786 2969 s.
802 2926 877 2951 sunt
895 2921 1005 2969 Αςηῡξ-
1116 2922 1273 2955 Liber-tan·
1310 2904 1449 2962 εηκὶέη,
1491 2925 1598 2958 codd.
1625 2924 1764 2969 quidam

307 2966 418 2995 vantz.
434 2961 566 3006 Etjsunt
577 2964 689 3006 plures
700 2969 895 2998 varietates·
909 2963 1006 2997 Mul
1069 2965 1226 2999 libertati-s
1240 2967 1350 3000 studio
1365 2969 1505 3002 incitari.
