1946 3261
224 216 310 260 640

266 343 363 385 plum
391 342 587 379 convivium,
628 342 661 380 6,
689 343 743 373 28.
779 344 926 385 amplior

269 388 359 424 ordo,
389 395 455 416 una
483 395 502 415 e
531 385 650 426 primis
676 385 820 426 legionis
847 397 925 419 cen-

267 429 375 468 turiis,
390 428 430 460 C.
452 431 480 466 l,
497 430 550 460 77.
564 431 689 471 amplae
701 433 816 472 copioe,
830 441 925 463 exer-

267 473 353 504 citus
363 482 514 514 magnuS,
523 476 556 511 5,
572 475 620 504 19.
636 475 755 516 ampla
766 485 924 515 munera,

272 519 300 555 l,
315 518 358 548 43

224 562 353 602 Anceps
362 561 532 602 proelium,
555 571 634 592 cum
650 565 684 592 et
697 571 718 592 a
732 561 839 593 fronte
855 568 889 593 et
902 573 923 594 a

268 610 360 646 tergo
377 604 483 636 hostis
497 603 609 644 instat,
624 605 656 643 7,
670 605 724 636 76.
765 605 857 637 Alibi
874 612 925 637 est

266 657 380 688 grave,
401 648 640 690 periculosum,
662 649 704 680 de
720 649 813 690 cujus
828 649 921 681 exitu

265 690 325 722 diu
340 691 513 724 dubitatur

223 736 382 767 Anchora
394 739 432 768 in
441 737 594 769 anchora
605 741 804 777 eoespeceare,
821 739 854 775 4,
869 739 923 768 23.

266 781 304 810 in
318 781 473 812 anchoris
493 783 705 818 commorari,
729 779 782 810 As.
799 781 850 812 63.
877 781 924 812 aa

267 824 452 855 anchoram
487 826 671 861 constsrzere,
708 822 748 855 C.
780 825 811 862 3,
852 825 922 856 103.

264 869 356 908 reqio
379 868 476 899 habet
490 869 575 898 locos
588 870 736 909 eqreqios
749 868 795 899 ad
809 872 923 899 tenen-

266 911 329 941 das
345 912 523 949 anchoras,
537 912 578 943 A.
593 913 612 942 9

225 954 371 995 Anguste
383 955 558 996 pabulari,
567 954 690 996 exiguo
705 954 865 994 circuitu,
880 955 920 986 C.

273 1000 300 1036 l,
313 999 364 1029 59.
381 1003 522 1042 anquste
535 1001 585 1031 uti
589 998 769 1039 fracmento,
781 998 920 1039 penuria

267 1041 430 1080 laborare,
457 1042 497 1074 C.
512 1045 543 1081 3,
577 1044 628 1073 16.
658 1052 758 1075 naves
781 1048 921 1083 anquste

265 1091 489 1128 transportant
524 1087 652 1124 multos,
687 1085 744 1116 vix
780 1085 919 1127 capiunt

268 1128 360 1161 illam
374 1129 639 1169 multitudinem,
650 1129 739 1171 justo
757 1129 868 1170 plures
883 1129 917 1162 in

267 1183 332 1204 una
354 1183 438 1204 nave
460 1173 617 1204 densandi
641 1179 727 1213 sunt,
754 1173 792 1204 C.
822 1177 853 1213 3,
877 1177 917 1205 2:

266 1217 353 1248 unde
379 1219 556 1257 anqustius
593 1218 712 1249 milites
747 1218 916 1255 collocare,

264 1260 375 1301 plures
404 1260 437 1291 in
463 1261 581 1291 eadem
609 1261 701 1299 navi,
724 1271 827 1302 quam
856 1272 916 1302 pro

263 1303 453 1345 capacitate
467 1303 576 1343 navis,
601 1308 632 1343 5,
662 1308 715 1336 23.
739 1308 917 1345 anqustias

259 1353 457 1389 provenerat
470 1348 693 1389 framentum,
718 1348 862 1390 parcius,
887 1353 917 1387 5,

222 1437 363 1477 Anyusti
372 1440 507 1475 montes,
516 1435 584 1468 vid.
597 1436 638 1466 ad
656 1438 687 1474 4,
700 1438 754 1466 23.
769 1441 916 1478 anqusta

262 1485 384 1519 castra,
413 1479 534 1521 exiguo
560 1479 704 1518 ambitu,
731 1483 762 1517 4,
776 1482 828 1511 30.
853 1491 915 1512 an-

260 1529 358 1565 ‚qasta
391 1526 538 1566 aquah'o,
565 1533 645 1554 cum
673 1533 738 1554 non
768 1523 913 1556 multum

258 1578 388 1609 aquaere
399 1567 530 1609 perium
542 1572 711 1608 aquantes,
720 1567 774 1598 As.
786 1570 822 1598 51

218 1614 378 1643 Animam
411 1611 580 1643 advertere
615 1611 744 1651 aliquid
778 1610 913 1643 videtur

259 1655 369 1688 Caesar
414 1655 583 1693 maluisse,
616 1664 718 1695 quam
761 1654 913 1686 animad-

259 1705 396 1737 venere,
415 1701 444 1737 l,
459 1702 512 1730 24.
529 1702 560 1733 4,
579 1700 632 1729 12.
654 1698 760 1729 Graev.
777 1700 819 1730 ad
835 1699 908 1730 Cic.

258 1743 350 1774 offic.
374 1747 408 1782 2,-
434 1745 483 1774 19.
530 1742 636 1783 Negat
655 1741 839 1777 Bentleius.
863 1743 908 1774 ita

258 1786 325 1818 dici
340 1797 450 1828 posse,
464 1787 506 1817 ad
518 1786 589 1817 Cic.
601 1787 706 1817 Tusc.
723 1789 754 1823 5,
767 1789 818 1817 23.
843 1787 906 1817 Sed

257 1830 339 1862 satis
358 1830 575 1862 defenderunt
590 1828 784 1870 interpretes
800 1830 910 1861 Caesa-

254 1874 311 1913 ris,
337 1882 371 1906 ct
395 1879 443 1905 tot
470 1875 567 1905 locos
594 1878 769 1913 corruptos
795 1872 911 1904 existi-

253 1928 344 1950 mare
360 1917 459 1957 velle,
471 1917 611 1948 nimium
627 1916 736 1948 fuerit.
775 1915 904 1953 Quidni

253 1973 293 1995 ea
321 1962 452 2004 ellipsis
481 1961 604 1992 usitata
635 1959 736 1991 ruisse
766 1959 907 1995 dicatur,

252 2009 404 2038 animum
439 2005 610 2037 advertere
643 2004 715 2042 (ad)
750 2004 907 2044 aliquid?

252 2055 311 2081 aut
340 2060 400 2081 cur
427 2059 494 2080 non
525 2051 679 2080 animum
709 2052 831 2078 vertere
860 2048 906 2079 acl

251 2094 379 2134 aliquid
407 2097 567 2124 mutatum
597 2091 748 2123 videatur
772 2090 806 2122 in
832 2095 906 2123 ani-

250 2147 346 2168 mum
360 2137 529 2168 advertere
547 2135 675 2177 ale'qm'cl
684 2137 699 2165 .²

211 2182 361 2219 Animus,
376 2182 485 2212 animi
502 2178 721 2217 (delectandi)
744 2188 847 2211 causa
873 2183 905 2217 5,

255 2227 304 2255 12.
320 2223 366 2255 cf.
376 2225 566 2264 relinquere

210 2270 377 2301 Annotina
425 2269 533 2307 naz-is,
590 2265 762 2308 superiore
812 2276 899 2297 anno

251 2318 387 2351 structa,
404 2315 436 2350 5,
451 2312 470 2341 8

210 2357 426 2390 Antecessores
441 2355 474 2387 in
489 2365 524 2386 re.
539 2353 692 2392 militari,
719 2365 793 2395 pars
808 2364 900 2385 exer-

249 2399 338 2432 citus
351 2399 534 2441 praemissa,
554 2399 596 2430 ad
613 2399 760 2429 curanda
777 2405 808 2427 ct
824 2409 901 2438 pro-

248 2443 435 2484 spicienda,
460 2454 536 2484 quac
562 2448 715 2474 secuturo
738 2441 899 2472 exercitui

247 2488 435 2521 necessaria
461 2493 550 2524 sunt,
581 2487 634 2517 As.
656 2488 704 2517 12.
751 2484 899 2516 Turneb.

248 2532 385 2563 Advers.
401 2534 454 2570 24,
472 2533 510 2562 16

205 2576 437 2608 Ammon-sores
450 2576 619 2612 eaeercitus,
631 2573 669 2605 C.
686 2575 714 2612 1,
728 2574 776 2605 16.
794 2575 826 2612 3,
842 2575 893 2603 36.

246 2626 319 2651 sunt
333 2619 448 2658 iidem,
461 2618 520 2660 qui
535 2624 746 2650 antecessores

204 2663 378 2704 Antemna,
413 2664 540 2705 lignum
569 2668 804 2700 transversum,
838 2671 896 2702 per

244 2708 371 2739 malum
391 2706 487 2739 navis
501 2705 724 2747 transjectum,
749 2712 784 2737 ut
799 2705 895 2736 funes

243 2755 276 2781 et
287 2752 362 2783 vela
376 2762 418 2782 ex
429 2762 469 2782 eo
483 2755 668 2789 nectantur,
679 2753 710 2790 3,
728 2752 775 2781 14.
799 2750 839 2780 A.
851 2751 894 2780 45

203 2794 483 2836 Antesiynani,C.
499 2798 531 2834 3,
553 2795 607 2824 75.
628 2796 681 2824 84.
703 2793 763 2835 qui
790 2793 822 2825 iu
838 2803 896 2824 co·

246 2838 338 2870 horte
352 2845 427 2870 ante
438 2838 534 2880 signa
548 2837 663 2869 locati.
682 2835 894 2878 distinguun-

241 2887 294 2915 tur
318 2892 338 2914 a
359 2883 585 2926 musignano,
606 2881 664 2925 qui
689 2880 722 2914 in
747 2881 894 2914 secunda

876 213 1072 259 INDEX

1032 342 1108 374 acie
1123 340 1262 374 stabant.
1295 339 1337 374 V.
1352 341 1532 374 Frontinus
1545 347 1638 376 strat.
1648 346 1687 382 2,

1034 389 1064 424 3,
1084 388 1134 418 17.
1155 386 1200 419 cf.
1224 385 1410 418 Guischard
1434 387 1538 419 Mem.
1552 387 1626 419 crit.
1649 397 1684 427 p.

987 476 1148 515 Apertum
1161 484 1290 516 corpus,
1304 475 1434 506 nudum
1449 478 1482 512 4,
1501 476 1529 506 1.
1551 484 1573 505 a

1030 518 1305 555 hu·naerm‚scuto
1319 528 1386 549 non
1398 524 1516 554 tectus.
1530 516 1571 549 C.
1585 521 1618 556 2,
1631 519 1686 548 35.

1030 566 1149 602 aperta
1157 563 1264 600 navis,
1277 563 1319 593 A.
1334 564 1382 593 11.
1400 564 1451 593 13.
1465 570 1595 603 oppon.
1609 570 1689 592 con-
1723 578 1726 580 ·

1028 609 1141 637 stratoe
1151 609 1209 636 aut
1221 609 1320 637 tectae.
1334 611 1488 647 apertum
1501 610 1688 638 castrorum

1029 649 1130 686 latu-3,
1155 647 1213 680 ubi
1228 649 1313 680 nulli
1329 655 1405 681 sunt
1427 650 1631 688 defensores,
1650 651 1685 687 2,

1029 694 1084 722 23.
1109 697 1243 734 apertus
1263 693 1364 732 locus,
1383 702 1450 724 non
1470 693 1628 732 silvosus,
1656 695 1685 730 1,

1029 737 1085 766 41.
1114 739 1146 773 2,
1169 737 1220 766 18.
1246 737 1278 774 7,
1298 738 1348 767 18.
1378 742 1511 778 apertus
1533 745 1687 778 campus,

1030 778 1199 819 planities,
1216 781 1247 816 3,
1263 781 1318 810 26.
1330 786 1481 819 apertum
1495 786 1526 811 et
1539 781 1686 821 planum

1028 824 1118 860 litus,
1146 825 1178 861 4,
1194 824 1248 853 23.
1279 826 1310 859 5,
1340 825 1373 854 9.
1402 828 1557 864 apertum
1584 824 1687 861 latta,

1028 866 1122 898 nullo
1133 871 1249 897 monte
1259 872 1318 898 aut
1329 866 1537 898 munimento
1545 871 1687 905 tectum,

1029 913 1061 949 4,
1076 913 1132 941 25.
1158 914 1314 951 apertum
1326 921 1433 949 mare,
1459 913 1492 950 3,
1517 912 1550 948 8,
1573 912 1608 949 9,
1633 913 1684 942 12.

1029 958 1163 995 apertus
1176 954 1360 992 caniculas,
1377 956 1408 992 7,
1423 958 1464 985 22

986 998 1096 1038 Aqua,
1111 1007 1263 1029 mensura
1279 1007 1319 1028 ex
1335 1007 1433 1038 aqua,
1448 1002 1480 1038 5,
1501 999 1538 1028 13

986 1043 1140 1082 Aquatio,
1151 1045 1182 1078 4,
1198 1043 1246 1072 11.
1256 1047 1410 1082 aquator,
1423 1043 1466 1074 H.
1481 1044 1536 1073 21.
1551 1044 1685 1084 aquare}

1027 1084 1067 1116 C.
1091 1087 1116 1123 1,
1132 1086 1186 1123 68,
1200 1087 1253 1123 73,
1270 1087 1322 1115 78.
1339 1085 1384 1116 H.
1401 1087 1441 1117 37

984 1129 1153 1167 Aratores,
1169 1128 1221 1160 Af.
1239 1131 1293 1160 20.
1310 1129 1352 1159 36

982 1173 1126 1211 Arcano,
1150 1172 1287 1204 adverb.
1301 1171 1343 1204 C.
1362 1175 1390 1209 1,
1410 1174 1460 1204 19.
1505 1172 1562 1205 Sic
1578 1172 1628 1205 ibi
1645 1173 1679 1206 in

1024 1217 1124 1247 codd.
1136 1216 1297 1248 scribitur

983 1259 1158 1298 Arcessire,
1184 1262 1212 1297 1,
1230 1261 1282 1290 31.
1307 1263 1338 1296 5,
1359 1261 1409 1290 11.
1433 1259 1492 1291 ubi
1513 1263 1678 1300 arcessa-l,

1024 1309 1060 1334 ut
1074 1304 1167 1344 apud
1180 1303 1313 1334 Colum.
1327 1304 1360 1340 9,
1375 1305 1406 1334 8.
1419 1303 1570 1336 lacessiri

982 1347 1083 1378 Ardet
1098 1350 1233 1379 animus
1250 1346 1296 1377 ad
1313 1347 1549 1386 ulciscendum,
1567 1350 1599 1386 6,
1617 1350 1656 1380 34

978 1391 1133 1428 Aridum,
1147 1396 1231 1422 terra
1245 1389 1434 1429 continens,
1450 1394 1482 1429 4,
1498 1394 1539 1422 29

979 1436 1085 1473 Aries,
1099 1434 1203 1474 trabs,
1218 1434 1304 1465 ferro
1320 1434 1467 1475 praefixa,
1477 1444 1547 1476 qua
1562 1445 1678 1468 muros

1019 1484 1189 1518 quassant,
1206 1482 1237 1516 2,
1252 1480 1293 1508 32

978 1522 1109 1562 Arqilla
1117 1523 1244 1563 fusilis,
1261 1525 1291 1559 5,
1308 1523 1349 1553 43

978 1568 1082 1597 :lt-ma
1095 1568 1200 1604 naris,
1228 1568 1258 1603 3,
1281 1568 1330 1598 14.
1356 1565 1428 1597 sive
1450 1571 1673 1607 armamenta,

1018 1612 1048 1646 4,
1065 1612 1118 1640 29.
1141 1609 1309 1651 quidquid
1336 1610 1376 1640 ad
1402 1619 1481 1641 eam
1508 1609 1674 1643 instruen-

1017 1654 1093 1684 dam
1126 1654 1278 1694 pertinet.
1339 1653 1503 1685 Similiter
1535 1665 1674 1687 armam

1015 1707 1124 1732 naves.
1157 1698 1197 1728 ad
1203 1707 1327 1738 parare,
1362 1697 1525 1729 instruere
1557 1709 1672 1730 necee-

1014 1740 1113 1771 sar-iis
1128 1740 1237 1779 rebus,
1254 1742 1349 1773 3.13.
1367 1743 1442 1778 5,1.
1457 1741 1498 1772 C.
1517 1743 1545 1779 l,
1561 1744 1614 1774 36.
1637 1748 1671 1773 et

1013 1794 1150 1815 armare
1164 1786 1388 1825 elephantum,
1401 1783 1457 1815 Af.
1473 1785 1511 1815 41

972 1828 1055 1858 Arta
1064 1828 1161 1865 silva,
1175 1826 1352 1859 arboribus
1362 1826 1570 1866 densissima,
1587 1829 1667 1866 7,18

969 1871 1166 1909 Artefirium,
1179 1870 1364 1912 opponitur
1373 1870 1500 1909 virtuti,
1515 1870 1554 1902 C.
1576 1873 1602 1910 l,
1615 1873 1669 1904 58.

972 1957 1191 1993 Arsarudiore
1203 1961 1366 1988 structura
1375 1957 1422 1989 sic
1435 1957 1584 1990 instituta
1595 1958 1671 1995 suit,

1013 2008 1047 2032 ut
1071 2001 1196 2042 aliquis
1224 2011 1320 2032 mons
1346 2012 1442 2034 muro
1469 2002 1669 2044 cingeretur.

1014 2046 1063 2076 Ea
1078 2055 1155 2087 ergo
1173 2043 1238 2075 fuit
1249 2055 1320 2083 arx,
1339 2046 1367 2083 1,
1379 2047 1420 2077 38

970 2090 1110 2127 Ass-eres,
1136 2088 1229 2130 tigna
1243 2088 1412 2128 tenuiora,
1434 2099 1539 2130 quam
1554 2089 1667 2122 trabes

1010 2143 1080 2164 esse
1106 2133 1223 2169 solent,
1251 2138 1287 2162 ut
1317 2132 1346 2163 si
1375 2133 1485 2164 trabes
1510 2133 1665 2166 dissectae

1008 2183 1116 2207 essent
1134 2176 1167 2207 in
1180 2176 1272 2217 tigna
1286 2176 1451 2208 tenuiora.
1475 2175 1665 2219 Utcumque

1009 2221 1091 2252 verti
1128 2219 1249 2262 poterit
1278 2221 1383 2252 starloe
1416 2222 1577 2262 Stanqen,
1608 2222 1665 2254 «les

1006 2266 1138 2304 perches
1153 2262 1305 2306 dpao'sses.
1329 2263 1369 2295 C.
1386 2267 1417 2301 2,
1432 2267 1464 2295 2.
1486 2265 1526 2296 A.
1547 2267 1596 2297 13.
1619 2265 1664 2297 cs.

1008 2308 1082 2339 Liv.
1100 2310 1152 2343 38,
1168 2311 1199 2338 5.
1216 2317 1336 2339 asseres
1346 2307 1476 2348 falcati.
1491 2307 1535 2339 cf.
1551 2307 1663 2342 Tacit.

1008 2351 1051 2382 11.
1070 2355 1101 2390 4,
1118 2353 1172 2382 30.
1189 2349 1247 2382 ubi
1263 2361 1388 2382 asseres
1401 2357 1434 2382 et
1447 2353 1558 2384 trabes

967 2398 1004 2427 ,41
1008 2418 1018 2433 ‚
1034 2396 1171 2427 refertur
1185 2395 1226 2426 ad
1239 2396 1277 2431 si,
1291 2401 1323 2425 et
1335 2400 1385 2426 est
1397 2400 1524 2435 tamen,
1533 2396 1664 2435 saltem,

1014 2441 1040 2477 1,
1057 2442 1098 2471 -13

964 2486 1080 2525 Atque,
1101 2489 1147 2515 est
1161 2483 1220 2515 lwc
1235 2483 1303 2514 loco
1320 2483 1498 2523 aedificiwn
1512 2492 1578 2515 non
1595 2483 1664 2515 dis-

1003 2528 1111 2559 simile
1127 2532 1225 2568 atqae
1241 2528 1356 2565 altero,
1370 2536 1435 2558 non
1449 2525 1547 2558 aliter
1560 2533 1659 2568 atque

1004 2571 1108 2603 altero
1124 2571 1202 2602 loco
1217 2575 1394 2608 structum,
1408 2580 1476 2601 non
1492 2569 1659 2602 dissimile

1004 2614 1069 2652 his,
1083 2626 1158 2657 quae
1175 2620 1249 2646 sunt
1267 2613 1300 2645 in
1316 2614 1424 2645 altero
1440 2613 1529 2652 loco,
1545 2615 1586 2645 A.
1608 2615 1658 2645 18.

1001 2661 1104 2692 utitur
1120 2665 1202 2690 veste
1215 2658 1345 2696 eadem,
1367 2664 1469 2699 atque
1484 2659 1578 2696 alter,
1602 2657 1657 2688 Af.

1003 2705 1057 2734 57.
1082 2702 1123 2734 cl'-
1151 2713 1229 2743 par.
1257 2707 1358 2742 atque
1386 2711 1447 2742 pro
1475 2700 1590 2732 statim
1613 2709 1656 2731 ex

1001 2751 1112 2778 mente
1136 2744 1342 2783 Marklandi,
1367 2745 1407 2775 C.
1428 2745 1457 2783 1,
1476 2747 1528 2777 24.
1552 2747 1586 2782 2,
1600 2745 1654 2774 42.

1000 2791 1042 2822 cf.
1061 2795 1131 2821 not.
1154 2790 1198 2821 ad
1215 2790 1267 2820 At.
1293 2790 1346 2820 38.
1369 2798 1429 2830 pro
1445 2794 1490 2826 at,
1516 2797 1597 2820 vero
1624 2790 1658 2824 4,

1000 2838 1054 2866 25.
1076 2834 1114 2865 c.
1131 2837 1163 2872 2,
1177 2834 1218 2864 29

958 2880 1127 2920 Accingere
1135 2879 1254 2915 locum,
1267 2876 1298 2909 ei
1311 2875 1488 2911 finitimum
1497 2885 1582 2913 esse,
1596 2875 1654 2913 4‚3
