1946 3261
215 178 307 224 300
666 171 751 217 DE
784 169 986 214 BELLO
1021 169 1233 214 CIVILI.

215 303 438 353 Afranius,
471 314 606 359 quum
626 299 682 342 ab
712 297 913 356 equitatu
950 298 1224 342 novissimum
1245 314 1399 359 agmen
1421 309 1690 360 premeretur

211 374 260 408 et
280 372 377 407 ante
398 379 439 404 se
461 360 626 402 hostem
643 357 831 407 videret,
854 357 1005 400 collem
1040 358 1269 415 quemdam
1307 369 1472 410 nactus,
1504 360 1561 404 ibi
1592 376 1689 404 con-

211 423 340 466 stitit.
402 420 469 462 Ex
490 433 541 460 eo
563 417 658 460 loco
676 423 865 474 quatuor
886 424 1154 459 cetratorum
1182 417 1371 461 cohortis
1404 418 1447 461 in
1482 427 1690 470 montem,

215 482 292 539 qui
312 486 406 522 erat
437 477 481 520 in
506 484 740 534 conspectu
761 475 952 518 omnium
983 475 1303 526 excelsissimus,
1340 477 1492 521 mittit.
1558 477 1693 521 Hunc

214 556 282 582 ma
316 553 370 581 no
391 552 518 580 cursu
538 535 774 579 concitatos
791 534 919 593 jubet
952 550 1182 592 occupare,
1219 551 1270 578 eo
1299 536 1489 586 consilio,
1512 536 1577 579 uti
1599 536 1690 596 ipse

212 555 366 640 eofem
394 594 592 639 omnibus
612 593 748 651 copiis
779 593 1060 636 contenderet
1091 602 1151 643 et,
1186 603 1357 637 mutato
1379 594 1548 646 itinere,
1575 594 1692 654 jugis

215 658 479 714 Octogesam
502 653 765 712 perveniret.
831 651 960 694 Hunc
983 668 1118 708 quum
1147 652 1326 710 obliquo
1358 653 1508 696 itinere
1537 654 1691 697 cetrati

213 722 430 773 peterent,
452 711 724 770 conspicatus
742 710 962 768 equitatus
983 710 1178 761 Caesaris,
1212 711 1253 753 in
1282 711 1469 755 cohortis
1491 712 1689 771 inpetum

211 774 345 816 facit:
391 789 469 817 nec
501 771 717 814 minimam
752 778 922 828 partem
963 779 1050 811 tem
1085 770 1171 812 oris
1205 771 1403 826 equitum
1425 772 1513 814 vim
1534 771 1690 814 cetrati

211 832 423 876 sustinere
463 838 725 899 potuerunt,
763 843 994 885 omnesque
1031 785 1088 870 aii
1124 828 1182 871 eis
1215 829 1498 873 circumventi
1527 829 1570 873 in
1591 845 1691 874 con·

212 899 365 950 spectu
386 899 615 946 utriusque
638 887 850 930 exercitus
871 886 1204 930 interficiuntur.

271 950 344 993 71.
378 950 487 993 Erat
514 947 678 991 occasio
699 947 806 989 bene
827 944 1023 1003 gerendas
1044 945 1120 988 rei.
1186 947 1339 1004 Neque
1360 962 1463 989 vero
1485 946 1529 990 id
1553 947 1694 990 Caesa-

213 1025 303 1052 rem
323 1008 536 1067 fugiebat,
558 1014 681 1049 tanto
701 1006 782 1048 sub
804 1004 940 1048 oculis
971 1014 1151 1062 accepto
1185 1005 1462 1055 detrimento,
1486 1006 1691 1065 perterri-

213 1077 307 1111 tum
328 1066 564 1111 exercitum
596 1064 804 1107 sustinere
837 1079 921 1106 non
951 1079 1089 1121 posse,
1115 1064 1353 1122 praesertim
1375 1064 1693 1108 circumdatum

213 1127 406 1186 undique
433 1125 647 1183 equitatU,
683 1139 816 1180 quum
850 1122 892 1163 in
915 1122 1009 1164 loco
1031 1139 1155 1179 aequo
1192 1132 1322 1180 atque
1359 1133 1512 1181 aperto
1548 1124 1692 1167 confli-

212 1195 418 1242 geretur:
463 1184 596 1241 idque
637 1197 691 1224 ex
731 1181 929 1223 omnibus
970 1181 1168 1238 partibus
1204 1182 1262 1224 ab
1297 1197 1348 1224 eo
1388 1181 1690 1240 flagitabatur.

213 1243 546 1288 Cenem-rebant
568 1240 741 1298 Legati,
761 1240 1064 1287 Centuriones,
1078 1240 1350 1296 Tribunique
1368 1240 1566 1290 militum,
1591 1249 1621 1267 “
1641 1256 1694 1284 ne

212 1309 242 1330 “
266 1303 493 1346 dubitaret
536 1299 740 1358 proelium
790 1298 1062 1341 committere
1083 1316 1094 1345 3
1147 1299 1335 1340 omnium
1377 1315 1464 1341 esse
1506 1299 1694 1342 militum

211 1370 242 1388 “
268 1359 558 1420 paratissimos
596 1357 786 1400 animos:
836 1356 1096 1398 Afranianos
1126 1366 1279 1398 contra
1310 1357 1459 1399 multis
1480 1358 1608 1401 rebus
1629 1359 1693 1401 sui

214 1428 243 1445 ‘⁶
268 1420 434 1464 timoris
455 1418 578 1475 signa
601 1415 773 1464 misisse,
796 1413 916 1472 quod
939 1414 1023 1456 suis
1046 1430 1128 1456 non
1152 1415 1462 1465 subvenissent,
1488 1418 1607 1475 quod
1637 1417 1694 1460 de

211 1487 240 1506 “
265 1479 375 1524 colle
397 1493 480 1520 non
507 1475 786 1523 decederent,
818 1473 935 1531 quod
958 1472 1028 1515 vix
1061 1474 1257 1530 equitum
1288 1474 1483 1517 incursus
1512 1476 1694 1519 sustine·

209 1546 242 1565 ‘⁶
266 1546 381 1587 rent,
412 1535 678 1593 conlatisque
710 1533 909 1575 inunum
944 1531 1086 1574 locum
1128 1532 1277 1589 signis,
1314 1533 1512 1583 conferti,
1551 1550 1692 1593 neque

212 1605 241 1624 “
266 1597 452 1645 ordines,
476 1610 614 1651 neque
641 1593 763 1650 signa
783 1599 1019 1634 servarent.
1085 1591 1213 1640 Quod
1243 1591 1274 1633 si
1313 1591 1587 1647 iniquitatem
1609 1594 1693 1638 loci

210 1665 240 1683 “
265 1656 456 1704 timeret,
476 1653 628 1695 datum
650 1651 700 1693 iri
725 1659 865 1692 tamen
888 1650 1035 1706 aliquo
1057 1649 1154 1692 loco
1177 1646 1400 1707 pugnandi
1423 1651 1691 1702 facultatem,

210 1723 239 1741 “
262 1714 382 1772 quod
403 1721 519 1755 certe
537 1710 637 1752 inde
658 1707 956 1752 decedendum
978 1718 1087 1750 esset
1121 1709 1319 1756 Afranio,
1353 1724 1429 1752 nec
1458 1709 1544 1753 sine
1576 1726 1693 1769 aqua

208 1782 238 1801 “
263 1787 515 1831 permanere
539 1770 723 1827 posset.”

267 1832 337 1874 72.
372 1832 516 1873 Caesar
549 1829 591 1871 in
624 1843 715 1870 eam
755 1842 876 1884 spem
909 1832 1102 1871 venerat,
1137 1840 1178 1866 se
1216 1824 1304 1866 sine
1344 1841 1490 1882 pugna
1527 1833 1571 1867 et
1604 1827 1692 1871 sine

205 1891 387 1934 vulnere
422 1903 596 1931 suorum
635 1902 724 1928 rem
759 1884 965 1928 conficere
1004 1900 1140 1941 posse,
1177 1883 1295 1941 quod
1330 1898 1374 1925 re
1409 1885 1695 1929 frumentaria

204 1948 474 1992 adversarios
509 1945 839 1988 interclusisset:
882 1952 909 1968 “
935 1958 1010 1984 cur
1047 1941 1177 1983 otiam
1211 1941 1400 1985 secundo
1431 1943 1588 2000 proelio
1615 1944 1693 1988 ali-

205 2017 234 2035 “
259 2025 367 2066 quos
388 2023 441 2049 ex
462 2006 547 2049 suis
567 2005 815 2047 amitteret?
858 2018 936 2044 cur
959 2000 1178 2043 vulnerari
1203 2009 1430 2057 pateretur
1452 2001 1615 2059 optime
1636 2003 1692 2046 de

205 2076 235 2094 “
257 2084 299 2110 se
320 2066 495 2109 meritos
523 2063 678 2106 milites
691 2067 707 2105 ¹?
748 2078 826 2105 cur
857 2060 1043 2116 denique
1078 2060 1297 2102 fortunam
1336 2060 1694 2117 periclitaretur?

203 2134 234 2153 “
259 2125 495 2184 praesertim
518 2138 651 2179 quum
674 2136 756 2163 non
774 2121 913 2163 minus
931 2128 1040 2161 essct
1059 2118 1353 2176 Imperatoris,
1373 2119 1549 2161 consilio
1567 2136 1692 2179 supe-

202 2192 232 2212 “
256 2201 369 2233 rare,
391 2198 522 2240 quam
550 2180 710 2239 gladio.
760 2179 1026 2222 Movebatur
1049 2178 1178 2220 ctiam
1203 2176 1493 2220 misericordia
1512 2178 1690 2232 civium,

205 2253 234 2271 “
254 2240 689 2301 quosinterficiendos
703 2239 895 2281 videbat:
918 2237 1075 2294 quibus
1097 2236 1224 2278 salvis
1236 2245 1370 2293 atquc
1389 2235 1691 2289 incolumibus,

203 2312 234 2330 ‘⁶
259 2318 348 2346 rem
371 2300 568 2344 obtinere
590 2298 822 2340 malebat.'’
867 2297 963 2339 Hoc
983 2295 1207 2338 consilium
1226 2294 1405 2338 Caesaris
1427 2310 1452 2336 a
1470 2294 1691 2353 plerisque

202 2378 287 2406 non
316 2358 611 2419 probabatur.;
654 2356 809 2398 milites
844 2371 949 2398 vero
985 2355 1128 2413 palam
1162 2356 1275 2396 inter
1307 2370 1350 2395 se
1378 2352 1691 2410 loquebantur,

202 2430 233 2449 ‘⁴
258 2419 462 2479 quoniam
494 2416 592 2460 talis
628 2415 793 2458 occasio
826 2414 1019 2457 victoriae
1051 2413 1360 2465 dimitteretur,
1392 2413 1523 2455 etiam
1556 2427 1689 2471 quum

248 2574 360 2613 Juqis,
376 2583 435 2614 per
447 2572 537 2614 juga.
559 2571 767 2603 Holomarm.
1025 2567 1148 2607 Aliquo
1166 2567 1245 2596 lom.
1261 2562 1321 2596 alii
1340 2565 1408 2594 alin
1427 2566 1511 2596 loco.

249 2618 358 2658 quue
369 2616 661 2659 —flayilabmmu
697 2613 822 2643 Desunt
837 2610 909 2642 liaec
1026 2612 1169 2642 Consilio
1187 2620 1260 2650 sup.
1305 2609 1359 2639 Cf.
1377 2620 1408 2640 c.
1424 2612 1477 2640 81.

203 2660 237 2693 in
253 2662 331 2692 edd.
348 2666 415 2691 vet.
430 2660 519 2702 quod
539 2658 661 2701 probat
678 2655 863 2688 Bentleius.
1023 2655 1282 2694 Itmujrfrienaelox.
1331 2653 1379 2683 De
1404 2653 1469 2684 hoc
1496 2664 1556 2685 usu
1583 2654 1687 2696 liujus

252 2707 464 2745 conlatisque
480 2707 597 2744 siquis.
629 2702 719 2732 Oud.
736 2700 768 2731 in
784 2701 838 2730 cd.
857 2710 906 2729 re·
975 2698 1149 2739 participii
1168 2708 1201 2728 ν.
1224 2697 1380 2729 l'erizon.
1395 2698 1436 2729 ad
1453 2699 1581 2730 Sanctii
1595 2699 1681 2731 Min.

202 2750 552 2789 cent.conl‹›catisqne,
562 2746 673 2778 forsan
683 2755 794 2776 errore
808 2750 902 2785 typo-
979 2747 1006 2777 1.
1029 2746 1077 2773 15.
1096 2754 1127 2783 p.
1147 2744 1218 2773 145.

203 2793 315 2824 thetae.
373 2791 518 2823 Bentlei.
546 2792 634 2822 bene
665 2793 792 2825 monet,
837 2787 903 2819 ista
1016 2789 1042 2818 A
1055 2789 1238 2829 plerisque.
1285 2784 1354 2818 Alii
1376 2787 1556 2829 plerisque,
1577 2785 1679 2818 dandi

201 2836 313 2868 minus
325 2835 492 2870 cohaerere
508 2846 584 2869 cum
597 2845 666 2876 seq.
684 2843 790 2876 neque
802 2834 900 2873 siqua
970 2841 1064 2863 casu.

198 2885 379 2915 seniorem.
