<?xml version="1.0" encoding="UTF-8"?>
<!DOCTYPE html PUBLIC "-//W3C//DTD XHTML 1.0 Transitional//EN"
    "http://www.w3.org/TR/xhtml1/DTD/xhtml1-transitional.dtd">
<html xmlns="http://www.w3.org/1999/xhtml" xml:lang="en" lang="en">
 <head>
  <title>
</title>
<meta http-equiv="Content-Type" content="text/html;charset=utf-8" />
  <meta name='ocr-system' content='tesseract 3.04.00' />
  <meta name='ocr-capabilities' content='ocr_page ocr_carea ocr_par ocr_line ocrx_word'/>
</head>
<body>
  <div class='ocr_page' id='page_1' title='image "./commentariidebel00caesuoft_0580.png"; bbox 0 0 1946 3261; ppageno 0'>
   <div class='ocr_carea' id='block_1_1' title="bbox 223 224 309 268">
    <p class='ocr_par' dir='ltr' id='par_1_1' title="bbox 223 224 309 268">
     <span class='ocr_line' id='line_1_1' title="bbox 223 224 309 268; baseline 0 -1"><span class='ocrx_word' id='word_1_1' title='bbox 223 224 309 268; x_wconf 78' lang='lat'>540</span> 
     </span>
    </p>
   </div>
   <div class='ocr_carea' id='block_1_2' title="bbox 574 220 1361 265">
    <p class='ocr_par' dir='ltr' id='par_1_2' title="bbox 574 220 1361 265">
     <span class='ocr_line' id='line_1_2' title="bbox 574 220 1361 265; baseline -0.003 0"><span class='ocrx_word' id='word_1_2' title='bbox 574 221 657 265; x_wconf 90' lang='lat' dir='ltr'>DE</span> <span class='ocrx_word' id='word_1_3' title='bbox 693 220 894 263; x_wconf 92' lang='lat' dir='ltr'>BELLO</span> <span class='ocrx_word' id='word_1_4' title='bbox 930 220 1361 265; x_wconf 87' lang='lat' dir='ltr'>HISPANIENSI.</span> 
     </span>
    </p>
   </div>
   <div class='ocr_carea' id='block_1_3' title="bbox 216 348 1701 716">
    <p class='ocr_par' dir='ltr' id='par_1_3' title="bbox 216 348 1701 716">
     <span class='ocr_line' id='line_1_3' title="bbox 222 348 1701 421; baseline 0 -15"><span class='ocrx_word' id='word_1_5' title='bbox 222 348 594 410; x_wconf 84' lang='lat' dir='ltr'><strong>PHARNACE</strong></span> <span class='ocrx_word' id='word_1_6' title='bbox 629 371 850 420; x_wconf 80' lang='lat' dir='ltr'>superato,</span> <span class='ocrx_word' id='word_1_7' title='bbox 889 361 1038 405; x_wconf 85' lang='lat' dir='ltr'>Africa</span> <span class='ocrx_word' id='word_1_8' title='bbox 1067 372 1258 421; x_wconf 85' lang='lat' dir='ltr'>recepta,</span> <span class='ocrx_word' id='word_1_9' title='bbox 1293 363 1369 421; x_wconf 88' lang='lat' dir='ltr'>qui</span> <span class='ocrx_word' id='word_1_10' title='bbox 1392 379 1444 406; x_wconf 82' lang='lat' dir='ltr'>ex</span> <span class='ocrx_word' id='word_1_11' title='bbox 1466 362 1516 406; x_wconf 90' lang='lat' dir='ltr'>iis</span> <span class='ocrx_word' id='word_1_12' title='bbox 1535 362 1701 421; x_wconf 79' lang='lat' dir='ltr'>proeliis</span> 
     </span>
     <span class='ocr_line' id='line_1_4' title="bbox 219 421 1698 480; baseline -0.001 -16"><span class='ocrx_word' id='word_1_13' title='bbox 219 438 315 464; x_wconf 89' lang='lat' dir='ltr'>cum</span> <span class='ocrx_word' id='word_1_14' title='bbox 348 421 618 463; x_wconf 87' lang='lat' dir='ltr'>adolescente</span> <span class='ocrx_word' id='word_1_15' title='bbox 654 421 737 463; x_wconf 89' lang='lat' dir='ltr'>Cn.</span> <span class='ocrx_word' id='word_1_16' title='bbox 775 421 984 479; x_wconf 89' lang='lat' dir='ltr'>Pompeio</span> <span class='ocrx_word' id='word_1_17' title='bbox 1016 422 1325 480; x_wconf 86' lang='lat' dir='ltr'>profugissent,</span> <span class='ocrx_word' id='word_1_18' title='bbox 1357 438 1493 480; x_wconf 88' lang='lat' dir='ltr'>quum</span> <span class='ocrx_word' id='word_1_19' title='bbox 1516 429 1561 464; x_wconf 90' lang='lat' dir='ltr'>et</span> <span class='ocrx_word' id='word_1_20' title='bbox 1588 421 1698 463; x_wconf 84' lang='lat' dir='ltr'>ulte-</span> 
     </span>
     <span class='ocr_line' id='line_1_5' title="bbox 218 479 1700 538; baseline 0 -16"><span class='ocrx_word' id='word_1_21' title='bbox 218 479 343 523; x_wconf 87' lang='lat' dir='ltr'>rioris</span> <span class='ocrx_word' id='word_1_22' title='bbox 368 479 591 537; x_wconf 88' lang='lat' dir='ltr'>Hispaniae</span> <span class='ocrx_word' id='word_1_23' title='bbox 613 479 780 538; x_wconf 89' lang='lat' dir='ltr'>potitus</span> <span class='ocrx_word' id='word_1_24' title='bbox 805 488 929 529; x_wconf 87' lang='lat' dir='ltr'>esset,</span> <span class='ocrx_word' id='word_1_25' title='bbox 960 479 1064 523; x_wconf 87' lang='lat' dir='ltr'>dum</span> <span class='ocrx_word' id='word_1_26' title='bbox 1098 481 1240 524; x_wconf 87' lang='lat' dir='ltr'>Caesar</span> <span class='ocrx_word' id='word_1_27' title='bbox 1269 481 1520 524; x_wconf 87' lang='lat' dir='ltr'>muneribus</span> <span class='ocrx_word' id='word_1_28' title='bbox 1549 479 1700 523; x_wconf 83' lang='lat' dir='ltr'>dandis</span> 
     </span>
     <span class='ocr_line' id='line_1_6' title="bbox 218 537 1701 597; baseline 0 -17"><span class='ocrx_word' id='word_1_29' title='bbox 218 539 261 580; x_wconf 90' lang='lat' dir='ltr'>in</span> <span class='ocrx_word' id='word_1_30' title='bbox 283 537 410 580; x_wconf 88' lang='lat' dir='ltr'>Italia</span> <span class='ocrx_word' id='word_1_31' title='bbox 429 538 667 588; x_wconf 86' lang='lat' dir='ltr'>detinetur,</span> <span class='ocrx_word' id='word_1_32' title='bbox 702 554 790 597; x_wconf 94' lang='lat' dir='ltr'>quo</span> <span class='ocrx_word' id='word_1_33' title='bbox 818 538 987 581; x_wconf 84' lang='lat' dir='ltr'>facilius</span> <span class='ocrx_word' id='word_1_34' title='bbox 1020 539 1219 597; x_wconf 79' lang='lat' dir='ltr'>praesidia</span> <span class='ocrx_word' id='word_1_35' title='bbox 1245 548 1397 583; x_wconf 87' lang='lat' dir='ltr'>contra</span> <span class='ocrx_word' id='word_1_36' title='bbox 1427 545 1701 597; x_wconf 87' lang='lat' dir='ltr'>compararet</span> 
     </span>
     <span class='ocr_line' id='line_1_7' title="bbox 220 596 1697 657; baseline 0 -19"><span class='ocrx_word' id='word_1_37' title='bbox 220 596 467 655; x_wconf 89' lang='lat' dir='ltr'>Pompeius,</span> <span class='ocrx_word' id='word_1_38' title='bbox 499 596 543 639; x_wconf 88' lang='lat' dir='ltr'>in</span> <span class='ocrx_word' id='word_1_39' title='bbox 572 596 701 640; x_wconf 88' lang='lat' dir='ltr'>fidem</span> <span class='ocrx_word' id='word_1_40' title='bbox 727 597 1060 655; x_wconf 86' lang='lat' dir='ltr'>uniuscujusque</span> <span class='ocrx_word' id='word_1_41' title='bbox 1085 597 1272 641; x_wconf 84' lang='lat' dir='ltr'>civitatis</span> <span class='ocrx_word' id='word_1_42' title='bbox 1293 599 1528 657; x_wconf 87' lang='lat' dir='ltr'>confugere</span> <span class='ocrx_word' id='word_1_43' title='bbox 1549 596 1697 655; x_wconf 88' lang='lat' dir='ltr'>coepit.</span> 
     </span>
     <span class='ocr_line' id='line_1_8' title="bbox 216 654 1699 716; baseline 0 -19"><span class='ocrx_word' id='word_1_44' title='bbox 216 654 285 698; x_wconf 90' lang='lat' dir='ltr'>Ita</span> <span class='ocrx_word' id='word_1_45' title='bbox 307 655 467 713; x_wconf 87' lang='lat' dir='ltr'>partim</span> <span class='ocrx_word' id='word_1_46' title='bbox 489 656 709 714; x_wconf 85' lang='lat' dir='ltr'>precibus,</span> <span class='ocrx_word' id='word_1_47' title='bbox 731 656 888 714; x_wconf 90' lang='lat' dir='ltr'>partim</span> <span class='ocrx_word' id='word_1_48' title='bbox 906 655 967 705; x_wconf 89' lang='lat' dir='ltr'>vi,</span> <span class='ocrx_word' id='word_1_49' title='bbox 985 656 1095 698; x_wconf 90' lang='lat' dir='ltr'>bene</span> <span class='ocrx_word' id='word_1_50' title='bbox 1116 671 1272 714; x_wconf 87' lang='lat' dir='ltr'>magna</span> <span class='ocrx_word' id='word_1_51' title='bbox 1287 665 1540 716; x_wconf 82' lang='lat' dir='ltr'>comparata</span> <span class='ocrx_word' id='word_1_52' title='bbox 1553 670 1699 704; x_wconf 84' lang='lat' dir='ltr'>manu,</span> 
     </span>
    </p>
   </div>
   <div class='ocr_carea' id='block_1_4' title="bbox 215 714 683 772">
    <p class='ocr_par' dir='ltr' id='par_1_4' title="bbox 215 714 683 772">
     <span class='ocr_line' id='line_1_9' title="bbox 215 714 683 772; baseline 0 -16"><span class='ocrx_word' id='word_1_53' title='bbox 215 714 480 772; x_wconf 87' lang='lat' dir='ltr'>provinciam</span> <span class='ocrx_word' id='word_1_54' title='bbox 501 723 683 757; x_wconf 83' lang='lat' dir='ltr'>vastare.</span> 
     </span>
    </p>
   </div>
   <div class='ocr_carea' id='block_1_5' title="bbox 749 714 1701 763">
    <p class='ocr_par' dir='ltr' id='par_1_5' title="bbox 749 714 1701 763">
     <span class='ocr_line' id='line_1_10' title="bbox 749 714 1701 763; baseline 0.001 -8"><span class='ocrx_word' id='word_1_55' title='bbox 749 714 920 763; x_wconf 86' lang='lat' dir='ltr'>Quibus</span> <span class='ocrx_word' id='word_1_56' title='bbox 948 714 990 757; x_wconf 90' lang='lat' dir='ltr'>in</span> <span class='ocrx_word' id='word_1_57' title='bbox 1015 715 1144 758; x_wconf 89' lang='lat' dir='ltr'>rebus</span> <span class='ocrx_word' id='word_1_58' title='bbox 1171 715 1387 759; x_wconf 79' lang='lat' dir='ltr'>nonnullae</span> <span class='ocrx_word' id='word_1_59' title='bbox 1407 716 1604 758; x_wconf 87' lang='lat' dir='ltr'>civitates</span> <span class='ocrx_word' id='word_1_60' title='bbox 1623 730 1701 757; x_wconf 90' lang='lat' dir='ltr'>sua</span> 
     </span>
    </p>
   </div>
   <div class='ocr_carea' id='block_1_6' title="bbox 217 772 1700 833">
    <p class='ocr_par' dir='ltr' id='par_1_6' title="bbox 217 772 1700 833">
     <span class='ocr_line' id='line_1_11' title="bbox 217 772 1700 833; baseline 0.001 -18"><span class='ocrx_word' id='word_1_61' title='bbox 217 781 372 832; x_wconf 88' lang='lat' dir='ltr'>sponte</span> <span class='ocrx_word' id='word_1_62' title='bbox 393 772 554 817; x_wconf 87' lang='lat' dir='ltr'>auxilia</span> <span class='ocrx_word' id='word_1_63' title='bbox 574 773 823 824; x_wconf 84' lang='lat' dir='ltr'>mittebant,</span> <span class='ocrx_word' id='word_1_64' title='bbox 846 772 948 816; x_wconf 89' lang='lat' dir='ltr'>item</span> <span class='ocrx_word' id='word_1_65' title='bbox 970 774 1186 817; x_wconf 69' lang='lat' dir='ltr'>nonnullae</span> <span class='ocrx_word' id='word_1_66' title='bbox 1209 783 1357 833; x_wconf 84' lang='lat' dir='ltr'>portas</span> <span class='ocrx_word' id='word_1_67' title='bbox 1380 783 1532 818; x_wconf 88' lang='lat' dir='ltr'>contra</span> <span class='ocrx_word' id='word_1_68' title='bbox 1555 772 1700 817; x_wconf 85' lang='lat' dir='ltr'>clude-</span> 
     </span>
    </p>
   </div>
   <div class='ocr_carea' id='block_1_7' title="bbox 207 897 924 2960">
    <p class='ocr_par' dir='ltr' id='par_1_7' title="bbox 210 897 924 2027">
     <span class='ocr_line' id='line_1_12' title="bbox 265 897 922 942; baseline -0.003 -11"><span class='ocrx_word' id='word_1_69' title='bbox 265 900 443 932; x_wconf 76' lang='lat' dir='ltr'>Pharnace</span> <span class='ocrx_word' id='word_1_70' title='bbox 458 904 625 942; x_wconf 75' lang='lat' dir='ltr'>superato.</span> <span class='ocrx_word' id='word_1_71' title='bbox 670 898 723 930; x_wconf 85' lang='lat' dir='ltr'>Cf.</span> <span class='ocrx_word' id='word_1_72' title='bbox 748 899 788 930; x_wconf 84' lang='lat' dir='ltr'>B.</span> <span class='ocrx_word' id='word_1_73' title='bbox 814 897 869 930; x_wconf 88' lang='grc' dir='ltr'>ΑΙ.</span> <span class='ocrx_word' id='word_1_74' title='bbox 892 909 922 930; x_wconf 92' lang='lat' dir='ltr'>c.</span> 
     </span>
     <span class='ocr_line' id='line_1_13' title="bbox 219 943 922 984; baseline 0 -10"><span class='ocrx_word' id='word_1_75' title='bbox 219 944 271 975; x_wconf 85' lang='grc'>76.</span> <span class='ocrx_word' id='word_1_76' title='bbox 328 943 428 981; x_wconf 83' lang='lat' dir='ltr'>Quod</span> <span class='ocrx_word' id='word_1_77' title='bbox 450 950 562 975; x_wconf 89' lang='lat' dir='ltr'>autem</span> <span class='ocrx_word' id='word_1_78' title='bbox 588 943 621 974; x_wconf 90' lang='lat' dir='ltr'>in</span> <span class='ocrx_word' id='word_1_79' title='bbox 647 944 723 975; x_wconf 90' lang='lat' dir='ltr'>eod.</span> <span class='ocrx_word' id='word_1_80' title='bbox 747 943 844 974; x_wconf 79' lang='lat' dir='ltr'>Leid.</span> <span class='ocrx_word' id='word_1_81' title='bbox 872 953 922 984; x_wconf 82' lang='lat' dir='ltr'>pr.</span> 
     </span>
     <span class='ocr_line' id='line_1_14' title="bbox 216 987 924 1029; baseline -0.003 -11"><span class='ocrx_word' id='word_1_82' title='bbox 216 993 282 1025; x_wconf 88' lang='lat' dir='ltr'>est,</span> <span class='ocrx_word' id='word_1_83' title='bbox 301 988 451 1029; x_wconf 77' lang='lat' dir='ltr'>Scipione</span> <span class='ocrx_word' id='word_1_84' title='bbox 466 993 634 1029; x_wconf 76' lang='lat' dir='ltr'>superato,</span> <span class='ocrx_word' id='word_1_85' title='bbox 649 987 712 1017; x_wconf 81' lang='lat' dir='ltr'>hoc</span> <span class='ocrx_word' id='word_1_86' title='bbox 723 992 832 1017; x_wconf 88' lang='lat' dir='ltr'>utrum</span> <span class='ocrx_word' id='word_1_87' title='bbox 850 987 924 1017; x_wconf 88' lang='lat' dir='ltr'>vnl-</span> 
     </span>
     <span class='ocr_line' id='line_1_15' title="bbox 215 1029 924 1072; baseline -0.001 -10"><span class='ocrx_word' id='word_1_88' title='bbox 215 1036 294 1072; x_wconf 83' lang='lat' dir='ltr'>gato</span> <span class='ocrx_word' id='word_1_89' title='bbox 312 1031 498 1072; x_wconf 76' lang='lat' dir='ltr'>praeferam,</span> <span class='ocrx_word' id='word_1_90' title='bbox 510 1041 551 1062; x_wconf 89' lang='lat' dir='ltr'>an</span> <span class='ocrx_word' id='word_1_91' title='bbox 568 1029 795 1062; x_wconf 83' lang='lat' dir='ltr'>emendationi</span> <span class='ocrx_word' id='word_1_92' title='bbox 812 1029 924 1071; x_wconf 86' lang='lat' dir='ltr'>potius</span> 
     </span>
     <span class='ocr_line' id='line_1_16' title="bbox 217 1073 922 1115; baseline -0.001 -9"><span class='ocrx_word' id='word_1_93' title='bbox 217 1074 379 1113; x_wconf 84' lang='lat' dir='ltr'>tribuam,</span> <span class='ocrx_word' id='word_1_94' title='bbox 396 1085 463 1106; x_wconf 88' lang='lat' dir='ltr'>non</span> <span class='ocrx_word' id='word_1_95' title='bbox 482 1073 564 1106; x_wconf 84' lang='lat' dir='ltr'>satis</span> <span class='ocrx_word' id='word_1_96' title='bbox 580 1074 663 1105; x_wconf 90' lang='lat' dir='ltr'>scio.</span> <span class='ocrx_word' id='word_1_97' title='bbox 710 1073 743 1104; x_wconf 86' lang='lat' dir='ltr'>Si</span> <span class='ocrx_word' id='word_1_98' title='bbox 771 1076 922 1115; x_wconf 78' lang='lat' dir='ltr'>Scipione</span> 
     </span>
     <span class='ocr_line' id='line_1_17' title="bbox 215 1117 922 1161; baseline -0.001 -12"><span class='ocrx_word' id='word_1_99' title='bbox 215 1125 368 1161; x_wconf 77' lang='lat' dir='ltr'>superato</span> <span class='ocrx_word' id='word_1_100' title='bbox 383 1119 517 1159; x_wconf 82' lang='lat' dir='ltr'>legitur,</span> <span class='ocrx_word' id='word_1_101' title='bbox 533 1118 662 1159; x_wconf 83' lang='lat' dir='ltr'>optime</span> <span class='ocrx_word' id='word_1_102' title='bbox 679 1117 827 1148; x_wconf 81' lang='lat' dir='ltr'>cohaeret</span> <span class='ocrx_word' id='word_1_103' title='bbox 842 1128 922 1149; x_wconf 91' lang='lat' dir='ltr'>cum</span> 
     </span>
     <span class='ocr_line' id='line_1_18' title="bbox 215 1160 923 1204; baseline -0.001 -11"><span class='ocrx_word' id='word_1_104' title='bbox 215 1162 388 1204; x_wconf 85' lang='lat' dir='ltr'>superiore</span> <span class='ocrx_word' id='word_1_105' title='bbox 405 1162 494 1193; x_wconf 89' lang='lat' dir='ltr'>libro</span> <span class='ocrx_word' id='word_1_106' title='bbox 515 1168 677 1199; x_wconf 83' lang='lat' dir='ltr'>extremo,</span> <span class='ocrx_word' id='word_1_107' title='bbox 702 1160 763 1193; x_wconf 87' lang='lat' dir='ltr'>ubi</span> <span class='ocrx_word' id='word_1_108' title='bbox 782 1162 823 1192; x_wconf 89' lang='lat' dir='ltr'>de</span> <span class='ocrx_word' id='word_1_109' title='bbox 850 1161 923 1192; x_wconf 92' lang='lat' dir='ltr'>Sci-</span> 
     </span>
     <span class='ocr_line' id='line_1_19' title="bbox 214 1204 920 1248; baseline -0.001 -11"><span class='ocrx_word' id='word_1_110' title='bbox 214 1205 320 1248; x_wconf 88' lang='lat' dir='ltr'>pione</span> <span class='ocrx_word' id='word_1_111' title='bbox 335 1206 426 1237; x_wconf 89' lang='lat' dir='ltr'>victo</span> <span class='ocrx_word' id='word_1_112' title='bbox 438 1211 471 1236; x_wconf 84' lang='lat' dir='ltr'>et</span> <span class='ocrx_word' id='word_1_113' title='bbox 486 1204 599 1237; x_wconf 77' lang='lat' dir='ltr'>Africa</span> <span class='ocrx_word' id='word_1_114' title='bbox 608 1211 743 1246; x_wconf 85' lang='lat' dir='ltr'>recepta</span> <span class='ocrx_word' id='word_1_115' title='bbox 753 1210 920 1236; x_wconf 87' lang='lat' dir='ltr'>narratum</span> 
     </span>
     <span class='ocr_line' id='line_1_20' title="bbox 213 1248 923 1290; baseline -0.003 -9"><span class='ocrx_word' id='word_1_116' title='bbox 213 1255 276 1282; x_wconf 87' lang='lat' dir='ltr'>est.</span> <span class='ocrx_word' id='word_1_117' title='bbox 323 1249 380 1280; x_wconf 91' lang='lat' dir='ltr'>Sin</span> <span class='ocrx_word' id='word_1_118' title='bbox 407 1249 577 1290; x_wconf 87' lang='lat' dir='ltr'>Scipionis</span> <span class='ocrx_word' id='word_1_119' title='bbox 600 1259 725 1280; x_wconf 89' lang='lat' dir='ltr'>nomen</span> <span class='ocrx_word' id='word_1_120' title='bbox 748 1248 793 1280; x_wconf 87' lang='lat' dir='ltr'>ab</span> <span class='ocrx_word' id='word_1_121' title='bbox 808 1258 923 1280; x_wconf 87' lang='lat' dir='ltr'>emen-</span> 
     </span>
     <span class='ocr_line' id='line_1_21' title="bbox 215 1293 923 1334; baseline -0.001 -10"><span class='ocrx_word' id='word_1_122' title='bbox 215 1293 352 1324; x_wconf 80' lang='lat' dir='ltr'>datione</span> <span class='ocrx_word' id='word_1_123' title='bbox 376 1293 447 1334; x_wconf 85' lang='lat' dir='ltr'>ejus</span> <span class='ocrx_word' id='word_1_124' title='bbox 470 1300 532 1330; x_wconf 86' lang='lat' dir='ltr'>est,</span> <span class='ocrx_word' id='word_1_125' title='bbox 553 1293 612 1334; x_wconf 83' lang='lat' dir='ltr'>qui</span> <span class='ocrx_word' id='word_1_126' title='bbox 635 1302 704 1324; x_wconf 89' lang='lat' dir='ltr'>non</span> <span class='ocrx_word' id='word_1_127' title='bbox 730 1298 798 1323; x_wconf 85' lang='lat' dir='ltr'>tam</span> <span class='ocrx_word' id='word_1_128' title='bbox 813 1293 855 1323; x_wconf 91' lang='lat' dir='ltr'>ad</span> <span class='ocrx_word' id='word_1_129' title='bbox 872 1303 923 1323; x_wconf 90' lang='lat' dir='ltr'>re-</span> 
     </span>
     <span class='ocr_line' id='line_1_22' title="bbox 214 1336 922 1378; baseline -0.001 -10"><span class='ocrx_word' id='word_1_130' title='bbox 214 1337 356 1368; x_wconf 88' lang='lat' dir='ltr'>motiora</span> <span class='ocrx_word' id='word_1_131' title='bbox 384 1337 440 1375; x_wconf 91' lang='lat' dir='ltr'>(B.</span> <span class='ocrx_word' id='word_1_132' title='bbox 464 1337 516 1368; x_wconf 81' lang='lat' dir='ltr'>Al.</span> <span class='ocrx_word' id='word_1_133' title='bbox 546 1337 615 1375; x_wconf 78' lang='lat'>76),</span> <span class='ocrx_word' id='word_1_134' title='bbox 633 1347 735 1378; x_wconf 88' lang='lat' dir='ltr'>quam</span> <span class='ocrx_word' id='word_1_135' title='bbox 769 1336 922 1376; x_wconf 79' lang='lat' dir='ltr'>proxima</span> 
     </span>
     <span class='ocr_line' id='line_1_23' title="bbox 213 1379 923 1422; baseline -0.001 -10"><span class='ocrx_word' id='word_1_136' title='bbox 213 1380 461 1422; x_wconf 86' lang='lat' dir='ltr'>respiciendum</span> <span class='ocrx_word' id='word_1_137' title='bbox 480 1391 553 1412; x_wconf 88' lang='lat' dir='ltr'>esse</span> <span class='ocrx_word' id='word_1_138' title='bbox 564 1379 817 1417; x_wconf 81' lang='lat' dir='ltr'>existimaverit,</span> <span class='ocrx_word' id='word_1_139' title='bbox 829 1380 923 1411; x_wconf 87' lang='lat' dir='ltr'>ideo-</span> 
     </span>
     <span class='ocr_line' id='line_1_24' title="bbox 212 1423 924 1466; baseline -0.001 -10"><span class='ocrx_word' id='word_1_140' title='bbox 212 1436 278 1466; x_wconf 87' lang='lat' dir='ltr'>que</span> <span class='ocrx_word' id='word_1_141' title='bbox 320 1425 500 1456; x_wconf 63' lang='lat' dir='ltr'>Pharnace</span> <span class='ocrx_word' id='word_1_142' title='bbox 535 1429 702 1466; x_wconf 72' lang='lat' dir='ltr'>superam,</span> <span class='ocrx_word' id='word_1_143' title='bbox 750 1423 924 1465; x_wconf 81' lang='lat' dir='ltr'>antiquior</span> 
     </span>
     <span class='ocr_line' id='line_1_25' title="bbox 212 1467 922 1500; baseline -0.003 0"><span class='ocrx_word' id='word_1_144' title='bbox 212 1468 316 1500; x_wconf 88' lang='lat' dir='ltr'>lectio</span> <span class='ocrx_word' id='word_1_145' title='bbox 332 1468 486 1500; x_wconf 85' lang='lat' dir='ltr'>videtur:</span> <span class='ocrx_word' id='word_1_146' title='bbox 516 1468 654 1499; x_wconf 75' lang='lat' dir='ltr'>fortasse</span> <span class='ocrx_word' id='word_1_147' title='bbox 677 1479 755 1499; x_wconf 88' lang='lat' dir='ltr'>cum</span> <span class='ocrx_word' id='word_1_148' title='bbox 781 1467 922 1498; x_wconf 82' lang='lat' dir='ltr'>Davisio</span> 
     </span>
     <span class='ocr_line' id='line_1_26' title="bbox 212 1512 920 1554; baseline -0.006 -11"><span class='ocrx_word' id='word_1_149' title='bbox 212 1512 281 1544; x_wconf 90' lang='lat' dir='ltr'>dici</span> <span class='ocrx_word' id='word_1_150' title='bbox 299 1512 436 1554; x_wconf 88' lang='lat' dir='ltr'>poterit,</span> <span class='ocrx_word' id='word_1_151' title='bbox 459 1512 604 1543; x_wconf 84' lang='lat' dir='ltr'>breviter</span> <span class='ocrx_word' id='word_1_152' title='bbox 621 1512 654 1542; x_wconf 80' lang='lat' dir='ltr'>h.</span> <span class='ocrx_word' id='word_1_153' title='bbox 672 1513 694 1543; x_wconf 89' lang='lat' dir='ltr'>l.</span> <span class='ocrx_word' id='word_1_154' title='bbox 713 1512 832 1553; x_wconf 87' lang='lat' dir='ltr'>repeti,</span> <span class='ocrx_word' id='word_1_155' title='bbox 845 1522 920 1553; x_wconf 53' lang='lat' dir='ltr'>quai</span> 
     </span>
     <span class='ocr_line' id='line_1_27' title="bbox 212 1555 922 1598; baseline -0.001 -11"><span class='ocrx_word' id='word_1_156' title='bbox 212 1566 322 1598; x_wconf 89' lang='lat' dir='ltr'>nuper</span> <span class='ocrx_word' id='word_1_157' title='bbox 339 1556 564 1588; x_wconf 80' lang='lat' dir='ltr'>Alexandrino</span> <span class='ocrx_word' id='word_1_158' title='bbox 582 1556 676 1587; x_wconf 88' lang='lat' dir='ltr'>bello</span> <span class='ocrx_word' id='word_1_159' title='bbox 694 1555 725 1587; x_wconf 92' lang='lat' dir='ltr'>in</span> <span class='ocrx_word' id='word_1_160' title='bbox 743 1557 862 1594; x_wconf 88' lang='lat' dir='ltr'>Ponto,</span> <span class='ocrx_word' id='word_1_161' title='bbox 889 1563 922 1586; x_wconf 90' lang='lat' dir='ltr'>et</span> 
     </span>
     <span class='ocr_line' id='line_1_28' title="bbox 213 1598 921 1642; baseline -0.001 -11"><span class='ocrx_word' id='word_1_162' title='bbox 213 1600 408 1642; x_wconf 85' lang='lat' dir='ltr'>nuperrime</span> <span class='ocrx_word' id='word_1_163' title='bbox 425 1599 459 1631; x_wconf 91' lang='lat' dir='ltr'>in</span> <span class='ocrx_word' id='word_1_164' title='bbox 484 1599 601 1631; x_wconf 80' lang='lat' dir='ltr'>Africa</span> <span class='ocrx_word' id='word_1_165' title='bbox 615 1606 710 1640; x_wconf 84' lang='lat' dir='ltr'>gesta</span> <span class='ocrx_word' id='word_1_166' title='bbox 732 1599 811 1631; x_wconf 88' lang='lat' dir='ltr'>sint.</span> <span class='ocrx_word' id='word_1_167' title='bbox 858 1598 921 1630; x_wconf 85' lang='lat' dir='ltr'>Sed</span> 
     </span>
     <span class='ocr_line' id='line_1_29' title="bbox 212 1643 919 1686; baseline -0.001 -11"><span class='ocrx_word' id='word_1_168' title='bbox 212 1644 396 1686; x_wconf 73' lang='lat' dir='ltr'>pra-placet</span> <span class='ocrx_word' id='word_1_169' title='bbox 439 1643 615 1675; x_wconf 85' lang='lat' dir='ltr'>Leidensis</span> <span class='ocrx_word' id='word_1_170' title='bbox 651 1643 743 1681; x_wconf 87' lang='lat' dir='ltr'>libri,</span> <span class='ocrx_word' id='word_1_171' title='bbox 781 1643 919 1685; x_wconf 82' lang='lat' dir='ltr'>ejusque</span> 
     </span>
     <span class='ocr_line' id='line_1_30' title="bbox 212 1686 922 1728; baseline -0.001 -9"><span class='ocrx_word' id='word_1_172' title='bbox 212 1688 308 1725; x_wconf 90' lang='lat' dir='ltr'>boni,</span> <span class='ocrx_word' id='word_1_173' title='bbox 337 1687 450 1719; x_wconf 73' lang='lat' dir='ltr'>tectio.</span> <span class='ocrx_word' id='word_1_174' title='bbox 496 1686 563 1718; x_wconf 90' lang='lat' dir='ltr'>Cur</span> <span class='ocrx_word' id='word_1_175' title='bbox 592 1687 682 1718; x_wconf 89' lang='lat' dir='ltr'>enim</span> <span class='ocrx_word' id='word_1_176' title='bbox 709 1686 865 1728; x_wconf 82' lang='lat' dir='ltr'>scriptor,</span> <span class='ocrx_word' id='word_1_177' title='bbox 893 1687 922 1719; x_wconf 86' lang='lat' dir='ltr'>si</span> 
     </span>
     <span class='ocr_line' id='line_1_31' title="bbox 214 1737 923 1772; baseline -0.004 -8"><span class='ocrx_word' id='word_1_178' title='bbox 214 1741 379 1764; x_wconf 86' lang='lat' dir='ltr'>summam</span> <span class='ocrx_word' id='word_1_179' title='bbox 395 1742 504 1763; x_wconf 80' lang='lat' dir='ltr'>rerum</span> <span class='ocrx_word' id='word_1_180' title='bbox 514 1737 683 1772; x_wconf 83' lang='lat' dir='ltr'>gestarum</span> <span class='ocrx_word' id='word_1_181' title='bbox 697 1737 847 1772; x_wconf 83' lang='lat' dir='ltr'>repetere</span> <span class='ocrx_word' id='word_1_182' title='bbox 863 1741 923 1762; x_wconf 83' lang='lat' dir='ltr'>vo-</span> 
     </span>
     <span class='ocr_line' id='line_1_32' title="bbox 213 1774 921 1817; baseline -0.001 -11"><span class='ocrx_word' id='word_1_183' title='bbox 213 1776 291 1814; x_wconf 88' lang='lat' dir='ltr'>luit,</span> <span class='ocrx_word' id='word_1_184' title='bbox 305 1776 462 1817; x_wconf 88' lang='lat' dir='ltr'>neglecto</span> <span class='ocrx_word' id='word_1_185' title='bbox 479 1775 572 1807; x_wconf 90' lang='lat' dir='ltr'>bello</span> <span class='ocrx_word' id='word_1_186' title='bbox 596 1774 826 1806; x_wconf 85' lang='lat' dir='ltr'>Alexandrino</span> <span class='ocrx_word' id='word_1_187' title='bbox 848 1785 921 1816; x_wconf 86' lang='lat' dir='ltr'>gra-</span> 
     </span>
     <span class='ocr_line' id='line_1_33' title="bbox 210 1818 922 1859; baseline -0.003 -8"><span class='ocrx_word' id='word_1_188' title='bbox 210 1819 319 1858; x_wconf 89' lang='lat' dir='ltr'>viore,</span> <span class='ocrx_word' id='word_1_189' title='bbox 334 1819 489 1851; x_wconf 79' lang='lat' dir='ltr'>videatur</span> <span class='ocrx_word' id='word_1_190' title='bbox 506 1819 647 1858; x_wconf 89' lang='lat' dir='ltr'>bellum,</span> <span class='ocrx_word' id='word_1_191' title='bbox 669 1818 702 1850; x_wconf 92' lang='lat' dir='ltr'>in</span> <span class='ocrx_word' id='word_1_192' title='bbox 720 1819 832 1850; x_wconf 90' lang='lat' dir='ltr'>Ponto</span> <span class='ocrx_word' id='word_1_193' title='bbox 847 1829 922 1859; x_wconf 84' lang='lat' dir='ltr'>ges-</span> 
     </span>
     <span class='ocr_line' id='line_1_34' title="bbox 211 1860 920 1905; baseline -0.004 -9"><span class='ocrx_word' id='word_1_194' title='bbox 211 1869 296 1901; x_wconf 82' lang='lat' dir='ltr'>tum,</span> <span class='ocrx_word' id='word_1_195' title='bbox 312 1860 411 1905; x_wconf 83' lang='lat' dir='ltr'>idque</span> <span class='ocrx_word' id='word_1_196' title='bbox 427 1869 461 1895; x_wconf 88' lang='lat' dir='ltr'>et</span> <span class='ocrx_word' id='word_1_197' title='bbox 477 1868 599 1895; x_wconf 88' lang='lat' dir='ltr'>conatu</span> <span class='ocrx_word' id='word_1_198' title='bbox 615 1868 649 1894; x_wconf 88' lang='lat' dir='ltr'>et</span> <span class='ocrx_word' id='word_1_199' title='bbox 663 1862 788 1894; x_wconf 72' lang='lat' dir='ltr'>effectu</span> <span class='ocrx_word' id='word_1_200' title='bbox 812 1862 920 1894; x_wconf 83' lang='lat' dir='ltr'>multo</span> 
     </span>
     <span class='ocr_line' id='line_1_35' title="bbox 211 1906 920 1950; baseline -0.003 -11"><span class='ocrx_word' id='word_1_201' title='bbox 211 1907 416 1950; x_wconf 80' lang='lat' dir='ltr'>expeditius,</span> <span class='ocrx_word' id='word_1_202' title='bbox 443 1906 618 1938; x_wconf 85' lang='lat' dir='ltr'>nominare</span> <span class='ocrx_word' id='word_1_203' title='bbox 646 1906 821 1938; x_wconf 83' lang='lat' dir='ltr'>voluisse?</span> <span class='ocrx_word' id='word_1_204' title='bbox 869 1907 920 1937; x_wconf 89' lang='lat' dir='ltr'>M.</span> 
     </span>
     <span class='ocr_line' id='line_1_36' title="bbox 211 1950 920 1993; baseline -0.003 -10"><span class='ocrx_word' id='word_1_205' title='bbox 211 1951 353 1983; x_wconf 88' lang='lat' dir='ltr'>Librum</span> <span class='ocrx_word' id='word_1_206' title='bbox 382 1951 470 1984; x_wconf 88' lang='lat' dir='ltr'>male</span> <span class='ocrx_word' id='word_1_207' title='bbox 495 1951 635 1993; x_wconf 90' lang='lat' dir='ltr'>quidam</span> <span class='ocrx_word' id='word_1_208' title='bbox 666 1950 817 1990; x_wconf 71' lang='grc' dir='ltr'>ἀκέφαλον</span> <span class='ocrx_word' id='word_1_209' title='bbox 848 1960 920 1982; x_wconf 86' lang='lat' dir='ltr'>esse</span> 
     </span>
     <span class='ocr_line' id='line_1_37' title="bbox 210 1996 340 2027; baseline -0.008 0"><span class='ocrx_word' id='word_1_210' title='bbox 210 1996 340 2027; x_wconf 78' lang='lat' dir='ltr'>volunt.</span> 
     </span>
    </p>

    <p class='ocr_par' dir='ltr' id='par_1_8' title="bbox 207 2038 924 2960">
     <span class='ocr_line' id='line_1_38' title="bbox 259 2038 921 2081; baseline -0.005 -10"><span class='ocrx_word' id='word_1_211' title='bbox 259 2042 325 2075; x_wconf 75' lang='lat' dir='ltr'>Qui</span> <span class='ocrx_word' id='word_1_212' title='bbox 354 2051 396 2071; x_wconf 71' lang='lat' dir='ltr'>ea:</span> <span class='ocrx_word' id='word_1_213' title='bbox 424 2042 464 2072; x_wconf 77' lang='lat' dir='ltr'>iis</span> <span class='ocrx_word' id='word_1_214' title='bbox 492 2038 921 2081; x_wconf 76' lang='lat' dir='ltr'>proeliis—profuqissent.</span> 
     </span>
     <span class='ocr_line' id='line_1_39' title="bbox 214 2082 920 2125; baseline -0.003 -10"><span class='ocrx_word' id='word_1_215' title='bbox 214 2084 267 2115; x_wconf 78' lang='lat' dir='ltr'>Ex</span> <span class='ocrx_word' id='word_1_216' title='bbox 282 2083 336 2114; x_wconf 82' lang='lat' dir='ltr'>liis</span> <span class='ocrx_word' id='word_1_217' title='bbox 348 2084 489 2125; x_wconf 86' lang='lat' dir='ltr'>proeliis,</span> <span class='ocrx_word' id='word_1_218' title='bbox 508 2083 635 2124; x_wconf 89' lang='lat' dir='ltr'>quibus</span> <span class='ocrx_word' id='word_1_219' title='bbox 649 2082 766 2114; x_wconf 75' lang='lat' dir='ltr'>Africa</span> <span class='ocrx_word' id='word_1_220' title='bbox 782 2088 920 2123; x_wconf 79' lang='lat' dir='ltr'>recepta</span> 
     </span>
     <span class='ocr_line' id='line_1_40' title="bbox 209 2125 920 2168; baseline -0.003 -9"><span class='ocrx_word' id='word_1_221' title='bbox 209 2134 273 2166; x_wconf 90' lang='lat' dir='ltr'>est,</span> <span class='ocrx_word' id='word_1_222' title='bbox 289 2137 388 2159; x_wconf 87' lang='lat' dir='ltr'>nemo</span> <span class='ocrx_word' id='word_1_223' title='bbox 404 2138 481 2158; x_wconf 90' lang='lat' dir='ltr'>cum</span> <span class='ocrx_word' id='word_1_224' title='bbox 498 2126 666 2168; x_wconf 88' lang='lat' dir='ltr'>Pompeio</span> <span class='ocrx_word' id='word_1_225' title='bbox 679 2125 797 2167; x_wconf 83' lang='lat' dir='ltr'>effugit</span> <span class='ocrx_word' id='word_1_226' title='bbox 811 2138 817 2155; x_wconf 68' lang='grc' dir='ltr'><strong><em>τ</em></strong></span> <span class='ocrx_word' id='word_1_227' title='bbox 843 2136 920 2157; x_wconf 90' lang='lat' dir='ltr'>nam</span> 
     </span>
     <span class='ocr_line' id='line_1_41' title="bbox 211 2169 920 2213; baseline -0.003 -10"><span class='ocrx_word' id='word_1_228' title='bbox 211 2170 476 2213; x_wconf 87' lang='lat' dir='ltr'>Pompeiusjam</span> <span class='ocrx_word' id='word_1_229' title='bbox 486 2175 562 2201; x_wconf 89' lang='lat' dir='ltr'>ante</span> <span class='ocrx_word' id='word_1_230' title='bbox 575 2169 730 2211; x_wconf 82' lang='lat' dir='ltr'>proelium</span> <span class='ocrx_word' id='word_1_231' title='bbox 744 2171 788 2201; x_wconf 91' lang='lat' dir='ltr'>ad</span> <span class='ocrx_word' id='word_1_232' title='bbox 801 2169 920 2212; x_wconf 88' lang='lat' dir='ltr'>Thap-</span> 
     </span>
     <span class='ocr_line' id='line_1_42' title="bbox 212 2213 920 2257; baseline 0 -11"><span class='ocrx_word' id='word_1_233' title='bbox 212 2226 299 2254; x_wconf 85' lang='lat' dir='ltr'>sum,</span> <span class='ocrx_word' id='word_1_234' title='bbox 313 2225 381 2257; x_wconf 89' lang='lat' dir='ltr'>quo</span> <span class='ocrx_word' id='word_1_235' title='bbox 399 2213 515 2255; x_wconf 88' lang='lat' dir='ltr'>Scipio</span> <span class='ocrx_word' id='word_1_236' title='bbox 532 2213 642 2245; x_wconf 83' lang='lat' dir='ltr'>victus</span> <span class='ocrx_word' id='word_1_237' title='bbox 655 2220 706 2245; x_wconf 88' lang='lat' dir='ltr'>est</span> <span class='ocrx_word' id='word_1_238' title='bbox 728 2214 784 2253; x_wconf 90' lang='lat' dir='ltr'>(B.</span> <span class='ocrx_word' id='word_1_239' title='bbox 801 2213 872 2244; x_wconf 83' lang='lat' dir='ltr'>Asr.</span> <span class='ocrx_word' id='word_1_240' title='bbox 887 2224 920 2246; x_wconf 91' lang='lat' dir='ltr'>c.</span> 
     </span>
     <span class='ocr_line' id='line_1_43' title="bbox 212 2257 920 2301; baseline -0.004 -10"><span class='ocrx_word' id='word_1_241' title='bbox 212 2262 265 2291; x_wconf 86' lang='grc'>83.</span> <span class='ocrx_word' id='word_1_242' title='bbox 283 2258 403 2301; x_wconf 88' lang='lat' dir='ltr'>seqq.),</span> <span class='ocrx_word' id='word_1_243' title='bbox 417 2257 628 2296; x_wconf 82' lang='lat' dir='ltr'>discesserat,</span> <span class='ocrx_word' id='word_1_244' title='bbox 651 2263 687 2288; x_wconf 89' lang='lat' dir='ltr'>ut</span> <span class='ocrx_word' id='word_1_245' title='bbox 702 2267 781 2288; x_wconf 81' lang='lat' dir='ltr'>mox</span> <span class='ocrx_word' id='word_1_246' title='bbox 797 2258 920 2289; x_wconf 83' lang='lat' dir='ltr'>dicam.</span> 
     </span>
     <span class='ocr_line' id='line_1_44' title="bbox 212 2301 920 2343; baseline -0.003 -8"><span class='ocrx_word' id='word_1_247' title='bbox 212 2303 277 2335; x_wconf 91' lang='lat' dir='ltr'>Sed</span> <span class='ocrx_word' id='word_1_248' title='bbox 307 2313 349 2335; x_wconf 85' lang='lat' dir='ltr'>ex</span> <span class='ocrx_word' id='word_1_249' title='bbox 380 2301 434 2334; x_wconf 82' lang='lat' dir='ltr'>his</span> <span class='ocrx_word' id='word_1_250' title='bbox 464 2301 596 2343; x_wconf 80' lang='lat' dir='ltr'>proeliis</span> <span class='ocrx_word' id='word_1_251' title='bbox 628 2301 724 2332; x_wconf 91' lang='lat' dir='ltr'>multi</span> <span class='ocrx_word' id='word_1_252' title='bbox 756 2301 798 2332; x_wconf 86' lang='lat' dir='ltr'>ad</span> <span class='ocrx_word' id='word_1_253' title='bbox 829 2303 920 2333; x_wconf 76' lang='lat' dir='ltr'>hunc</span> 
     </span>
     <span class='ocr_line' id='line_1_45' title="bbox 214 2344 920 2389; baseline -0.004 -9"><span class='ocrx_word' id='word_1_254' title='bbox 214 2349 412 2389; x_wconf 79' lang='lat' dir='ltr'>Pompeium</span> <span class='ocrx_word' id='word_1_255' title='bbox 443 2345 476 2377; x_wconf 91' lang='lat' dir='ltr'>in</span> <span class='ocrx_word' id='word_1_256' title='bbox 512 2344 717 2386; x_wconf 86' lang='lat' dir='ltr'>Hispaniam</span> <span class='ocrx_word' id='word_1_257' title='bbox 755 2345 920 2386; x_wconf 84' lang='lat' dir='ltr'>sugerunt.</span> 
     </span>
     <span class='ocr_line' id='line_1_46' title="bbox 215 2388 919 2431; baseline -0.006 -8"><span class='ocrx_word' id='word_1_258' title='bbox 215 2392 260 2423; x_wconf 85' lang='lat' dir='ltr'>Et</span> <span class='ocrx_word' id='word_1_259' title='bbox 289 2390 337 2423; x_wconf 86' lang='lat' dir='ltr'>sic</span> <span class='ocrx_word' id='word_1_260' title='bbox 369 2389 470 2422; x_wconf 88' lang='lat' dir='ltr'>vertit</span> <span class='ocrx_word' id='word_1_261' title='bbox 499 2388 919 2431; x_wconf 39' lang='lat' dir='ltr'>vagnerus—Deinde,</span> 
     </span>
     <span class='ocr_line' id='line_1_47' title="bbox 213 2432 920 2477; baseline -0.006 -10"><span class='ocrx_word' id='word_1_262' title='bbox 213 2435 294 2477; x_wconf 91' lang='lat' dir='ltr'>quid</span> <span class='ocrx_word' id='word_1_263' title='bbox 322 2435 472 2466; x_wconf 80' lang='lat' dir='ltr'>fecerunt</span> <span class='ocrx_word' id='word_1_264' title='bbox 510 2433 560 2469; x_wconf 87' lang='lat' dir='ltr'>hi.</span> <span class='ocrx_word' id='word_1_265' title='bbox 588 2432 647 2474; x_wconf 91' lang='lat' dir='ltr'>qui</span> <span class='ocrx_word' id='word_1_266' title='bbox 683 2432 920 2474; x_wconf 79' lang='lat' dir='ltr'>profugerant?</span> 
     </span>
     <span class='ocr_line' id='line_1_48' title="bbox 215 2477 923 2520; baseline -0.004 -9"><span class='ocrx_word' id='word_1_267' title='bbox 215 2479 290 2511; x_wconf 87' lang='lat' dir='ltr'>Non</span> <span class='ocrx_word' id='word_1_268' title='bbox 307 2478 460 2520; x_wconf 86' lang='lat' dir='ltr'>sequitur</span> <span class='ocrx_word' id='word_1_269' title='bbox 474 2477 625 2516; x_wconf 89' lang='lat' dir='ltr'>verbum,</span> <span class='ocrx_word' id='word_1_270' title='bbox 646 2477 739 2518; x_wconf 93' lang='lat' dir='ltr'>quod</span> <span class='ocrx_word' id='word_1_271' title='bbox 763 2477 923 2508; x_wconf 82' lang='lat' dir='ltr'>reseratur</span> 
     </span>
     <span class='ocr_line' id='line_1_49' title="bbox 214 2519 923 2564; baseline -0.006 -10"><span class='ocrx_word' id='word_1_272' title='bbox 214 2524 256 2554; x_wconf 86' lang='lat' dir='ltr'>ad</span> <span class='ocrx_word' id='word_1_273' title='bbox 281 2523 355 2559; x_wconf 82' lang='lat' dir='ltr'>hos,</span> <span class='ocrx_word' id='word_1_274' title='bbox 377 2522 434 2564; x_wconf 91' lang='lat' dir='ltr'>qui</span> <span class='ocrx_word' id='word_1_275' title='bbox 459 2523 685 2563; x_wconf 78' lang='lat' dir='ltr'>profugerant,</span> <span class='ocrx_word' id='word_1_276' title='bbox 708 2519 923 2562; x_wconf 84' lang='lat' dir='ltr'>positumque</span> 
     </span>
     <span class='ocr_line' id='line_1_50' title="bbox 215 2563 923 2604; baseline -0.007 -5"><span class='ocrx_word' id='word_1_277' title='bbox 215 2573 266 2599; x_wconf 88' lang='lat' dir='ltr'>est</span> <span class='ocrx_word' id='word_1_278' title='bbox 282 2567 349 2598; x_wconf 90' lang='lat' dir='ltr'>hoc</span> <span class='ocrx_word' id='word_1_279' title='bbox 361 2576 495 2598; x_wconf 85' lang='lat' dir='ltr'>comma</span> <span class='ocrx_word' id='word_1_280' title='bbox 509 2565 579 2597; x_wconf 91' lang='lat' dir='ltr'>sine</span> <span class='ocrx_word' id='word_1_281' title='bbox 594 2575 693 2597; x_wconf 87' lang='lat' dir='ltr'>nexu.</span> <span class='ocrx_word' id='word_1_282' title='bbox 731 2563 819 2595; x_wconf 87' lang='lat' dir='ltr'>Nam</span> <span class='ocrx_word' id='word_1_283' title='bbox 832 2565 923 2604; x_wconf 86' lang='lat' dir='ltr'>quod</span> 
     </span>
     <span class='ocr_line' id='line_1_51' title="bbox 216 2607 924 2651; baseline -0.007 -9"><span class='ocrx_word' id='word_1_284' title='bbox 216 2611 300 2643; x_wconf 89' lang='lat' dir='ltr'>infra</span> <span class='ocrx_word' id='word_1_285' title='bbox 316 2610 468 2651; x_wconf 90' lang='lat' dir='ltr'>sequitur</span> <span class='ocrx_word' id='word_1_286' title='bbox 482 2614 626 2648; x_wconf 53' lang='lat' dir='ltr'>vastare,</span> <span class='ocrx_word' id='word_1_287' title='bbox 650 2608 684 2640; x_wconf 91' lang='lat' dir='ltr'>id</span> <span class='ocrx_word' id='word_1_288' title='bbox 706 2617 774 2639; x_wconf 84' lang='lat' dir='ltr'>non</span> <span class='ocrx_word' id='word_1_289' title='bbox 790 2607 832 2638; x_wconf 90' lang='lat' dir='ltr'>ad</span> <span class='ocrx_word' id='word_1_290' title='bbox 852 2607 924 2646; x_wconf 83' lang='lat' dir='ltr'>lios,</span> 
     </span>
     <span class='ocr_line' id='line_1_52' title="bbox 215 2651 923 2696; baseline -0.007 -9"><span class='ocrx_word' id='word_1_291' title='bbox 215 2656 273 2687; x_wconf 88' lang='lat' dir='ltr'>sed</span> <span class='ocrx_word' id='word_1_292' title='bbox 289 2655 399 2696; x_wconf 91' lang='lat' dir='ltr'>ipsum</span> <span class='ocrx_word' id='word_1_293' title='bbox 417 2653 617 2694; x_wconf 87' lang='lat' dir='ltr'>Pompeium</span> <span class='ocrx_word' id='word_1_294' title='bbox 635 2651 923 2694; x_wconf 86' lang='lat' dir='ltr'>pertinet.—De-</span> 
     </span>
     <span class='ocr_line' id='line_1_53' title="bbox 215 2694 923 2739; baseline -0.006 -9"><span class='ocrx_word' id='word_1_295' title='bbox 215 2698 330 2739; x_wconf 85' lang='lat' dir='ltr'>nique,</span> <span class='ocrx_word' id='word_1_296' title='bbox 351 2708 421 2739; x_wconf 88' lang='lat' dir='ltr'>quo</span> <span class='ocrx_word' id='word_1_297' title='bbox 445 2696 547 2728; x_wconf 84' lang='lat' dir='ltr'>utitur</span> <span class='ocrx_word' id='word_1_298' title='bbox 568 2694 787 2738; x_wconf 79' lang='lat' dir='ltr'>conjunctivo</span> <span class='ocrx_word' id='word_1_299' title='bbox 808 2695 923 2736; x_wconf 79' lang='lat' dir='ltr'>profu-</span> 
     </span>
     <span class='ocr_line' id='line_1_54' title="bbox 216 2739 921 2782; baseline -0.004 -10"><span class='ocrx_word' id='word_1_300' title='bbox 216 2745 352 2782; x_wconf 44' lang='lat' dir='ltr'>‚qest-ent,</span> <span class='ocrx_word' id='word_1_301' title='bbox 375 2741 408 2772; x_wconf 90' lang='lat' dir='ltr'>id</span> <span class='ocrx_word' id='word_1_302' title='bbox 431 2751 522 2782; x_wconf 73' lang='lat' dir='ltr'>saepe</span> <span class='ocrx_word' id='word_1_303' title='bbox 545 2741 580 2772; x_wconf 86' lang='lat' dir='ltr'>fit</span> <span class='ocrx_word' id='word_1_304' title='bbox 602 2740 646 2772; x_wconf 87' lang='lat' dir='ltr'>ab</span> <span class='ocrx_word' id='word_1_305' title='bbox 670 2740 735 2771; x_wconf 82' lang='lat' dir='ltr'>hoc</span> <span class='ocrx_word' id='word_1_306' title='bbox 755 2739 921 2780; x_wconf 85' lang='lat' dir='ltr'>scriptore</span> 
     </span>
     <span class='ocr_line' id='line_1_55' title="bbox 218 2784 923 2825; baseline -0.006 -8"><span class='ocrx_word' id='word_1_307' title='bbox 218 2786 282 2817; x_wconf 92' lang='lat' dir='ltr'>hoc</span> <span class='ocrx_word' id='word_1_308' title='bbox 307 2786 422 2822; x_wconf 87' lang='lat' dir='ltr'>modo,</span> <span class='ocrx_word' id='word_1_309' title='bbox 443 2785 497 2824; x_wconf 93' lang='lat' dir='ltr'>(ut</span> <span class='ocrx_word' id='word_1_310' title='bbox 519 2795 549 2816; x_wconf 89' lang='lat' dir='ltr'>c.</span> <span class='ocrx_word' id='word_1_311' title='bbox 579 2786 628 2816; x_wconf 82' lang='lat'>13.</span> <span class='ocrx_word' id='word_1_312' title='bbox 659 2784 806 2825; x_wconf 69' lang='lat' dir='ltr'>ralqius,</span> <span class='ocrx_word' id='word_1_313' title='bbox 827 2785 923 2823; x_wconf 71' lang='lat' dir='ltr'>cnjus</span> 
     </span>
     <span class='ocr_line' id='line_1_56' title="bbox 207 2828 924 2870; baseline -0.006 -10"><span class='ocrx_word' id='word_1_314' title='bbox 207 2829 320 2870; x_wconf 77' lang='lat' dir='ltr'>frater</span> <span class='ocrx_word' id='word_1_315' title='bbox 343 2831 377 2859; x_wconf 83' lang='lat' dir='ltr'>in</span> <span class='ocrx_word' id='word_1_316' title='bbox 399 2830 514 2860; x_wconf 64' lang='lat' dir='ltr'>castris</span> <span class='ocrx_word' id='word_1_317' title='bbox 524 2828 654 2869; x_wconf 77' lang='lat' dir='ltr'>fuisset.</span> <span class='ocrx_word' id='word_1_318' title='bbox 677 2838 707 2858; x_wconf 85' lang='lat' dir='ltr'>c.</span> <span class='ocrx_word' id='word_1_319' title='bbox 735 2829 785 2859; x_wconf 83' lang='lat'>19.</span> <span class='ocrx_word' id='word_1_320' title='bbox 808 2828 924 2864; x_wconf 61' lang='lat' dir='ltr'>turris,</span> 
     </span>
     <span class='ocr_line' id='line_1_57' title="bbox 215 2872 923 2915; baseline -0.004 -12"><span class='ocrx_word' id='word_1_321' title='bbox 215 2883 294 2915; x_wconf 62' lang='grc' dir='ltr'><strong><em>(μαι)</em></strong></span> <span class='ocrx_word' id='word_1_322' title='bbox 307 2872 559 2912; x_wconf 60' lang='lat' dir='ltr'>nostr-afuisset.</span> <span class='ocrx_word' id='word_1_323' title='bbox 583 2883 614 2903; x_wconf 90' lang='lat' dir='ltr'>c.</span> <span class='ocrx_word' id='word_1_324' title='bbox 631 2874 684 2902; x_wconf 73' lang='lat'>32.</span> <span class='ocrx_word' id='word_1_325' title='bbox 733 2872 923 2912; x_wconf 79' lang='lat' dir='ltr'>Pompeius,</span> 
     </span>
     <span class='ocr_line' id='line_1_58' title="bbox 213 2914 920 2960; baseline -0.003 -12"><span class='ocrx_word' id='word_1_326' title='bbox 213 2919 273 2960; x_wconf 77' lang='lat' dir='ltr'>qui</span> <span class='ocrx_word' id='word_1_327' title='bbox 291 2915 608 2958; x_wconf 65' lang='lat' dir='ltr'>Cordubaesut&#39;sset.)</span> <span class='ocrx_word' id='word_1_328' title='bbox 621 2914 682 2948; x_wconf 91' lang='lat' dir='ltr'>ubi</span> <span class='ocrx_word' id='word_1_329' title='bbox 698 2914 790 2949; x_wconf 84' lang='lat' dir='ltr'>nulla</span> <span class='ocrx_word' id='word_1_330' title='bbox 805 2924 920 2948; x_wconf 79' lang='lat' dir='ltr'>caussa</span> 
     </span>
    </p>
   </div>
   <div class='ocr_carea' id='block_1_8' title="bbox 985 896 1702 2948">
    <p class='ocr_par' dir='ltr' id='par_1_9' title="bbox 985 896 1702 1508">
     <span class='ocr_line' id='line_1_59' title="bbox 991 896 1699 940; baseline -0.001 -11"><span class='ocrx_word' id='word_1_331' title='bbox 991 898 1198 940; x_wconf 81' lang='lat' dir='ltr'>conjunctivi</span> <span class='ocrx_word' id='word_1_332' title='bbox 1227 898 1411 940; x_wconf 87' lang='lat' dir='ltr'>usurpandi</span> <span class='ocrx_word' id='word_1_333' title='bbox 1435 898 1587 939; x_wconf 83' lang='lat' dir='ltr'>adparet.</span> <span class='ocrx_word' id='word_1_334' title='bbox 1630 896 1699 928; x_wconf 85' lang='lat' dir='ltr'>Ex-</span> 
     </span>
     <span class='ocr_line' id='line_1_60' title="bbox 993 941 1699 984; baseline -0.003 -11"><span class='ocrx_word' id='word_1_335' title='bbox 993 943 1105 984; x_wconf 76' lang='lat' dir='ltr'>empla</span> <span class='ocrx_word' id='word_1_336' title='bbox 1121 942 1290 974; x_wconf 68' lang='lat' dir='ltr'>(lellarius</span> <span class='ocrx_word' id='word_1_337' title='bbox 1313 944 1354 974; x_wconf 86' lang='lat' dir='ltr'>ad</span> <span class='ocrx_word' id='word_1_338' title='bbox 1378 953 1410 974; x_wconf 90' lang='lat' dir='ltr'>c.</span> <span class='ocrx_word' id='word_1_339' title='bbox 1431 944 1478 972; x_wconf 85' lang='lat' dir='ltr'>ll.</span> <span class='ocrx_word' id='word_1_340' title='bbox 1495 941 1699 983; x_wconf 80' lang='lat' dir='ltr'>conlegerat.</span> 
     </span>
     <span class='ocr_line' id='line_1_61' title="bbox 994 986 1702 1028; baseline -0.003 -11"><span class='ocrx_word' id='word_1_341' title='bbox 994 987 1043 1017; x_wconf 88' lang='grc' dir='ltr'>Μ.</span> <span class='ocrx_word' id='word_1_342' title='bbox 1089 986 1211 1018; x_wconf 86' lang='lat' dir='ltr'>Clarke</span> <span class='ocrx_word' id='word_1_343' title='bbox 1228 986 1378 1028; x_wconf 88' lang='lat' dir='ltr'>snbpleri</span> <span class='ocrx_word' id='word_1_344' title='bbox 1393 986 1465 1017; x_wconf 83' lang='lat' dir='ltr'>vult</span> <span class='ocrx_word' id='word_1_345' title='bbox 1482 996 1560 1017; x_wconf 82' lang='lat' dir='ltr'>cum</span> <span class='ocrx_word' id='word_1_346' title='bbox 1570 986 1623 1023; x_wconf 68' lang='lat' dir='ltr'>iis,</span> <span class='ocrx_word' id='word_1_347' title='bbox 1639 986 1702 1026; x_wconf 79' lang='lat' dir='ltr'>qm&#39;</span> 
     </span>
     <span class='ocr_line' id='line_1_62' title="bbox 993 1028 1700 1072; baseline -0.003 -11"><span class='ocrx_word' id='word_1_348' title='bbox 993 1047 1037 1052; x_wconf 94' lang='lat'><strong>—</strong></span> <span class='ocrx_word' id='word_1_349' title='bbox 1050 1031 1281 1072; x_wconf 58' lang='lat' dir='ltr'>profanissent.</span> <span class='ocrx_word' id='word_1_350' title='bbox 1351 1030 1512 1062; x_wconf 85' lang='lat' dir='ltr'>Gruterus</span> <span class='ocrx_word' id='word_1_351' title='bbox 1550 1028 1582 1060; x_wconf 91' lang='lat' dir='ltr'>in</span> <span class='ocrx_word' id='word_1_352' title='bbox 1620 1028 1700 1060; x_wconf 89' lang='lat' dir='ltr'>cod.</span> 
     </span>
     <span class='ocr_line' id='line_1_63' title="bbox 994 1072 1698 1107; baseline -0.003 -2"><span class='ocrx_word' id='word_1_353' title='bbox 994 1075 1108 1106; x_wconf 81' lang='lat' dir='ltr'>Petav.</span> <span class='ocrx_word' id='word_1_354' title='bbox 1137 1074 1265 1105; x_wconf 82' lang='lat' dir='ltr'>invenit</span> <span class='ocrx_word' id='word_1_355' title='bbox 1290 1085 1368 1107; x_wconf 79' lang='lat' dir='ltr'>cum</span> <span class='ocrx_word' id='word_1_356' title='bbox 1393 1075 1488 1106; x_wconf 77' lang='lat' dir='ltr'>multi</span> <span class='ocrx_word' id='word_1_357' title='bbox 1516 1084 1568 1105; x_wconf 67' lang='lat' dir='ltr'>ez.</span> <span class='ocrx_word' id='word_1_358' title='bbox 1620 1072 1698 1104; x_wconf 83' lang='lat' dir='ltr'>Hoc</span> 
     </span>
     <span class='ocr_line' id='line_1_64' title="bbox 992 1116 1699 1160; baseline -0.001 -12"><span class='ocrx_word' id='word_1_359' title='bbox 992 1130 1055 1160; x_wconf 80' lang='lat' dir='ltr'>ego</span> <span class='ocrx_word' id='word_1_360' title='bbox 1093 1118 1328 1159; x_wconf 79' lang='lat' dir='ltr'>recipiendum</span> <span class='ocrx_word' id='word_1_361' title='bbox 1366 1124 1400 1149; x_wconf 88' lang='lat' dir='ltr'>et</span> <span class='ocrx_word' id='word_1_362' title='bbox 1437 1124 1544 1148; x_wconf 85' lang='lat' dir='ltr'>totum</span> <span class='ocrx_word' id='word_1_363' title='bbox 1582 1116 1699 1148; x_wconf 81' lang='lat' dir='ltr'>locum</span> 
     </span>
     <span class='ocr_line' id='line_1_65' title="bbox 993 1161 1698 1202; baseline -0.003 -9"><span class='ocrx_word' id='word_1_364' title='bbox 993 1161 1111 1202; x_wconf 85' lang='lat' dir='ltr'>paucis</span> <span class='ocrx_word' id='word_1_365' title='bbox 1126 1162 1262 1193; x_wconf 83' lang='lat' dir='ltr'>mutatis</span> <span class='ocrx_word' id='word_1_366' title='bbox 1278 1163 1324 1193; x_wconf 83' lang='lat' dir='ltr'>ita</span> <span class='ocrx_word' id='word_1_367' title='bbox 1347 1161 1573 1202; x_wconf 67' lang='lat' dir='ltr'>retingendum</span> <span class='ocrx_word' id='word_1_368' title='bbox 1590 1165 1673 1201; x_wconf 85' lang='lat' dir='ltr'>puto</span> <span class='ocrx_word' id='word_1_369' title='bbox 1689 1171 1698 1190; x_wconf 70' lang='grc' dir='ltr'><strong><em>ι</em></strong></span> 
     </span>
     <span class='ocr_line' id='line_1_66' title="bbox 991 1204 1700 1248; baseline -0.001 -12"><span class='ocrx_word' id='word_1_370' title='bbox 991 1217 1068 1236; x_wconf 79' lang='lat' dir='ltr'>cum</span> <span class='ocrx_word' id='word_1_371' title='bbox 1085 1208 1182 1236; x_wconf 75' lang='lat' dir='ltr'>multi</span> <span class='ocrx_word' id='word_1_372' title='bbox 1197 1216 1237 1235; x_wconf 61' lang='lat' dir='ltr'>ar</span> <span class='ocrx_word' id='word_1_373' title='bbox 1252 1209 1293 1237; x_wconf 69' lang='lat' dir='ltr'>iis</span> <span class='ocrx_word' id='word_1_374' title='bbox 1306 1207 1432 1248; x_wconf 57' lang='lat' dir='ltr'>proeliss</span> <span class='ocrx_word' id='word_1_375' title='bbox 1453 1205 1498 1235; x_wconf 80' lang='lat' dir='ltr'>ml</span> <span class='ocrx_word' id='word_1_376' title='bbox 1513 1204 1700 1236; x_wconf 74' lang='lat' dir='ltr'>adolescen-</span> 
     </span>
     <span class='ocr_line' id='line_1_67' title="bbox 990 1248 1702 1291; baseline -0.001 -11"><span class='ocrx_word' id='word_1_377' title='bbox 990 1255 1053 1280; x_wconf 64' lang='lat' dir='ltr'>tvm</span> <span class='ocrx_word' id='word_1_378' title='bbox 1086 1252 1146 1280; x_wconf 84' lang='lat' dir='ltr'>Cn.</span> <span class='ocrx_word' id='word_1_379' title='bbox 1172 1251 1366 1291; x_wconf 63' lang='lat' dir='ltr'>Pompeium</span> <span class='ocrx_word' id='word_1_380' title='bbox 1386 1248 1620 1290; x_wconf 63' lang='grc' dir='ltr'>Ῑηηῆιῃίκεαιί,</span> <span class='ocrx_word' id='word_1_381' title='bbox 1641 1248 1702 1289; x_wconf 69' lang='lat' dir='ltr'>qui</span> 
     </span>
     <span class='ocr_line' id='line_1_68' title="bbox 990 1293 1698 1333; baseline -0.004 -9"><span class='ocrx_word' id='word_1_382' title='bbox 990 1295 1154 1325; x_wconf 64' lang='lat' dir='ltr'>ulterior-is·</span> <span class='ocrx_word' id='word_1_383' title='bbox 1174 1294 1223 1323; x_wconf 91' lang='lat' dir='ltr'>H.</span> <span class='ocrx_word' id='word_1_384' title='bbox 1235 1295 1353 1333; x_wconf 76' lang='lat' dir='ltr'>politus</span> <span class='ocrx_word' id='word_1_385' title='bbox 1363 1297 1455 1330; x_wconf 66' lang='lat' dir='ltr'>esset,</span> <span class='ocrx_word' id='word_1_386' title='bbox 1474 1293 1587 1324; x_wconf 69' lang='lat' dir='ltr'>Caesar</span> <span class='ocrx_word' id='word_1_387' title='bbox 1600 1300 1698 1322; x_wconf 83' lang='lat' dir='ltr'>mun.</span> 
     </span>
     <span class='ocr_line' id='line_1_69' title="bbox 991 1335 1701 1376; baseline -0.001 -9"><span class='ocrx_word' id='word_1_388' title='bbox 991 1337 1114 1368; x_wconf 72' lang='lat' dir='ltr'>dandis</span> <span class='ocrx_word' id='word_1_389' title='bbox 1142 1339 1173 1366; x_wconf 78' lang='lat' dir='ltr'>in</span> <span class='ocrx_word' id='word_1_390' title='bbox 1203 1337 1244 1366; x_wconf 80' lang='grc' dir='ltr'>ΙΙ.</span> <span class='ocrx_word' id='word_1_391' title='bbox 1289 1337 1465 1367; x_wconf 61' lang='lat' dir='ltr'>destruetur.</span> <span class='ocrx_word' id='word_1_392' title='bbox 1512 1335 1701 1376; x_wconf 70' lang='lat' dir='ltr'>Pompeius,</span> 
     </span>
     <span class='ocr_line' id='line_1_70' title="bbox 991 1379 1701 1421; baseline 0 -12"><span class='ocrx_word' id='word_1_393' title='bbox 991 1391 1055 1421; x_wconf 78' lang='lat' dir='ltr'>quo</span> <span class='ocrx_word' id='word_1_394' title='bbox 1065 1381 1139 1421; x_wconf 79' lang='lat' dir='ltr'>sac.</span> <span class='ocrx_word' id='word_1_395' title='bbox 1152 1381 1313 1421; x_wconf 56' lang='lat' dir='ltr'>prce-§Idm</span> <span class='ocrx_word' id='word_1_396' title='bbox 1331 1385 1448 1412; x_wconf 72' lang='lat' dir='ltr'>contra</span> <span class='ocrx_word' id='word_1_397' title='bbox 1462 1379 1597 1415; x_wconf 72' lang='lat' dir='ltr'>(istum)</span> <span class='ocrx_word' id='word_1_398' title='bbox 1612 1388 1701 1410; x_wconf 72' lang='lat' dir='ltr'>cm-</span> 
     </span>
     <span class='ocr_line' id='line_1_71' title="bbox 985 1422 1698 1465; baseline 0 -12"><span class='ocrx_word' id='word_1_399' title='bbox 985 1429 1143 1465; x_wconf 71' lang='lat' dir='ltr'>poraret,</span> <span class='ocrx_word' id='word_1_400' title='bbox 1168 1426 1199 1455; x_wconf 82' lang='lat' dir='ltr'>in</span> <span class='ocrx_word' id='word_1_401' title='bbox 1218 1424 1320 1463; x_wconf 61' lang='lat' dir='ltr'>fiulem</span> <span class='ocrx_word' id='word_1_402' title='bbox 1341 1434 1399 1455; x_wconf 80' lang='lat' dir='ltr'>un.</span> <span class='ocrx_word' id='word_1_403' title='bbox 1415 1425 1477 1454; x_wconf 73' lang='lat' dir='ltr'>cir.</span> <span class='ocrx_word' id='word_1_404' title='bbox 1493 1422 1579 1463; x_wconf 70' lang='lat' dir='ltr'>conf.</span> <span class='ocrx_word' id='word_1_405' title='bbox 1593 1423 1698 1465; x_wconf 57' lang='lat' dir='ltr'>coefa’t.</span> 
     </span>
     <span class='ocr_line' id='line_1_72' title="bbox 992 1465 1633 1508; baseline -0.002 -10"><span class='ocrx_word' id='word_1_406' title='bbox 992 1468 1039 1498; x_wconf 88' lang='lat' dir='ltr'>lta</span> <span class='ocrx_word' id='word_1_407' title='bbox 1059 1477 1124 1498; x_wconf 84' lang='lat' dir='ltr'>non</span> <span class='ocrx_word' id='word_1_408' title='bbox 1139 1467 1289 1508; x_wconf 77' lang='lat' dir='ltr'>amplius</span> <span class='ocrx_word' id='word_1_409' title='bbox 1303 1467 1367 1499; x_wconf 90' lang='lat' dir='ltr'>erit</span> <span class='ocrx_word' id='word_1_410' title='bbox 1381 1466 1498 1498; x_wconf 88' lang='lat' dir='ltr'>hiulca</span> <span class='ocrx_word' id='word_1_411' title='bbox 1513 1465 1633 1498; x_wconf 84' lang='lat' dir='ltr'>oratio.</span> 
     </span>
    </p>

    <p class='ocr_par' dir='ltr' id='par_1_10' title="bbox 987 1509 1702 2069">
     <span class='ocr_line' id='line_1_73' title="bbox 1039 1509 1699 1552; baseline 0.002 -11"><span class='ocrx_word' id='word_1_412' title='bbox 1039 1514 1101 1542; x_wconf 85' lang='grc' dir='ltr'>(ἠ.</span> <span class='ocrx_word' id='word_1_413' title='bbox 1121 1512 1290 1552; x_wconf 55' lang='lat' dir='ltr'>Pompeio.</span> <span class='ocrx_word' id='word_1_414' title='bbox 1331 1511 1409 1547; x_wconf 88' lang='lat' dir='ltr'>llic,</span> <span class='ocrx_word' id='word_1_415' title='bbox 1427 1510 1528 1542; x_wconf 70' lang='lat' dir='ltr'>taedio</span> <span class='ocrx_word' id='word_1_416' title='bbox 1544 1510 1592 1542; x_wconf 89' lang='lat' dir='ltr'>rei</span> <span class='ocrx_word' id='word_1_417' title='bbox 1605 1509 1699 1542; x_wconf 65' lang='lat' dir='ltr'>abae</span> 
     </span>
     <span class='ocr_line' id='line_1_74' title="bbox 992 1553 1702 1595; baseline 0 -10"><span class='ocrx_word' id='word_1_418' title='bbox 992 1554 1079 1587; x_wconf 87' lang='lat' dir='ltr'>male</span> <span class='ocrx_word' id='word_1_419' title='bbox 1091 1561 1205 1595; x_wconf 55' lang='lat' dir='ltr'>gestau</span> <span class='ocrx_word' id='word_1_420' title='bbox 1219 1555 1331 1586; x_wconf 79' lang='lat' dir='ltr'>Africa</span> <span class='ocrx_word' id='word_1_421' title='bbox 1347 1555 1478 1592; x_wconf 81' lang='lat' dir='ltr'>relicta,</span> <span class='ocrx_word' id='word_1_422' title='bbox 1488 1555 1531 1586; x_wconf 77' lang='lat' dir='ltr'>ad</span> <span class='ocrx_word' id='word_1_423' title='bbox 1545 1553 1702 1585; x_wconf 72' lang='lat' dir='ltr'>Baleares</span> 
     </span>
     <span class='ocr_line' id='line_1_75' title="bbox 994 1597 1701 1638; baseline -0.001 -9"><span class='ocrx_word' id='word_1_424' title='bbox 994 1599 1121 1630; x_wconf 80' lang='lat' dir='ltr'>insulas</span> <span class='ocrx_word' id='word_1_425' title='bbox 1137 1611 1171 1630; x_wconf 79' lang='lat' dir='ltr'>se</span> <span class='ocrx_word' id='word_1_426' title='bbox 1184 1606 1389 1631; x_wconf 83' lang='lat' dir='ltr'>converterat</span> <span class='ocrx_word' id='word_1_427' title='bbox 1403 1599 1460 1638; x_wconf 89' lang='lat' dir='ltr'>(B.</span> <span class='ocrx_word' id='word_1_428' title='bbox 1478 1598 1547 1629; x_wconf 80' lang='lat' dir='ltr'>Ast.</span> <span class='ocrx_word' id='word_1_429' title='bbox 1560 1601 1614 1629; x_wconf 78' lang='lat'>22.</span> <span class='ocrx_word' id='word_1_430' title='bbox 1629 1597 1701 1637; x_wconf 73' lang='lat'>28),</span> 
     </span>
     <span class='ocr_line' id='line_1_76' title="bbox 995 1641 1700 1685; baseline 0.001 -12"><span class='ocrx_word' id='word_1_431' title='bbox 995 1649 1030 1674; x_wconf 88' lang='lat' dir='ltr'>ut</span> <span class='ocrx_word' id='word_1_432' title='bbox 1056 1643 1231 1684; x_wconf 79' lang='lat' dir='ltr'>Ilispaniae</span> <span class='ocrx_word' id='word_1_433' title='bbox 1256 1644 1380 1685; x_wconf 84' lang='lat' dir='ltr'>opibus</span> <span class='ocrx_word' id='word_1_434' title='bbox 1403 1648 1563 1680; x_wconf 86' lang='lat' dir='ltr'>uteretur,</span> <span class='ocrx_word' id='word_1_435' title='bbox 1586 1641 1700 1684; x_wconf 80' lang='lat' dir='ltr'>inqua</span> 
     </span>
     <span class='ocr_line' id='line_1_77' title="bbox 992 1687 1699 1728; baseline 0 -11"><span class='ocrx_word' id='word_1_436' title='bbox 992 1687 1149 1727; x_wconf 85' lang='lat' dir='ltr'>permulti</span> <span class='ocrx_word' id='word_1_437' title='bbox 1167 1687 1368 1728; x_wconf 83' lang='lat' dir='ltr'>Pompeiani</span> <span class='ocrx_word' id='word_1_438' title='bbox 1381 1691 1587 1728; x_wconf 80' lang='lat' dir='ltr'>supererant,</span> <span class='ocrx_word' id='word_1_439' title='bbox 1598 1691 1699 1728; x_wconf 86' lang='lat' dir='ltr'>atque</span> 
     </span>
     <span class='ocr_line' id='line_1_78' title="bbox 990 1731 1701 1762; baseline 0 -1"><span class='ocrx_word' id='word_1_440' title='bbox 990 1731 1092 1761; x_wconf 89' lang='lat' dir='ltr'>etiam</span> <span class='ocrx_word' id='word_1_441' title='bbox 1109 1731 1276 1762; x_wconf 81' lang='lat' dir='ltr'>exercitus</span> <span class='ocrx_word' id='word_1_442' title='bbox 1291 1737 1407 1762; x_wconf 85' lang='lat' dir='ltr'>contra</span> <span class='ocrx_word' id='word_1_443' title='bbox 1421 1732 1589 1762; x_wconf 82' lang='lat' dir='ltr'>Caesarem</span> <span class='ocrx_word' id='word_1_444' title='bbox 1604 1739 1701 1761; x_wconf 88' lang='lat' dir='ltr'>com·</span> 
     </span>
     <span class='ocr_line' id='line_1_79' title="bbox 991 1772 1697 1814; baseline -0.001 -9"><span class='ocrx_word' id='word_1_445' title='bbox 991 1774 1180 1814; x_wconf 83' lang='lat' dir='ltr'>parabatur.</span> <span class='ocrx_word' id='word_1_446' title='bbox 1225 1775 1288 1806; x_wconf 87' lang='lat' dir='ltr'>Sed</span> <span class='ocrx_word' id='word_1_447' title='bbox 1313 1774 1433 1806; x_wconf 89' lang='lat' dir='ltr'>morbo</span> <span class='ocrx_word' id='word_1_448' title='bbox 1456 1779 1641 1814; x_wconf 84' lang='lat' dir='ltr'>conreptus</span> <span class='ocrx_word' id='word_1_449' title='bbox 1665 1772 1697 1804; x_wconf 88' lang='lat' dir='ltr'>in</span> 
     </span>
     <span class='ocr_line' id='line_1_80' title="bbox 991 1817 1699 1859; baseline 0.003 -11"><span class='ocrx_word' id='word_1_450' title='bbox 991 1817 1109 1849; x_wconf 84' lang='lat' dir='ltr'>insulis</span> <span class='ocrx_word' id='word_1_451' title='bbox 1139 1817 1208 1849; x_wconf 86' lang='lat' dir='ltr'>illis</span> <span class='ocrx_word' id='word_1_452' title='bbox 1238 1817 1451 1859; x_wconf 78' lang='lat' dir='ltr'>aliquamdiu</span> <span class='ocrx_word' id='word_1_453' title='bbox 1483 1817 1606 1849; x_wconf 83' lang='lat' dir='ltr'>haerere</span> <span class='ocrx_word' id='word_1_454' title='bbox 1639 1828 1699 1850; x_wconf 89' lang='lat' dir='ltr'>co-</span> 
     </span>
     <span class='ocr_line' id='line_1_81' title="bbox 988 1861 1698 1903; baseline 0 -11"><span class='ocrx_word' id='word_1_455' title='bbox 988 1868 1082 1893; x_wconf 90' lang='lat' dir='ltr'>actus</span> <span class='ocrx_word' id='word_1_456' title='bbox 1105 1867 1166 1893; x_wconf 89' lang='lat' dir='ltr'>est.</span> <span class='ocrx_word' id='word_1_457' title='bbox 1227 1864 1257 1894; x_wconf 82' lang='lat' dir='ltr'>A</span> <span class='ocrx_word' id='word_1_458' title='bbox 1281 1873 1348 1903; x_wconf 90' lang='lat' dir='ltr'>quo</span> <span class='ocrx_word' id='word_1_459' title='bbox 1376 1861 1496 1893; x_wconf 90' lang='lat' dir='ltr'>morbo</span> <span class='ocrx_word' id='word_1_460' title='bbox 1521 1867 1698 1902; x_wconf 78' lang='lat' dir='ltr'>postquam</span> 
     </span>
     <span class='ocr_line' id='line_1_82' title="bbox 989 1903 1699 1947; baseline -0.001 -10"><span class='ocrx_word' id='word_1_461' title='bbox 989 1906 1220 1944; x_wconf 86' lang='lat' dir='ltr'>convaluerat,</span> <span class='ocrx_word' id='word_1_462' title='bbox 1242 1906 1275 1937; x_wconf 88' lang='lat' dir='ltr'>in</span> <span class='ocrx_word' id='word_1_463' title='bbox 1295 1906 1498 1947; x_wconf 82' lang='lat' dir='ltr'>Hispaniam</span> <span class='ocrx_word' id='word_1_464' title='bbox 1513 1903 1617 1944; x_wconf 87' lang='lat' dir='ltr'>venit,</span> <span class='ocrx_word' id='word_1_465' title='bbox 1631 1911 1699 1936; x_wconf 83' lang='lat' dir='ltr'>est·</span> 
     </span>
     <span class='ocr_line' id='line_1_83' title="bbox 987 1948 1701 1991; baseline -0.001 -10"><span class='ocrx_word' id='word_1_466' title='bbox 987 1960 1054 1990; x_wconf 80' lang='lat' dir='ltr'>que</span> <span class='ocrx_word' id='word_1_467' title='bbox 1067 1950 1196 1991; x_wconf 83' lang='lat' dir='ltr'>magnis</span> <span class='ocrx_word' id='word_1_468' title='bbox 1204 1949 1382 1981; x_wconf 87' lang='lat' dir='ltr'>hominurn</span> <span class='ocrx_word' id='word_1_469' title='bbox 1391 1948 1513 1982; x_wconf 88' lang='lat' dir='ltr'>studiis</span> <span class='ocrx_word' id='word_1_470' title='bbox 1523 1954 1701 1990; x_wconf 78' lang='lat' dir='ltr'>exceptus,</span> 
     </span>
     <span class='ocr_line' id='line_1_84' title="bbox 989 1992 1698 2040; baseline -0.001 -15"><span class='ocrx_word' id='word_1_471' title='bbox 989 1999 1022 2024; x_wconf 91' lang='lat' dir='ltr'>et</span> <span class='ocrx_word' id='word_1_472' title='bbox 1039 1995 1225 2040; x_wconf 67' lang='lat' dir='ltr'>Imperator</span> <span class='ocrx_word' id='word_1_473' title='bbox 1239 1994 1416 2025; x_wconf 85' lang='lat' dir='ltr'>salutatus.</span> <span class='ocrx_word' id='word_1_474' title='bbox 1449 1992 1517 2024; x_wconf 90' lang='lat' dir='ltr'>Dio</span> <span class='ocrx_word' id='word_1_475' title='bbox 1532 1992 1629 2024; x_wconf 81' lang='lat' dir='ltr'>Cass.</span> <span class='ocrx_word' id='word_1_476' title='bbox 1642 1995 1698 2031; x_wconf 79' lang='lat'>43,</span> 
     </span>
     <span class='ocr_line' id='line_1_85' title="bbox 990 2039 1189 2069; baseline 0.005 -1"><span class='ocrx_word' id='word_1_477' title='bbox 990 2040 1043 2068; x_wconf 70' lang='lat'>29.</span> <span class='ocrx_word' id='word_1_478' title='bbox 1061 2040 1113 2069; x_wconf 83' lang='lat'>30.</span> <span class='ocrx_word' id='word_1_479' title='bbox 1138 2039 1189 2069; x_wconf 90' lang='lat' dir='ltr'>M.</span> 
     </span>
    </p>

    <p class='ocr_par' dir='ltr' id='par_1_11' title="bbox 990 2080 1701 2164">
     <span class='ocr_line' id='line_1_86' title="bbox 1039 2080 1701 2124; baseline 0.003 -12"><span class='ocrx_word' id='word_1_480' title='bbox 1039 2083 1208 2113; x_wconf 70' lang='lat' dir='ltr'>Ultor-ioris</span> <span class='ocrx_word' id='word_1_481' title='bbox 1226 2082 1401 2124; x_wconf 63' lang='lat' dir='ltr'>Hispaniae</span> <span class='ocrx_word' id='word_1_482' title='bbox 1411 2083 1543 2122; x_wconf 70' lang='lat' dir='ltr'>politus.</span> <span class='ocrx_word' id='word_1_483' title='bbox 1567 2080 1701 2122; x_wconf 82' lang='lat' dir='ltr'>Legen-</span> 
     </span>
     <span class='ocr_line' id='line_1_87' title="bbox 990 2125 1639 2164; baseline 0.003 -9"><span class='ocrx_word' id='word_1_484' title='bbox 990 2125 1051 2156; x_wconf 85' lang='lat' dir='ltr'>dus</span> <span class='ocrx_word' id='word_1_485' title='bbox 1066 2132 1116 2157; x_wconf 88' lang='lat' dir='ltr'>est</span> <span class='ocrx_word' id='word_1_486' title='bbox 1134 2125 1201 2157; x_wconf 85' lang='lat' dir='ltr'>Dio</span> <span class='ocrx_word' id='word_1_487' title='bbox 1217 2126 1312 2157; x_wconf 82' lang='lat' dir='ltr'>Cass.</span> <span class='ocrx_word' id='word_1_488' title='bbox 1331 2128 1384 2164; x_wconf 68' lang='lat'>43,</span> <span class='ocrx_word' id='word_1_489' title='bbox 1401 2127 1558 2157; x_wconf 78' lang='lat'>28—32.</span> <span class='ocrx_word' id='word_1_490' title='bbox 1586 2126 1639 2157; x_wconf 78' lang='lat' dir='ltr'>M.</span> 
     </span>
    </p>

    <p class='ocr_par' dir='ltr' id='par_1_12' title="bbox 988 2168 1696 2245">
     <span class='ocr_line' id='line_1_88' title="bbox 1034 2168 1696 2211; baseline 0 -11"><span class='ocrx_word' id='word_1_491' title='bbox 1034 2170 1233 2202; x_wconf 64' lang='lat' dir='ltr'>Muneribm</span> <span class='ocrx_word' id='word_1_492' title='bbox 1248 2170 1381 2202; x_wconf 69' lang='lat' dir='ltr'>dandis.</span> <span class='ocrx_word' id='word_1_493' title='bbox 1405 2168 1473 2200; x_wconf 82' lang='lat' dir='ltr'>vid.</span> <span class='ocrx_word' id='word_1_494' title='bbox 1486 2169 1529 2200; x_wconf 81' lang='lat' dir='ltr'>ad</span> <span class='ocrx_word' id='word_1_495' title='bbox 1544 2179 1619 2211; x_wconf 82' lang='lat' dir='ltr'>cap.</span> <span class='ocrx_word' id='word_1_496' title='bbox 1633 2169 1696 2201; x_wconf 87' lang='lat' dir='ltr'>ult.</span> 
     </span>
     <span class='ocr_line' id='line_1_89' title="bbox 988 2213 1249 2245; baseline 0 -2"><span class='ocrx_word' id='word_1_497' title='bbox 988 2213 1030 2243; x_wconf 89' lang='lat' dir='ltr'>de</span> <span class='ocrx_word' id='word_1_498' title='bbox 1047 2213 1085 2244; x_wconf 89' lang='lat' dir='ltr'>B.</span> <span class='ocrx_word' id='word_1_499' title='bbox 1102 2214 1172 2245; x_wconf 80' lang='lat' dir='ltr'>Asr.</span> <span class='ocrx_word' id='word_1_500' title='bbox 1197 2214 1249 2245; x_wconf 84' lang='lat' dir='ltr'>M.</span> 
     </span>
    </p>

    <p class='ocr_par' dir='ltr' id='par_1_13' title="bbox 987 2255 1697 2376">
     <span class='ocr_line' id='line_1_90' title="bbox 1035 2255 1696 2290; baseline 0 -2"><span class='ocrx_word' id='word_1_501' title='bbox 1035 2258 1226 2290; x_wconf 63' lang='lat' dir='ltr'>Detinetzcr.</span> <span class='ocrx_word' id='word_1_502' title='bbox 1249 2256 1357 2289; x_wconf 86' lang='lat' dir='ltr'>Codd.</span> <span class='ocrx_word' id='word_1_503' title='bbox 1374 2255 1470 2288; x_wconf 64' lang='lat' dir='ltr'>leid.</span> <span class='ocrx_word' id='word_1_504' title='bbox 1485 2257 1696 2289; x_wconf 71' lang='lat' dir='ltr'>detineretur.</span> 
     </span>
     <span class='ocr_line' id='line_1_91' title="bbox 990 2300 1697 2343; baseline 0.001 -12"><span class='ocrx_word' id='word_1_505' title='bbox 990 2300 1101 2332; x_wconf 86' lang='lat' dir='ltr'>minus</span> <span class='ocrx_word' id='word_1_506' title='bbox 1130 2301 1229 2333; x_wconf 90' lang='lat' dir='ltr'>bene.</span> <span class='ocrx_word' id='word_1_507' title='bbox 1276 2300 1346 2332; x_wconf 82' lang='lat' dir='ltr'>Alii</span> <span class='ocrx_word' id='word_1_508' title='bbox 1370 2301 1592 2333; x_wconf 68' lang='lat' dir='ltr'>distineretur.</span> <span class='ocrx_word' id='word_1_509' title='bbox 1619 2311 1697 2343; x_wconf 71' lang='lat' dir='ltr'>pes-</span> 
     </span>
     <span class='ocr_line' id='line_1_92' title="bbox 987 2355 1085 2376; baseline 0.01 -1"><span class='ocrx_word' id='word_1_510' title='bbox 987 2355 1085 2376; x_wconf 80' lang='lat' dir='ltr'>sime.</span> 
     </span>
    </p>

    <p class='ocr_par' dir='ltr' id='par_1_14' title="bbox 989 2387 1699 2597">
     <span class='ocr_line' id='line_1_93' title="bbox 1040 2387 1698 2432; baseline -0.002 -11"><span class='ocrx_word' id='word_1_511' title='bbox 1040 2390 1083 2421; x_wconf 82' lang='lat' dir='ltr'>ln</span> <span class='ocrx_word' id='word_1_512' title='bbox 1094 2389 1197 2429; x_wconf 78' lang='lat' dir='ltr'>fidem</span> <span class='ocrx_word' id='word_1_513' title='bbox 1210 2406 1252 2412; x_wconf 94' lang='lat'>—</span> <span class='ocrx_word' id='word_1_514' title='bbox 1263 2392 1373 2432; x_wconf 69' lang='lat' dir='ltr'>erepit.</span> <span class='ocrx_word' id='word_1_515' title='bbox 1414 2389 1457 2420; x_wconf 88' lang='lat' dir='ltr'>Et</span> <span class='ocrx_word' id='word_1_516' title='bbox 1473 2388 1538 2421; x_wconf 84' lang='lat' dir='ltr'>hoc</span> <span class='ocrx_word' id='word_1_517' title='bbox 1550 2399 1571 2421; x_wconf 83' lang='lat' dir='ltr'>a</span> <span class='ocrx_word' id='word_1_518' title='bbox 1587 2387 1698 2420; x_wconf 83' lang='lat' dir='ltr'>Dione</span> 
     </span>
     <span class='ocr_line' id='line_1_94' title="bbox 991 2431 1697 2473; baseline -0.001 -9"><span class='ocrx_word' id='word_1_519' title='bbox 991 2432 1110 2465; x_wconf 88' lang='lat' dir='ltr'>Cassio</span> <span class='ocrx_word' id='word_1_520' title='bbox 1125 2433 1340 2473; x_wconf 87' lang='lat' dir='ltr'>describitur,</span> <span class='ocrx_word' id='word_1_521' title='bbox 1357 2439 1391 2465; x_wconf 91' lang='lat' dir='ltr'>et</span> <span class='ocrx_word' id='word_1_522' title='bbox 1407 2432 1522 2465; x_wconf 88' lang='lat' dir='ltr'>Julius</span> <span class='ocrx_word' id='word_1_523' title='bbox 1534 2431 1697 2464; x_wconf 80' lang='lat' dir='ltr'>Celsusin</span> 
     </span>
     <span class='ocr_line' id='line_1_95' title="bbox 990 2476 1699 2518; baseline 0 -11"><span class='ocrx_word' id='word_1_524' title='bbox 990 2476 1059 2508; x_wconf 90' lang='lat' dir='ltr'>vita</span> <span class='ocrx_word' id='word_1_525' title='bbox 1075 2477 1159 2509; x_wconf 81' lang='lat' dir='ltr'>Caes.</span> <span class='ocrx_word' id='word_1_526' title='bbox 1188 2488 1221 2518; x_wconf 92' lang='lat' dir='ltr'>p.</span> <span class='ocrx_word' id='word_1_527' title='bbox 1247 2479 1323 2508; x_wconf 77' lang='lat'>238.</span> <span class='ocrx_word' id='word_1_528' title='bbox 1348 2476 1397 2508; x_wconf 86' lang='lat' dir='ltr'>sic</span> <span class='ocrx_word' id='word_1_529' title='bbox 1420 2476 1588 2518; x_wconf 85' lang='lat' dir='ltr'>loquitur:</span> <span class='ocrx_word' id='word_1_530' title='bbox 1619 2486 1699 2518; x_wconf 81' lang='lat' dir='ltr'>pre-</span> 
     </span>
     <span class='ocr_line' id='line_1_96' title="bbox 991 2520 1698 2562; baseline 0.001 -11"><span class='ocrx_word' id='word_1_531' title='bbox 991 2521 1110 2559; x_wconf 79' lang='lat' dir='ltr'>cando,</span> <span class='ocrx_word' id='word_1_532' title='bbox 1117 2521 1293 2561; x_wconf 77' lang='lat' dir='ltr'>fortunam</span> <span class='ocrx_word' id='word_1_533' title='bbox 1307 2532 1409 2552; x_wconf 65' lang='lat' dir='ltr'>meam</span> <span class='ocrx_word' id='word_1_534' title='bbox 1423 2520 1626 2559; x_wconf 73' lang='lat' dir='ltr'>miserando,</span> <span class='ocrx_word' id='word_1_535' title='bbox 1636 2530 1698 2562; x_wconf 76' lang='lat' dir='ltr'>pa·</span> 
     </span>
     <span class='ocr_line' id='line_1_97' title="bbox 989 2565 1565 2597; baseline -0.002 -1"><span class='ocrx_word' id='word_1_536' title='bbox 989 2567 1050 2596; x_wconf 72' lang='lat' dir='ltr'>tris</span> <span class='ocrx_word' id='word_1_537' title='bbox 1066 2567 1263 2597; x_wconf 75' lang='lat' dir='ltr'>memoriam</span> <span class='ocrx_word' id='word_1_538' title='bbox 1276 2565 1480 2597; x_wconf 71' lang='lat' dir='ltr'>renovando.</span> <span class='ocrx_word' id='word_1_539' title='bbox 1513 2565 1565 2596; x_wconf 82' lang='lat' dir='ltr'>M.</span> 
     </span>
    </p>

    <p class='ocr_par' dir='ltr' id='par_1_15' title="bbox 990 2607 1696 2814">
     <span class='ocr_line' id='line_1_98' title="bbox 1043 2607 1696 2646; baseline 0 -8"><span class='ocrx_word' id='word_1_540' title='bbox 1043 2608 1192 2640; x_wconf 63' lang='lat' dir='ltr'>fastai-v.</span> <span class='ocrx_word' id='word_1_541' title='bbox 1239 2607 1309 2646; x_wconf 79' lang='lat' dir='ltr'>Qui</span> <span class='ocrx_word' id='word_1_542' title='bbox 1334 2608 1367 2640; x_wconf 92' lang='lat' dir='ltr'>ni</span> <span class='ocrx_word' id='word_1_543' title='bbox 1390 2609 1502 2640; x_wconf 80' lang='lat' dir='ltr'>favere</span> <span class='ocrx_word' id='word_1_544' title='bbox 1523 2607 1696 2644; x_wconf 73' lang='lat' dir='ltr'>nolebant,</span> 
     </span>
     <span class='ocr_line' id='line_1_99' title="bbox 992 2650 1696 2693; baseline 0.003 -12"><span class='ocrx_word' id='word_1_545' title='bbox 992 2650 1056 2682; x_wconf 85' lang='lat' dir='ltr'>hos</span> <span class='ocrx_word' id='word_1_546' title='bbox 1069 2662 1286 2693; x_wconf 83' lang='lat' dir='ltr'>quocumque</span> <span class='ocrx_word' id='word_1_547' title='bbox 1303 2653 1403 2683; x_wconf 90' lang='lat' dir='ltr'>modo</span> <span class='ocrx_word' id='word_1_548' title='bbox 1419 2652 1453 2683; x_wconf 90' lang='lat' dir='ltr'>in</span> <span class='ocrx_word' id='word_1_549' title='bbox 1470 2661 1567 2683; x_wconf 76' lang='lat' dir='ltr'>suam</span> <span class='ocrx_word' id='word_1_550' title='bbox 1583 2656 1696 2693; x_wconf 78' lang='lat' dir='ltr'>potes-</span> 
     </span>
     <span class='ocr_line' id='line_1_100' title="bbox 991 2695 1693 2737; baseline 0 -12"><span class='ocrx_word' id='word_1_551' title='bbox 991 2701 1093 2726; x_wconf 88' lang='lat' dir='ltr'>tatem</span> <span class='ocrx_word' id='word_1_552' title='bbox 1116 2695 1255 2737; x_wconf 83' lang='lat' dir='ltr'>redegit.</span> <span class='ocrx_word' id='word_1_553' title='bbox 1301 2696 1369 2727; x_wconf 94' lang='lat' dir='ltr'>Dio</span> <span class='ocrx_word' id='word_1_554' title='bbox 1391 2695 1486 2727; x_wconf 77' lang='lat' dir='ltr'>Cass.</span> <span class='ocrx_word' id='word_1_555' title='bbox 1509 2697 1563 2733; x_wconf 75' lang='lat'>43,</span> <span class='ocrx_word' id='word_1_556' title='bbox 1586 2696 1693 2726; x_wconf 67' lang='lat'>80.—</span> 
     </span>
     <span class='ocr_line' id='line_1_101' title="bbox 993 2738 1693 2781; baseline -0.001 -12"><span class='ocrx_word' id='word_1_557' title='bbox 993 2739 1073 2771; x_wconf 83' lang='lat' dir='ltr'>l&#39;ost</span> <span class='ocrx_word' id='word_1_558' title='bbox 1094 2745 1224 2771; x_wconf 64' lang='lat' dir='ltr'>vastare</span> <span class='ocrx_word' id='word_1_559' title='bbox 1246 2739 1348 2781; x_wconf 77' lang='lat' dir='ltr'>vulgo</span> <span class='ocrx_word' id='word_1_560' title='bbox 1370 2739 1505 2772; x_wconf 89' lang='lat' dir='ltr'>additur</span> <span class='ocrx_word' id='word_1_561' title='bbox 1517 2741 1620 2780; x_wconf 68' lang='lat' dir='ltr'>mpit.</span> <span class='ocrx_word' id='word_1_562' title='bbox 1641 2738 1693 2769; x_wconf 78' lang='lat' dir='ltr'>M.</span> 
     </span>
     <span class='ocr_line' id='line_1_102' title="bbox 990 2782 1319 2814; baseline 0.003 -1"><span class='ocrx_word' id='word_1_563' title='bbox 990 2783 1065 2814; x_wconf 82' lang='lat' dir='ltr'>Non</span> <span class='ocrx_word' id='word_1_564' title='bbox 1082 2782 1206 2814; x_wconf 84' lang='lat' dir='ltr'>babent</span> <span class='ocrx_word' id='word_1_565' title='bbox 1218 2784 1319 2814; x_wconf 92' lang='lat' dir='ltr'>codd.</span> 
     </span>
    </p>

    <p class='ocr_par' dir='ltr' id='par_1_16' title="bbox 990 2826 1695 2909">
     <span class='ocr_line' id='line_1_103' title="bbox 1037 2826 1695 2868; baseline -0.005 -10"><span class='ocrx_word' id='word_1_566' title='bbox 1037 2827 1120 2858; x_wconf 71' lang='lat' dir='ltr'>lemn.</span> <span class='ocrx_word' id='word_1_567' title='bbox 1148 2827 1350 2868; x_wconf 83' lang='lat' dir='ltr'>simplicitet</span> <span class='ocrx_word' id='word_1_568' title='bbox 1379 2826 1496 2864; x_wconf 81' lang='lat' dir='ltr'>nectit,</span> <span class='ocrx_word' id='word_1_569' title='bbox 1521 2830 1557 2857; x_wconf 87' lang='lat' dir='ltr'>ut</span> <span class='ocrx_word' id='word_1_570' title='bbox 1580 2834 1695 2866; x_wconf 65' lang='grc' dir='ltr'>ρον-νο,</span> 
     </span>
     <span class='ocr_line' id='line_1_104' title="bbox 990 2872 1320 2909; baseline 0.003 -9"><span class='ocrx_word' id='word_1_571' title='bbox 990 2881 1117 2909; x_wconf 69' lang='lat' dir='ltr'>rursu-5,</span> <span class='ocrx_word' id='word_1_572' title='bbox 1132 2873 1244 2902; x_wconf 68' lang='lat' dir='ltr'>eliam.</span> <span class='ocrx_word' id='word_1_573' title='bbox 1270 2872 1320 2902; x_wconf 88' lang='lat' dir='ltr'>M.</span> 
     </span>
    </p>

    <p class='ocr_par' dir='ltr' id='par_1_17' title="bbox 1036 2912 1696 2948">
     <span class='ocr_line' id='line_1_105' title="bbox 1036 2912 1696 2948; baseline -0.003 0"><span class='ocrx_word' id='word_1_574' title='bbox 1036 2915 1154 2948; x_wconf 73' lang='lat' dir='ltr'>Portas</span> <span class='ocrx_word' id='word_1_575' title='bbox 1182 2920 1297 2947; x_wconf 68' lang='lat' dir='ltr'>contra</span> <span class='ocrx_word' id='word_1_576' title='bbox 1329 2914 1518 2948; x_wconf 79' lang='lat' dir='ltr'>eludebant.</span> <span class='ocrx_word' id='word_1_577' title='bbox 1590 2912 1696 2947; x_wconf 69' lang='lat' dir='ltr'>Abest</span> 
     </span>
    </p>
   </div>
  </div>
 </body>
</html>
