1961 3230
165 213 236 256 xiv
594 210 860 256 HENRICI
894 211 1234 256 DODWELLI

167 344 265 378 rent
307 335 556 379 facultatem
589 345 751 379 turmas
783 337 979 379 ,Iulianas
1012 333 1403 378 ci1·cumfundere.”
1477 331 1645 375 Ibidem

169 420 197 438 ‘⁶
224 413 478 468 Satagere,''
520 427 600 468 pro
631 412 785 470 proelio
816 412 1024 455 laborare.
1089 411 1197 468 Cap.
1232 409 1303 458 88,
1336 416 1364 435 ‘⁶
1383 415 1571 450 mentem
1603 407 1647 447 in

167 487 272 544 fuga
312 487 583 528 destinatam.
601 488 626 506 ’'
705 487 959 530 Africanum
1012 487 1124 529 hunc
1175 485 1446 542 scriptorem,
1499 482 1647 538 hisque

168 561 436 618 temporibus
450 559 680 619 juniorem,
698 570 891 620 arguunt
909 569 976 605 tot
992 561 1186 603 immistae
1202 575 1328 602 voces
1347 573 1496 616 graecae
1515 564 1648 614 atque

169 634 418 677 hellenismi.
484 635 573 684 Qui
592 636 727 678 mixto
748 644 886 678 essent
909 651 1082 694 genere,
1107 642 1135 661 ‘⁶
1163 632 1413 676 Hibridas”
1435 629 1645 688 appellat,

169 725 206 750 c.
237 709 300 751 19.
365 717 397 736 “
423 709 786 767 Hippotoxotas”
820 710 954 754 habet
984 710 1090 753 ibid.
1157 716 1185 736 ‘⁶
1210 708 1466 766 Epibatas,’'
1497 722 1533 747 c.
1573 704 1647 753 20,

170 781 241 832 62,
265 781 332 823 63.
396 789 424 808 ‘⁶
451 784 782 841 Catascopum,”
810 800 846 826 c.
866 784 939 826 26.
1003 792 1033 810 ‘⁶
1060 783 1111 825 In
1141 782 1231 826 salo
1263 783 1384 824 esse”
1420 778 1518 821 huic
1550 793 1648 819 auc-

168 860 269 910 tori,
291 876 327 903 c.
350 861 423 911 46,
447 862 521 912 62,
544 863 615 913 63,
639 863 895 923 tantundem
917 863 1050 914 valet,
1073 864 1190 922 quod
1215 863 1376 905 Graecis
1399 863 1582 909 σαλεύειν,
1606 866 1651 900 et

165 936 412 987 διασαλεύειν,
442 946 487 980 et
517 937 571 981 de
606 939 706 981 navi
739 939 916 989 dicitur,
946 955 1043 996 quae
1068 939 1215 982 liberae
1236 938 1446 981 fluctuum
1465 934 1649 976 marino-

166 1025 264 1053 rum
296 1011 522 1070 agitationi
554 1013 804 1071 exponitur.
869 1015 983 1056 Sunt
1015 1014 1058 1056 in
1088 1013 1240 1056 eodem
1268 1012 1384 1054 libro
1417 1010 1519 1059 alia,
1554 1024 1652 1066 quae

166 1098 409 1127 coaevorum
430 1086 628 1144 peritiam
648 1087 831 1144 sapiant.
895 1086 1184 1144 Virgiliarum
1205 1086 1375 1144 signum
1404 1082 1651 1125 confectum

168 1168 378 1203 memorat
398 1170 497 1219 post
518 1162 582 1204 VI
608 1162 707 1204 Kal.
756 1163 883 1205 Febr.
910 1180 947 1204 c.
969 1162 1041 1204 47.
1107 1162 1194 1204 Pro
1219 1175 1323 1203 vero
1357 1158 1518 1201 scilicet
1537 1157 1653 1199 illius

169 1234 267 1276 anni
288 1235 548 1285 calendario,
570 1251 658 1293 quo
681 1236 812 1279 Febr.
850 1237 866 1277 l
893 1237 935 1278 in
970 1236 1210 1278 Novembr.
1242 1231 1409 1276 Juliani
1440 1231 1554 1274 diem
1588 1228 1652 1272 XI

170 1310 467 1360 conveniebat,
519 1327 604 1368 quo
658 1310 887 1353 Pleiadum
933 1311 1245 1353 confectionem
1296 1308 1432 1350 refert
1475 1306 1651 1348 Plinius.

173 1382 316 1424 Aliter
336 1392 453 1425 certe
474 1384 603 1425 sensit
625 1383 693 1424 hic
724 1392 891 1432 auctor,
924 1399 1055 1440 quam
1086 1382 1388 1440 interpolator,
1419 1380 1496 1438 qui
1524 1379 1654 1421 etiam

172 1457 200 1498 J
204 1458 429 1499 anuarium
449 1458 506 1499 ab
530 1458 716 1500 Octobr.
760 1457 789 1499 J
794 1457 922 1498 uliani
943 1458 1011 1499 die
1030 1456 1142 1499 XIII
1163 1457 1438 1514 incipientem
1456 1470 1535 1512 per
1556 1453 1655 1518 anni

170 1539 341 1590 tempus
371 1532 663 1589 periculosum
694 1547 780 1573 esse
810 1531 950 1573 voluit
981 1531 1304 1588 navigantibus,
1332 1539 1375 1572 et
1394 1530 1571 1587 quidem
1595 1529 1656 1571 ita

173 1605 479 1662 periculosum,
500 1614 549 1647 ut
567 1605 718 1647 mediis
738 1605 843 1647 belli
867 1605 1037 1648 casibus
1055 1605 1192 1663 magis
1210 1613 1351 1647 tamen
1375 1612 1500 1653 esset,
1523 1619 1654 1661 quam

173 1681 338 1722 bellum
355 1681 510 1737 ipsum,
532 1681 800 1722 metuendus.
863 1680 922 1722 Et
943 1696 1113 1722 manum
1131 1681 1260 1722 etiam
1277 1696 1463 1722 coaevam
1479 1695 1653 1722 accura-

174 1755 414 1812 tioremque
427 1755 619 1797 indicant
636 1764 704 1798 tot
717 1772 840 1798 voces
857 1755 1079 1805 militares,
1093 1756 1272 1813 aliaeque
1285 1754 1505 1804 technicae,
1523 1754 1658 1813 magis

179 1829 246 1872 hic
286 1846 390 1875 vero
427 1830 634 1888 temporis
670 1831 828 1874 decoro
865 1831 1187 1888 respondentes,
1229 1847 1361 1889 quam
1399 1845 1479 1889 pro
1520 1838 1654 1888 captu

173 1903 354 1961 junioris
384 1904 720 1962 interpolatoris.
786 1905 966 1948 Librum
992 1921 1096 1962 ergo
1132 1905 1268 1947 Hirtii
1304 1905 1357 1948 de
1387 1905 1503 1948 bello
1540 1905 1657 1947 Afri-

178 1995 284 2022 cano
316 1979 371 2022 ad
402 1980 512 2022 ,Julii
552 1980 665 2022 Celsi
702 1988 871 2023 aetatem
904 1981 1144 2038 pervenisse
1174 1989 1314 2038 puto3
1347 1980 1419 2022 sed
1453 1980 1656 2023 mutilum

180 2054 488 2111 f01·tassis,-aut
507 2054 583 2110 qui
608 2054 734 2097 Celso
765 2054 942 2097 mutilus
970 2054 1117 2098 haberi
1148 2063 1303 2112 posset.
1369 2055 1467 2098 Hoc
1507 2055 1658 2113 utique

185 2136 401 2186 praetextu
432 2129 502 2170 vel
538 2128 637 2181 suis,
671 2130 739 2172 vel
770 2129 909 2172 nescio
941 2130 1062 2187 cujus
1091 2129 1271 2172 alterius
1299 2129 1558 2172 fabulatoris
1578 2128 1655 2185 fig-

184 2201 337 2243 mentis
361 2201 648 2259 interpolavit.

198 2331 370 2359 ITIDEM
404 2332 589 2359 FACTUM
624 2332 674 2359 IN
710 2332 852 2359 LIBRO
890 2333 1046 2361 HIRTII
1082 2333 1141 2361 DE
1176 2333 1326 2360 BELLO
1358 2332 1635 2362 HISPANICO.

186 2409 241 2450 ΙΝ
265 2409 384 2451 bello
415 2409 650 2467 Hispanico
677 2408 817 2451 adhuc
851 2410 1056 2466 pauciora
1080 2410 1210 2452 coaevi
1234 2410 1456 2467 scriptoris
1482 2411 1661 2469 vestigia

186 2493 301 2535 sunt,
345 2485 471 2542 plura
509 2493 653 2527 autem
689 2484 1027 2541 interpolatoris,
1056 2493 1100 2527 et
1125 2484 1300 2542 quidem
1340 2486 1544 2544 ejusdem,
1584 2487 1660 2545 qui

186 2559 353 2601 bellum
373 2559 626 2601 Africanum
648 2558 731 2600 suis
755 2558 1006 2601 commentis
1037 2567 1230 2601 auxerat.
1300 2560 1464 2603 Eadem
1492 2560 1534 2603 in
1555 2577 1660 2604 voce

191 2640 221 2660 ‘⁶
244 2633 462 2675 facultas”
485 2633 715 2691 elegantia,
740 2649 834 2689 quae
856 2648 1001 2690 supra,
1032 2649 1128 2691 cap.
1159 2635 1225 2676 12.
1288 2641 1316 2661 ‘⁶
1341 2635 1416 2677 Eis
1442 2636 1496 2678 ad
1521 2637 1659 2694 ignos-

191 2707 373 2750 cendum
406 2708 525 2750 nulla
557 2716 621 2750 est
648 2706 754 2750 data
791 2708 1020 2750 facultas.''
1101 2710 1210 2767 Cap.
1234 2709 1306 2759 40,
1346 2719 1375 2737 “
1394 2727 1536 2761 naves,
1565 2726 1660 2768 quae

187 2783 232 2825 in
246 2783 336 2827 salo
352 2782 528 2826 fuerunt
543 2787 584 2825 :''
620 2799 700 2840 pro
718 2783 914 2840 exemplo
931 2782 1078 2826 itidem
1091 2799 1115 2826 a
1133 2785 1253 2829 nobis
1268 2801 1399 2843 supra
1415 2787 1658 2830 observato.
