1946 3261
175 321 256 364 sub
277 321 450 364 sarcinis
467 321 729 379 defatigatos
744 335 936 379 pugnare
958 336 1042 363 non
1058 336 1192 379 posse.
1228 322 1337 371 Quae
1352 337 1418 364 res
1441 321 1653 365 Caesarem

176 395 261 423 non
282 379 519 422 fefellerat:
553 395 738 437 namque
757 379 978 436 expeditos
999 396 1052 422 ex
1071 380 1249 438 singulis
1270 380 1510 438 legionibus
1528 380 1653 423 trice-

176 454 251 481 nos
271 437 426 480 milites
451 455 539 480 esse
561 439 760 495 jusserat.
821 437 976 496 Itaque
1005 454 1090 487 eos,
1125 438 1167 481 in
1196 439 1442 497 equitatum
1473 438 1654 487 labieni

175 495 379 545 inmissos,
414 497 566 540 turmis
597 513 769 540 suorum
801 496 1021 554 subpetias
1057 497 1210 539 mittit.
1273 497 1386 541 Tum
1425 497 1654 546 labienus,

174 555 387 597 conversis
414 555 550 612 equis,
585 556 804 614 signorum
833 564 1070 613 conspectu
1096 557 1373 613 perterritus,
1407 555 1652 614 turpissime

174 612 395 655 contendit
417 613 586 672 fugere,
609 615 755 657 multis
772 614 861 671 ejus
883 615 1043 664 occisis,
1076 615 1374 673 compluribus
1397 615 1650 658 vulneratis.

177 671 344 714 Milites
368 672 592 730 legionarii
622 673 677 716 ad
699 689 773 715 sua
794 689 836 715 se
858 673 1072 731 recipiunt
1100 673 1221 732 signa
1247 682 1379 731 atque
1404 674 1488 716 iter
1510 673 1654 732 incep-

172 739 268 773 tum
288 730 348 773 ire
368 741 611 789 coeperunt.
674 732 886 774 Labienus
905 748 983 789 per
1002 732 1158 790 jugum
1176 748 1392 775 summum
1410 732 1531 776 collis
1548 733 1650 776 dex-

174 796 338 832 trorsus
356 790 511 848 procul
531 791 734 848 subsequi
753 806 835 832 non
852 790 1035 833 desistit.

231 847 300 889 76.
337 848 571 905 Postquam
595 850 738 892 Caesar
763 850 815 892 ad
844 849 1059 908 oppidum
1078 850 1307 893 Sarsuram
1332 849 1468 900 venit,
1489 849 1650 909 inspec-

169 907 363 949 tantibus
393 907 647 963 adversariis
669 908 896 951 interfecto
918 908 1115 966 praesidio
1154 909 1380 967 Scipioni&
1413 924 1549 966 quum
1569 909 1654 953 suis

167 965 377 1010 auxilium
396 966 510 1010 ferre
528 982 611 1010 non
631 967 855 1016 auderent,
872 967 1047 1010 fortiter
1068 976 1341 1026 repugnante
1361 968 1410 1010 P.
1426 967 1650 1019 Cornelio,

169 1033 348 1067 evocato
371 1025 601 1083 Scipionis,
633 1027 709 1083 qui
743 1026 801 1068 ibi
834 1035 1036 1083 praeerat,
1067 1034 1200 1084 atque
1221 1043 1246 1069 a
1267 1026 1549 1069 multitudine
1569 1027 1651 1070 cir·

169 1092 399 1127 cumvento
421 1084 751 1142 interfectoque,
772 1084 935 1142 oppido
963 1085 1158 1143 potitum
1189 1094 1322 1142 atque
1350 1086 1408 1128 ibi
1431 1086 1652 1129 frumento

168 1143 375 1185 exercitui
392 1142 511 1194 dato,
542 1151 717 1200 postero
743 1143 812 1186 die
830 1143 884 1189 ad
904 1143 1116 1202 oppidum
1148 1144 1347 1187 Tisdram
1370 1145 1584 1202 pervenit,
1607 1145 1650 1188 in

167 1216 257 1258 quo
273 1201 502 1244 Considius
519 1217 597 1258 per
614 1201 657 1244 id
673 1208 836 1260 tempas
853 1202 997 1245 fuerat
1010 1219 1107 1244 cum
1121 1203 1276 1260 grandi
1292 1203 1488 1261 praesidio
1504 1202 1654 1246 cohor-

167 1267 298 1317 teque
329 1275 405 1301 sua
438 1259 742 1317 gladiatorum.
818 1261 977 1310 Caesar,
1019 1262 1168 1318 oppidi
1217 1271 1371 1304 natura
1410 1270 1653 1320 perspecta,

166 1326 300 1374 atque
322 1317 467 1376 inopia
497 1318 554 1361 ab
580 1319 900 1377 obpugnatione
930 1320 1020 1377 ejus
1040 1319 1290 1372 deterritus,
1329 1321 1525 1379 protinus
1550 1337 1652 1378 pro-

168 1376 305 1419 fectus
339 1377 512 1419 circiter
545 1378 662 1420 milia
696 1394 895 1436 passuum
917 1387 1106 1435 quatuor
1131 1378 1187 1420 ad
1207 1395 1364 1437 aquam
1387 1379 1490 1422 facit
1510 1388 1651 1423 castra,

165 1443 314 1492 atque,
347 1435 444 1479 inde
480 1446 637 1494 quarto
673 1437 744 1479 die
765 1453 972 1494 egressus,
1003 1437 1118 1479 redit
1147 1453 1293 1480 rursus
1325 1437 1379 1480 ad
1409 1454 1458 1481 ea
1490 1447 1647 1488 castra,

168 1510 265 1551 quae
286 1494 342 1538 ad
372 1496 494 1553 Agar
519 1495 747 1539 habuerat.
808 1496 929 1539 Idem
954 1497 1055 1538 facit
1080 1496 1227 1554 Scipio
1250 1506 1382 1554 atque
1404 1499 1446 1540 in
1469 1498 1649 1556 antiqua

168 1561 310 1596 castra
329 1554 475 1612 copias
496 1555 680 1597 reducit.

226 1611 298 1653 77.
330 1611 631 1655 Thabenenses
655 1614 841 1662 interim,
865 1614 939 1671 qui
961 1615 1042 1657 sub
1062 1614 1225 1657 ditione
1256 1624 1300 1657 et
1323 1623 1539 1672 potestate
1569 1615 1598 1658 J
1604 1631 1651 1658 u-

167 1671 232 1713 bae
253 1687 341 1714 esse
359 1681 646 1722 consuessent,
669 1673 710 1714 in
733 1681 924 1715 extrema
945 1674 1036 1730 ejus
1063 1673 1205 1731 Regni
1228 1675 1399 1732 regione
1418 1673 1651 1717 marituma

165 1728 310 1780 locati,
346 1730 574 1773 interfecto
605 1730 745 1787 Regio
778 1732 990 1789 praesidio‚
1018 1732 1183 1789 legatos
1213 1731 1268 1773 ad
1303 1732 1516 1774 Caesarem
1549 1732 1646 1774 mit-

167 1795 294 1836 tunt;
328 1805 416 1830 rem
452 1805 476 1830 a
509 1806 552 1831 se
585 1798 748 1846 gestam
782 1789 963 1837 docent;
1008 1799 1166 1847 petunt
1203 1800 1432 1848 orantque,
1474 1799 1524 1832 ut
1564 1791 1648 1834 suis

164 1846 350 1890 fortunis
391 1847 585 1905 Populus
624 1847 858 1897 Romanus,
893 1849 1011 1905 quod
1048 1849 1155 1891 bene
1185 1849 1327 1891 meriti
1348 1857 1502 1898 essent,
1527 1850 1645 1892 auxi-

162 1905 269 1948 lium
293 1906 443 1949 ferret.
508 1906 670 1957 Caesar,
704 1923 851 1949 eorum
871 1907 1044 1949 consilio
1066 1907 1269 1965 probato,
1296 1906 1512 1950 Marcium
1535 1908 1649 1951 Cris-

162 1980 266 2021 pum
287 1964 531 2007 Tribunum
553 1981 651 2007 cum
670 1965 845 2008 cohorte
866 1975 910 2008 et
928 1966 1161 2022 sagittariis
1194 1966 1509 2024 tormentisque
1532 1981 1646 2009 com-

200 2022 367 2066 luribus
407 2023 604 2081 praesidio
647 2024 894 2067 Thabenam
934 2025 1083 2067 mittit.
1154 2024 1321 2067 Eodem
1356 2034 1552 2083 tempore
1592 2041 1647 2068 ex

166 2039 408 2138 ibgionibus
429 2083 626 2125 omnibus
643 2083 812 2133 milites,
834 2084 910 2140 qui
927 2092 1002 2126 aut
1019 2084 1172 2126 morbo
1193 2083 1393 2141 inpediti,
1417 2092 1512 2136 aut,
1534 2099 1646 2127 com-

167 2149 309 2183 meatu
332 2140 452 2189 dato,
487 2157 585 2183 cum
606 2141 736 2199 signis
763 2158 846 2185 non
868 2152 1105 2201 potuerant
1132 2151 1232 2185 ante
1255 2143 1437 2186 transire
1464 2143 1506 2185 in
1530 2142 1648 2186 Afri-

219 2275 287 2306 Sub
302 2277 452 2307 sarcinis.
477 2274 531 2305 Sic
549 2282 582 2305 et
598 2276 638 2306 G.
657 2280 688 2313 3,
704 2280 757 2307 ¹24.

216 2320 341 2350 Procul
356 2320 524 2361 subsequi.
551 2319 578 2347 V
585 2319 674 2359 ulgo.
685 2323 800 2361 procul
812 2324 875 2352 mi·

170 2365 242 2394 lites
270 2364 434 2404 subsequi.
475 2364 524 2394 M.
569 2370 684 2394 contra
715 2365 813 2396 codd.
842 2371 874 2396 et

172 2408 252 2438 edd.
269 2412 335 2438 vet.

216 2452 257 2482 P.
277 2452 439 2485 Cornelio,
453 2457 580 2483 morato
599 2453 685 2493 δρψ.
723 2451 873 2483 Jurinius

174 2496 214 2526 F.
243 2496 392 2527 Cornelio
412 2497 566 2536 Scipione
579 2501 721 2527 evocato.

217 2541 325 2579 Atque
335 2541 458 2580 inopia.
482 2539 620 2581 Lipsius
633 2539 756 2578 (Elect.
771 2543 804 2572 2,
815 2540 873 2578 ⁴22)

169 2592 266 2623 aquae
295 2586 409 2625 inopia
438 2583 505 2625 legi
535 2585 621 2615 vult.
653 2584 745 2624 quod
776 2584 871 2614 locus

171 2632 367 2664 castrorum,
397 2627 437 2657 de
462 2639 531 2668 quo
557 2627 708 2668 proxime
734 2627 871 2665 dicitur,

173 2671 299 2702 suadet.
341 2672 462 2702 Cellar.
498 2671 569 2703 Alii
587 2671 776 2711 intelligunt
799 2671 871 2702 ino-

172 2713 262 2753 piam
278 2725 386 2745 rerum
403 2715 445 2745 ad
469 2715 733 2757 obpugnandum
760 2725 873 2746 neces-

171 2767 308 2789 sarium.

217 2803 325 2832 Fac-il.
363 2801 530 2843 Aliifecit.

218 2846 301 2876 Rem
314 2856 337 2878 α
351 2856 384 2877 se
400 2854 540 2885 yescam.
577 2848 658 2879 llaee
675 2855 723 2879 est
739 2847 869 2889 conjec-

170 2894 243 2921 tura
258 2888 366 2931 Lipsii
384 2889 490 2922 Elect.
515 2895 546 2925 2.
562 2895 615 2923 22.
661 2892 787 2924 Omnes
806 2903 864 2924 co-

944 2277 1052 2311 dices.
1066 2288 1138 2309 rem
1149 2279 1239 2309 male
1253 2283 1379 2317 qestam
1392 2291 1402 2310 .-
1425 2278 1538 2320 inepte
1555 2288 1648 2319 pror·

942 2332 1009 2353 sus.
1030 2324 1203 2353 Dat-isius.
1249 2322 1354 2353 Codd.
1375 2323 1459 2364 Reg.
1475 2328 1508 2354 et
1531 2322 1645 2355 Vossii

941 2367 1068 2397 firmant
1107 2367 1333 2407 conjecturam
1365 2366 1477 2407 Lipsii
1520 2366 1645 2398 Emen-

939 2411 1053 2441 datum
1087 2410 1158 2451 jam
1189 2411 1309 2441 dedere
1340 2410 1481 2442 Vascos.
1512 2410 1641 2452 Gry-ph.

940 2460 1004 2485 etc.

992 2499 1073 2540 Pop.
1142 2499 1241 2529 Rom.
1301 2498 1495 2539 Legebatur
1553 2499 1642 2530 male

935 2547 1054 2581 proevm
1067 2542 1118 2573 vel
1130 2543 1170 2572 de
1184 2543 1311 2583 Populo
1327 2543 1424 2575 Rom.
1437 2542 1643 2574 Emendavit

943 2586 983 2615 R.
1002 2585 1119 2626 Steph.
1136 2597 1154 2616 υ
1171 2586 1271 2616 codd.

971 2630 1153 2661 Marcium.
1168 2629 1223 2660 Sic
1235 2630 1313 2661 edd.
1330 2630 1469 2662 Vascos.
1481 2636 1513 2661 et
1524 2630 1641 2672 Steph.

937 2673 990 2703 Sic
1019 2679 1052 2704 et
1076 2674 1151 2704 (tic.
1178 2673 1265 2704 Phil.
1298 2675 1346 2712 11,
1375 2677 1423 2705 12.
1449 2680 1482 2705 et
1505 2675 1590 2706 Ven.
1607 2678 1638 2713 2,

938 2718 991 2747 09.
1038 2718 1137 2758 Apud
1166 2717 1358 2758 Appianum
1381 2718 1423 2748 C.
1441 2719 1472 2756 3,
1489 2720 1542 2748 7⁴1.
1568 2724 1638 2749 erat

937 2761 1119 2793 Minucium
1148 2761 1310 2792 mendum
1323 2761 1457 2793 sustulit
1471 2761 1638 2793 eruditus-

936 2804 1045 2835 editor
1061 2811 1201 2836 nostras.

982 2851 1175 2881 Commenta
1188 2850 1278 2888 (lato,
1293 2850 1370 2881 data
1382 2849 1482 2882 venia
1495 2849 1538 2882 ad
1559 2859 1638 2880 suos

936 2893 989 2933 vel
1018 2893 1087 2925 alio
1119 2893 1263 2925 abeundi
1294 2903 1313 2925 a
1344 2893 1458 2935 signis.
1511 2894 1634 2926 Cella-r.
