1946 3261
217 249 304 294 382
680 244 764 291 DE
797 245 999 292 BELLO
1032 246 1244 292 CIVILI.

216 375 402 420 amicitia
435 373 594 417 Caesari
618 374 843 419 conciliare
880 374 1097 418 studebat.
1162 374 1213 417 In
1240 373 1304 417 his
1335 374 1466 419 rebus
1486 373 1579 418 fere
1599 382 1695 418 erat

215 435 360 478 Fufius
381 438 631 491 occupatus.

272 493 342 534 55.
379 493 592 535 Omnibus
623 492 823 551 deinceps
855 493 1007 537 diebus
1046 494 1190 537 Caesar
1211 493 1448 538 exercitum
1482 494 1525 536 in
1556 493 1691 536 aciem

213 567 385 609 aequum
421 552 463 595 in
500 552 643 595 locum
678 553 902 610 produxit,
940 553 970 595 si
1010 553 1241 611 Pompeius
1277 553 1434 612 proelio
1470 553 1696 596 decertare

213 609 360 661 vellet,
383 619 433 653 ut
454 626 574 669 paene
603 611 753 654 castris
778 612 973 670 Pompeii
1007 611 1197 671 legiones
1218 613 1468 672 subjiceret:
1503 620 1693 654 tantum-

212 686 297 728 que
319 686 345 712 a
366 669 481 713 vallo
503 671 594 728 ejus
616 670 757 729 prima
779 672 887 714 acies
909 671 1077 722 aberat,
1108 672 1174 714 uti
1195 687 1247 714 ne
1266 672 1309 714 in
1331 688 1425 714 eam
1447 670 1583 714 telum
1605 680 1694 713 tor-

209 737 458 772 mentumve
499 729 616 787 adigi
656 739 812 788 posset.
884 726 1114 788 Pompeius
1156 740 1318 782 autem,
1364 741 1415 774 ut
1454 731 1608 773 famam
1649 738 1694 772 et

208 787 453 846 opinionem
474 786 694 832 hominum
714 797 897 839 teneret,
919 789 976 832 sic
997 806 1078 848 pro
1101 790 1249 833 castris
1281 790 1518 834 exercitum
1536 790 1694 833 consti-

207 847 378 898 tuebat,
417 855 467 890 ut
498 849 629 891 tertia
662 848 771 891 acies
809 849 974 893 vallum
1011 849 1304 908 contingerem
1348 850 1484 892 omnis
1514 848 1694 906 quidem

205 905 444 950 instructus
464 908 675 951 exercitus
696 907 792 951 telis
814 925 866 951 ex
888 908 1003 951 vallo
1026 908 1205 967 abjectis
1227 909 1399 967 protegi
1422 916 1579 966 posset.

267 965 338 1008 57.
374 966 481 1009 Haec
503 983 638 1025 quum
671 966 715 1010 in
738 967 901 1010 Achaia
931 977 1062 1025 atque
1083 967 1202 1026 apud
1227 967 1546 1027 Dyrrhachium
1570 982 1692 1026 gere-

205 1032 375 1076 rentur,
408 1025 742 1084 Scipionemque
765 1028 807 1069 in
833 1027 1135 1070 Macedoniam
1156 1027 1319 1070 venisse
1340 1034 1573 1076 constaret,
1604 1041 1691 1070 non

206 1083 370 1127 oblitus
405 1084 578 1142 pristini
612 1085 796 1128 instituti
822 1086 982 1137 Caesar,
1016 1086 1153 1130 mittit
1189 1087 1243 1129 ad
1265 1103 1363 1129 eum
1386 1087 1441 1129 A.
1467 1085 1691 1136 Clodium,

203 1159 326 1186 suum
346 1151 478 1202 atque
500 1144 614 1187 illius
635 1144 907 1196 familiarem,
933 1162 1080 1205 quem,
1111 1147 1167 1189 ab
1187 1145 1262 1188 illo
1284 1144 1545 1188 transditum
1565 1144 1691 1187 initio

202 1205 248 1244 et
280 1203 640 1253 commendatum,
676 1204 717 1246 in
749 1220 926 1248 suorum
958 1205 1290 1249 necessariorum
1327 1219 1506 1246 numero
1529 1202 1690 1245 habere

202 1261 463 1304 instituerat.
530 1261 647 1305 Huic
678 1262 755 1305 dat
785 1263 955 1306 litteras
976 1263 1265 1319 mandataque
1287 1261 1342 1303 ad
1364 1270 1478 1307 eum,
1500 1276 1690 1317 quorum

204 1318 292 1363 haec
311 1328 403 1362 erat
419 1336 601 1363 summa:
639 1329 668 1347 “
683 1338 770 1363 sese
790 1323 932 1364 omnia
947 1321 1000 1363 (le
1021 1337 1123 1379 pace
1141 1328 1388 1377 expertum:
1424 1318 1529 1361 nihil
1545 1318 1688 1362 adhuc

203 1385 234 1404 ‘⁴
257 1380 462 1422 arbitrari
494 1380 660 1422 factum
692 1380 799 1421 vitio
832 1396 1001 1429 eorum,
1036 1396 1145 1437 quos
1176 1395 1263 1421 esse
1291 1388 1489 1421 auctores
1517 1379 1607 1437 ejus
1629 1379 1691 1421 rei

204 1445 232 1464 ‘⁶
258 1438 477 1487 voluisset,
510 1437 628 1495 quod
658 1453 734 1480 sua
754 1438 957 1480 mandata
981 1440 1176 1495 perferre
1200 1453 1283 1480 non
1309 1438 1561 1497 obportuno
1583 1446 1692 1481 tem-

203 1504 232 1523 “
257 1512 362 1555 pore
393 1497 448 1540 ad
473 1497 725 1555 Pompeium
749 1507 1020 1539 vererentur.
1086 1497 1334 1554 Scipionem
1367 1513 1417 1539 ea
1438 1513 1524 1539 esse
1545 1502 1693 1540 aucto-

203 1563 232 1582 “
257 1557 402 1608 ritate,
436 1564 487 1599 ut
509 1571 592 1599 non
613 1556 752 1599 solum
775 1556 925 1605 libere,
962 1573 1059 1613 quae
1082 1557 1322 1614 probasset,
1353 1572 1588 1614 exponere,
1619 1555 1695 1599 sed

203 1623 232 1642 ‘⁶
256 1615 388 1658 etiam
423 1631 579 1673 magna
615 1631 667 1657 ex
691 1623 816 1674 parte
851 1616 1112 1673 compellere
1145 1624 1278 1673 atque
1300 1624 1516 1658 errantem
1539 1631 1693 1674 regere

202 1683 231 1701 ‘⁶
255 1683 417 1733 posset:
464 1690 644 1732 praeesse
679 1683 825 1716 autem
859 1691 936 1717 suo
970 1674 1137 1717 nomine
1172 1675 1399 1724 exercitui,
1433 1684 1498 1724 ut,
1533 1681 1694 1733 praeter

201 1741 231 1760 “
254 1733 577 1786 auctoritatem,
600 1733 712 1775 vires
744 1749 918 1791 quoque
953 1733 1007 1776 ad
1029 1733 1311 1776 coercendum
1336 1732 1535 1776 haberet:
1570 1727 1690 1791 quod

201 1801 230 1820 “
254 1793 287 1834 si
319 1792 502 1842 fecisset,
536 1791 727 1850 quietem
761 1792 912 1841 Italiae,
948 1809 1096 1851 pacem
1130 1791 1470 1850 provinciarum,
1505 1792 1692 1835 salutem

201 1859 229 1878 “
254 1851 426 1910 imperii
467 1851 541 1894 uni
581 1867 725 1895 omnes
765 1861 989 1909 acceptam
1032 1851 1292 1894 relaturos.''
1355 1850 1460 1893 Haec
1501 1851 1557 1893 ad
1591 1866 1689 1894 eum

198 1910 401 1954 mandata
437 1910 620 1954 Clodius
658 1911 807 1953 refert.
873 1913 939 1953 Ac
979 1910 1128 1968 primis
1160 1909 1328 1959 diebus,
1364 1919 1411 1952 ut
1441 1909 1689 1960 videbatur,

199 1971 388 2013 libenter
409 1969 599 2019 auditus,
622 1970 801 2028 reliquis
821 1968 877 2012 ad
895 1970 1172 2027 conloquium
1196 1985 1278 2011 non
1301 1967 1574 2017 admittitur;
1604 1984 1692 2012 cas·

200 2031 340 2087 tigato
360 2029 560 2087 Scipione
577 2045 601 2072 a
622 2029 832 2079 Favonio,
853 2037 903 2071 ut
924 2037 1073 2086 postea
1094 2029 1292 2071 confecto
1311 2027 1426 2071 bello
1445 2028 1690 2086 reperieba-

200 2103 314 2131 mus:
351 2088 598 2145 infectaquc
621 2105 664 2130 re
686 2104 774 2131 sese
798 2088 852 2131 ad
877 2088 1089 2131 Caesarem
1112 2088 1290 2146 recepit.

261 2147 332 2188 58.
369 2148 528 2195 Caesar,
561 2164 648 2204 quo
682 2147 849 2190 facilius
880 2147 1123 2205 equitatum
1154 2146 1465 2204 Pompeianum
1498 2145 1553 2188 ad
1576 2145 1692 2206 Dyr-

202 2204 426 2250 rhachium
455 2206 696 2249 contineret
717 2216 760 2250 et
782 2207 1062 2265 pabulatione
1097 2205 1367 2264 prohiberet,
1400 2204 1545 2248 aditus
1564 2204 1690 2259 duos,

249 2374 416 2405 Amic-itia.
463 2372 518 2403 Sic
545 2372 647 2402 codd.
674 2378 707 2403 ot
737 2373 812 2403 cdd.
840 2380 907 2404 vet.
1027 2375 1052 2405 A
1084 2373 1249 2406 Clodium.
1289 2372 1345 2405 Sic
1361 2374 1549 2407 Marcland.
1566 2386 1598 2417 p.
1611 2377 1686 2408 27⁴.

202 2428 262 2459 pro
276 2428 337 2459 per
348 2418 547 2449 amicitiam.
581 2415 703 2453 Scalig.
721 2416 807 2447 dedit
824 2421 911 2448 anei-
977 2417 1030 2448 Cf.
1048 2428 1077 2449 c.
1093 2419 1147 2448 90.

200 2464 298 2499 cilice,
323 2461 405 2503 quia
423 2466 580 2502 sequatur
599 2462 762 2497 Cceearr's;
787 2461 908 2492 rectius
1031 2463 1239 2493 serm-emur.
1301 2463 1475 2495 Benneius
1521 2462 1554 2494 id
1599 2463 1685 2497 vitio

204 2508 330 2538 Coesari
348 2504 481 2546 legitur,
493 2503 608 2546 judice
626 2505 857 2537 Hotomanno.
979 2506 1062 2537 verti
1077 2516 1141 2537 non
1164 2506 1314 2547 potuisse
1331 2514 1442 2539 monet
1460 2514 1493 2539 et
1511 2507 1575 2548 legi
1587 2508 1686 2550 jubet

251 2551 521 2581 Tormenlmnce.
570 2548 717 2590 Respice
742 2550 784 2580 ad
810 2560 841 2580 c.
858 2553 907 2580 51.
977 2551 1177 2582 riderentur.
1224 2551 1314 2583 Mihi
1339 2552 1389 2583 nil
1413 2552 1610 2584 mutandum
1634 2553 1686 2585 vi-

200 2593 261 2625 alii
279 2595 394 2635 legunt
411 2598 618 2625 mmmmm-e.
977 2595 1084 2625 detur.

248 2639 360 2669 Omnis
382 2638 528 2679 quidem.
575 2637 630 2668 Sic
655 2637 743 2668 Oud.
768 2647 786 2667 ο
811 2638 908 2667 codd.
1025 2640 1150 2670 pravest
1180 2649 1236 2671 sun
1265 2642 1400 2671 nomine
1429 2643 1600 2674 arevw‘mc’.
1626 2640 1686 2682 qui

200 2683 221 2714 i.
233 2693 264 2713 e.
287 2687 322 2713 at
339 2693 414 2713 tero
430 2684 547 2713 omnis.
596 2681 709 2723 Vulgo
726 2683 909 2721 omnisque.
979 2682 1053 2723 ipsc
1065 2689 1113 2713 ost
1127 2683 1392 2724 lmpemlormm·
1404 2685 1468 2716 sub
1480 2686 1686 2726 imperatore

246 2727 396 2764 Abjeclis.
419 2725 481 2756 alii
505 2726 651 2763 wlfec-sis.
675 2725 787 2756 minus
813 2725 908 2755 bene.
978 2727 1104 2757 bellum
1119 2729 1215 2763 zerit.
1257 2729 1459 2760 Emtautem
1472 2729 1588 2771 Scipio
1606 2729 1684 2760 Pro-

202 2769 272 2801 Ncc
304 2770 434 2802 adactis
473 2770 593 2810 probo,
626 2770 718 2810 quod
754 2769 905 2810 placebat
977 2772 1095 2802 consul
1114 2772 1226 2812 Syriam
1273 2773 1327 2803 Cf.
1344 2783 1375 2804 c.
1394 2774 1446 2803 31.
1471 2774 1521 2804 M.

200 2813 346 2845 Jurinio.
392 2815 492 2845 Cont'.
522 2814 613 2845 Oud.
640 2815 684 2845 ad
710 2813 803 2845 Suet.
828 2813 907 2845 Ner.
1022 2816 1237 2853 ,mmm-irum
1273 2817 1344 2847 haec
1371 2817 1546 2849 distinctio
1574 2815 1684 2849 minor

196 2868 228 2889 c.
246 2859 299 2889 3⁴.
977 2860 1063 2891 bene
1079 2869 1114 2890 se
1131 2860 1244 2892 habet.

242 2903 439 2944 Scipionem.
463 2902 534 2935 vid.
552 2914 582 2934 c.
600 2905 655 2935 36.
678 2904 729 2935 M.
1024 2906 1204 2938 Favonius.
1249 2904 1348 2937 Cons.
1364 2915 1395 2937 c.
1413 2907 1463 2937 36.
1487 2906 1538 2938 M.
