1992 3271
260 288 312 330 14
668 249 767 328 DE‘
784 282 984 327 BELLo
1019 263 1309 326 GALLico.

258 423 287 441 ⁶⁶
311 425 543 474 propterea
563 413 679 472 quod
701 413 777 456 illo
794 411 948 455 licente
968 421 1118 455 contra
1139 411 1256 454 liceri
1274 410 1429 453 audeat
1448 426 1584 455 nemo.
1639 411 1722 454 His

257 481 286 500 ‘⁶
309 475 436 516 rebus
471 482 515 515 et
554 488 671 515 suam
709 487 799 514 rem
832 470 1085 513 familiarem
1117 471 1295 519 auxisse,
1333 478 1377 512 et
1409 469 1633 513 facultates
1668 470 1723 513 ad

257 539 285 558 ‘⁶
309 531 577 589 largiendum
608 546 782 588 magnas
803 545 1085 588 comparasse:
1120 544 1322 586 magnum
1349 544 1573 571 numerum
1601 529 1721 586 equi-

257 597 286 616 ‘⁶
310 599 425 631 tatus
453 605 530 632 suo
559 601 704 631 sumtu
729 604 896 646 semper
916 588 1029 629 alere
1054 597 1097 629 et
1118 587 1279 629 circum
1307 603 1349 629 se
1373 586 1549 629 habere:
1583 602 1722 644 neque

257 655 286 673 ‘⁶
308 647 447 689 solum
481 648 612 696 domi,
650 647 721 689 sed
754 647 883 688 etiam
920 645 1037 703 apud
1072 645 1272 687 finitimas
1309 645 1502 687 civitates
1542 644 1722 702 largiter

257 714 285 731 ‘⁶
309 721 450 763 posse:
483 715 614 763 atque
633 705 760 761 hujus
781 705 986 762 potentiae
1004 719 1148 745 caussa
1168 712 1349 745 matrem
1381 703 1424 745 in
1448 703 1723 760 Biturigibus

257 771 285 790 ⁶⁶
308 764 468 806 homini
490 765 577 806 illic
598 763 860 806 nobilissimo
888 779 936 804 ac
970 761 1265 819 potentissimo
1289 761 1546 804 conlocasse:
1581 761 1722 819 ipsum

256 829 284 848 ‘⁶
307 839 359 864 ex
382 822 593 865 Helvetiis
614 837 791 864 uxorem
811 820 987 862 habere:
1021 835 1210 862 sororem
1243 836 1295 861 ex
1315 828 1452 862 matre
1479 828 1523 861 et
1544 819 1721 877 propin-

255 887 285 907 ⁶⁶
308 896 414 938 quas
443 897 538 923 suas
567 889 753 938 nuptum
783 880 826 921 in
855 879 957 920 alias
989 878 1183 920 civitates
1213 878 1469 920 conlocasset
1510 878 1652 919 favere
1679 885 1724 920 et

256 945 285 964 ⁶⁶
308 955 466 996 cupere
501 939 712 981 Helvetiis
741 945 923 995 propter
962 952 1052 978 eam
1084 935 1369 978 adfinitatem:
1422 935 1555 978 odisse
1595 934 1724 977 etiam

255 1004 285 1024 ⁶⁶
308 1013 385 1040 suo
418 997 586 1040 nomine
616 997 828 1039 Caesarem
864 1004 908 1037 et
945 995 1176 1043 Romanos,
1208 995 1325 1052 quod
1356 1009 1505 1037 eorum
1537 993 1726 1036 adventu

256 1063 286 1082 ⁶⁶
309 1057 503 1113 potentia
535 1055 624 1112 ejus
655 1055 875 1096 deminuta
910 1062 953 1096 et
983 1053 1225 1095 Divitiacus
1257 1053 1390 1095 frater
1423 1052 1466 1095 in
1497 1052 1725 1110 antiquum

255 1121 285 1140 ‘⁶
308 1115 452 1157 locum
473 1115 622 1171 gratiae
643 1121 774 1170 atque
794 1111 966 1154 honoris
986 1112 1041 1154 sit
1062 1112 1300 1154 restitutus.
1365 1111 1412 1153 Si
1434 1111 1540 1168 quid
1563 1110 1727 1152 accidat

256 1180 286 1199 ‘⁶
310 1173 530 1222 Romanis,
552 1187 760 1214 summam
788 1171 831 1212 in
852 1186 972 1228 spem
993 1171 1114 1227 regni
1137 1185 1215 1227 per
1251 1169 1473 1212 Helvetios
1505 1167 1727 1211 obtinendi

256 1237 286 1257 ⁶⁶
309 1231 476 1279 venire;
508 1230 690 1288 imperio
727 1229 886 1286 Populi
923 1228 1106 1271 Romani
1139 1244 1224 1271 non
1252 1229 1379 1270 modo
1400 1228 1452 1270 de
1471 1243 1621 1285 regno,
1655 1226 1727 1269 sed

256 1297 286 1315 “
309 1290 436 1332 etiam
458 1289 510 1332 de
530 1305 594 1338 ea,
618 1304 747 1346 quam
769 1287 939 1335 habeat,
975 1287 1115 1344 gratia
1135 1287 1403 1343 desperare.”
1464 1284 1727 1343 Reperiebat

254 1349 384 1390 etiam
416 1348 459 1390 in
480 1346 710 1405 quaerendo
733 1346 892 1393 Caesar,
928 1352 956 1370 ⁶⁶
976 1345 1093 1401 quod
1124 1344 1327 1402 proelium
1354 1350 1552 1401 equestre
1580 1343 1727 1385 adver-

257 1413 286 1432 “
309 1422 402 1448 sum
436 1406 583 1463 paucis
614 1413 712 1446 ante
743 1403 893 1445 diebus
928 1411 1035 1444 esset
1071 1402 1249 1450 factum,
1288 1401 1459 1444 initium
1490 1401 1580 1459 ejus
1611 1401 1726 1458 fugae

257 1471 287 1489 ⁶⁶
309 1464 470 1505 factum
492 1479 516 1505 a
539 1461 810 1518 Dumnorige
832 1470 962 1518 atque
990 1460 1079 1516 ejus
1109 1460 1344 1518 equitibus,
1375 1461 1487 1514 (nam
1510 1459 1726 1517 equitatu,

256 1529 286 1548 ‘⁶
310 1538 440 1579 quem
461 1520 624 1563 auxilio
648 1520 805 1562 Caesari
837 1519 967 1561 AEdui
991 1519 1208 1568 miserant,
1244 1518 1489 1560 Dumnorix
1509 1518 1730 1575 praeerat,)

255 1588 284 1607 ⁶⁶
308 1596 459 1622 eorum
479 1580 584 1636 fuga
604 1578 821 1634 reliquum
841 1593 928 1619 esse
948 1576 1191 1634 equitatum
1212 1577 1537 1634 perte1·ritum.''

317 1638 383 1680 19.
420 1637 591 1686 Quibus
623 1636 750 1677 rebus
785 1635 982 1691 cognitis,
1017 1650 1152 1691 quum
1185 1635 1236 1676 ad
1265 1633 1337 1676 has
1361 1634 1620 1692 suspiciones
1640 1649 1728 1675 cer-

253 1696 425 1741 tissimae
447 1711 514 1736 res
530 1694 793 1743 accederent,
817 1693 934 1750 quod
956 1709 1033 1750 per
1055 1691 1156 1734 fines
1180 1693 1480 1749 Sequanorum
1503 1692 1728 1734 Helvetios

255 1754 576 1801 transduxisset,
599 1752 716 1810 quod
737 1752 902 1794 obsides
923 1751 1035 1793 inter
1054 1767 1124 1792 eos
1142 1751 1301 1793 dandos
1318 1759 1522 1800 curasset,
1544 1750 1662 1808 quod
1681 1765 1731 1792 ea

257 1813 398 1855 omnia
424 1827 509 1854 non
530 1812 656 1853 modo
679 1811 839 1867 injussu
871 1825 948 1852 suo
977 1817 1018 1850 et
1042 1809 1243 1858 civitatis,
1277 1809 1348 1851 sed
1369 1809 1497 1851 etiam
1519 1808 1728 1851 inscienti-

257 1871 338 1913 bus
359 1870 460 1928 ipsis
482 1870 661 1918 fecisset,
695 1869 813 1925 quod
845 1884 870 1909 a
890 1867 1145 1924 magistratu
1169 1867 1411 1910 AEduorum
1433 1875 1727 1909 accusaretur:

257 1929 357 1971 satis
377 1945 463 1971 esse
484 1943 637 1970 caussae
659 1927 973 1974 arbitrabatur,
1000 1942 1133 1982 quare
1156 1925 1197 1967 in
1219 1942 1316 1967 eum
1338 1935 1414 1967 aut
1436 1926 1525 1982 ipse
1545 1923 1730 1967 animad-

256 1996 460 2035 verteret,
489 1995 566 2028 aut
587 1985 801 2028 civitatem
824 1984 1159 2027 animadvertere
1177 1984 1364 2041 juberet..
1430 1983 1510 2025 His
1532 1983 1731 2026 omnibus

257 2046 385 2087 rebus
406 2060 538 2087 unum
562 2044 849 2102 repugnabat,
886 2043 1003 2099 quod
1038 2042 1246 2084 Divitiaci
1275 2041 1420 2084 fratris
1441 2057 1653 2084 summum
1687 2041 1731 2084 in

262 2103 481 2161 Populum
520 2102 761 2144 Romanum
797 2101 1001 2148 studium,
1043 2116 1248 2141 summam
1286 2101 1329 2141 in
1369 2116 1411 2142 se
1447 2100 1731 2149 voluntatem,

256 2161 474 2219 egregiam
507 2160 647 2208 fidem,
679 2159 905 2216 justitiam,
940 2158 1268 2215 temperantiam
1301 2167 1584 2214 cognoverat:
1618 2173 1731 2207 nam,

258 2235 310 2261 ne
346 2220 434 2275 ejus
472 2218 686 2275 subplicio
729 2216 935 2260 Divitiaci
974 2217 1162 2258 animum
1200 2215 1446 2264 offenderet,
1482 2214 1729 2257 verebatur.

261 2277 415 2335 Itaque
451 2276 703 2334 priusquam
741 2275 977 2332 quidquam
1015 2283 1259 2323 conaretur,
1300 2273 1565 2316 Divitiacum
1600 2272 1655 2315 ad
1689 2289 1732 2316 se

306 2381 369 2412 Illo
399 2381 520 2411 licente.
547 2379 607 2410 alii
637 2380 769 2411 dicente.
801 2379 901 2417 male,
929 2383 962 2408 et

260 2434 338 2456 mox
353 2424 582 2456 contradicere.

308 2468 370 2498 Sed
384 2469 481 2498 etiam
497 2468 599 2508 apud.
646 2467 683 2496 Τὸ
705 2468 803 2498 etIcrm
821 2466 910 2496 deest
930 2464 962 2495 in

260 2512 336 2542 cod.
354 2509 510 2541 Dorvillii
526 2516 559 2541 et
575 2510 650 2540 edd.
666 2515 732 2540 vet.
756 2509 808 2539 Sic
823 2515 855 2539 et
868 2507 963 2547 alibi,

263 2561 296 2586 ut
318 2557 345 2585 1.
363 2556 416 2584 43.
465 2553 549 2584 vide
565 2560 597 2584 et
615 2555 646 2589 6,
662 2555 716 2584 43.

308 2599 490 2629 Divitiacus
503 2599 600 2628 restit.
623 2596 677 2627 Cf.
691 2607 721 2627 c.
740 2600 769 2627 3.
794 2597 843 2628 M.

310 2644 345 2671 Si
368 2642 448 2681 quid
468 2641 590 2673 accidat
616 2642 783 2672 Romanis.
828 2637 965 2670 lntrudit

264 2686 289 2716 1.
305 2684 344 2714 C.
362 2685 406 2715 11.
436 2687 583 2724 syr-arius.
622 2683 802 2714 invenuste.
855 2682 965 2713 Caesar

263 2727 374 2767 μείωσιν
390 2728 442 2758 vel
460 2728 630 2767 εὐφημισμὸν
644 2727 783 2758 adhibet
797 2725 942 2767 egregie.

311 2772 450 2811 Imperio
468 2773 548 2811 Pop.
568 2773 660 2802 Rom.
686 2770 761 2807 i.e.,
783 2769 964 2810 imperante

267 2825 347 2855 pop.
366 2815 465 2844 Rom.
511 2814 574 2845 Sed
591 2818 622 2849 2,
642 2817 668 2845 1.
685 2820 748 2846 est.
770 2815 803 2844 in
818 2814 966 2855 imperio.

263 2858 383 2888 eodem
400 2867 494 2887 sensu
509 2869 516 2887 ι
540 2864 573 2888 et
592 2859 692 2889 modo
706 2857 848 2894 additur,
863 2857 964 2887 modo

264 2900 428 2932 omittitur
442 2900 524 2930 illud
539 2904 585 2932 in.
611 2902 661 2932 ΛΜ.

312 2945 356 2975 In
384 2945 570 2985 quaerendo.
617 2944 669 2975 Sic
695 2943 841 2975 codices.
865 2942 963 2983 vulgo

262 2988 468 3029 inquirendo.

313 3031 406 3065 Quod
424 3033 579 3071 proelt'mn
593 3037 751 3073 equestre,
766 3036 830 3062 etc.
875 3029 965 3061 Citra

264 3073 494 3106 necessitatem
518 3075 713 3106 ἀνακόλουθον
732 3074 808 3113 heic
824 3075 964 3115 adgnos-

1029 2384 1109 2408 cunt
1142 2376 1344 2417 interpretes,
1374 2375 1407 2407 in
1438 2376 1624 2416 refingendo
1654 2376 1732 2408 loco

1029 2422 1115 2452 male
1132 2421 1250 2452 seduli.
1280 2419 1429 2451 Perizon.
1445 2421 1486 2451 ad
1505 2419 1629 2451 sanctii
1645 2419 1730 2451 Min.

1030 2468 1062 2501 4,
1077 2466 1126 2495 11.
1141 2463 1287 2505 explicat
1298 2463 1364 2495 sic:
1386 2465 1579 2505 ¹inquirendo
1596 2463 1628 2494 in
1645 2474 1732 2505 proe-

1030 2508 1125 2546 lium,
1153 2509 1240 2549 quod
1263 2513 1328 2538 etc.
1352 2513 1428 2538 tunc
1452 2513 1563 2538 autem
1587 2506 1734 2539 Hausius

1031 2557 1124 2592 putat
1153 2552 1330 2593 legendum
1359 2557 1538 2592 repererat.
1585 2550 1616 2581 Si
1647 2550 1732 2592 legin

1029 2597 1062 2626 in
1079 2596 1267 2635 quoeremlo,
1289 2593 1466 2625 subaudies
1486 2595 1525 2626 cle
1535 2595 1660 2635 proelio.
1704 2594 1731 2625 Ι.

1030 2638 1068 2669 C.
1088 2639 1130 2669 Η.
1148 2649 1206 2680 pro
1222 2638 1307 2679 quod
1323 2637 1467 2669 malebat
1483 2647 1599 2679 quum.

1077 2683 1235 2713 Proelium
1249 2687 1403 2722 equestre.
1425 2680 1479 2712 Cf.
1495 2692 1525 2712 c.
1544 2683 1594 2712 15.
1617 2681 1668 2712 M.

1078 2726 1171 2760 Quod
1291 2725 1535 2757 transduoee'sset.
1563 2724 1585 2754 i.
1602 2735 1645 2762 e.‚
1669 2722 1732 2754 im-

1032 2774 1188 2808 petrasset
1207 2779 1224 2799 a
1243 2767 1412 2809 Sequanis.
1434 2773 1470 2799 ut
1486 2778 1543 2809 per
1558 2768 1638 2798 fines
1653 2777 1731 2798 suos

1032 2812 1207 2843 Helvetios
1224 2812 1268 2843 ire
1286 2817 1484 2852 paterentur.
1506 2810 1560 2841 Cf.
1577 2821 1607 2841 c.
1623 2812 1655 2842 9.
1681 2811 1731 2841 M.

1078 2857 1214 2895 Injussu
1232 2866 1302 2890 suo.
1326 2855 1448 2896 injussu
1464 2853 1613 2885 Caesaris.
1637 2854 1687 2885 M.

1079 2900 1266 2940 Imaips-is.
1291 2898 1368 2936 i.e.,
1383 2897 1523 2929 civibus.
1548 2898 1598 2927 M.

1080 2944 1143 2973 His
1166 2943 1313 2973 omnibns
1336 2942 1443 2974 rebus.
1489 2940 1527 2969 Τδ
1554 2941 1650 2972 rebus
1674 2940 1731 2971 de-

1032 2985 1113 3016 lerat
1151 2985 1308 3026 Scaliger,
1343 2983 1491 3025 reposuit
1526 2983 1678 3015 Clarkius
1712 2993 1732 3013 e

1033 3028 1129 3059 bonis
1162 3029 1260 3061 codd.
1289 3033 1321 3059 et
1352 3028 1404 3060 ed.
1436 3032 1500 3060 vet.
1553 3025 1605 3060 Cf.
1636 3033 1669 3058 et
1701 3030 1734 3063 5,

1033 3075 1086 3110 51,
1104 3075 1154 3104 52.

1985 2026 1992 2082 -—.-

1745 2562 1765 2572 n
