1946 3261
252 193 341 237 242
662 192 746 237 DE
779 192 984 237 BELLO
1017 193 1314 238 GALLICO.

255 319 504 362 Dumnacus
526 317 704 362 instruit
725 321 875 371 aciem,
897 337 995 379 quae
1011 321 1096 364 suis
1125 330 1234 364 esset
1267 321 1490 380 equitibus
1519 322 1564 364 in
1595 320 1732 364 vicem

254 377 468 436 praesidio.
532 377 646 420 Tum
686 388 866 438 repente
901 381 1108 424 confertae
1147 381 1338 439 legiones
1374 381 1416 424 in
1456 388 1734 438 conspectum

251 435 441 478 hostium
462 437 655 480 veniunt.
712 439 883 488 Quibus
901 439 1000 482 visis
1021 440 1228 497 perculsae
1248 440 1542 484 barbarorum
1561 448 1733 488 turmae,

248 494 497 552 perterritae
517 496 627 539 acies
643 496 846 548 hostium,
863 499 1125 556 perturbato
1139 499 1531 558 inpedimentorum
1546 497 1733 557 agmine,

249 568 406 611 magno
428 553 616 598 clamore
648 556 930 614 discursuque
969 558 1126 616 passim
1161 559 1274 615 fugae
1308 575 1351 601 se
1383 557 1608 601 mandant.
1673 556 1736 598 At

246 612 385 654 nostri
419 614 604 671 equites,
643 616 718 673 qui
749 616 898 674 paullo
930 625 1030 660 ante
1051 633 1148 659 cum
1174 617 1472 661 resistentibus
1502 615 1734 659 fortissime

248 670 548 724 conflixerant,
585 674 738 718 laetitia
771 675 965 719 vietoriae
1000 675 1121 726 elati,
1148 693 1305 735 magno
1327 675 1522 734 undique
1544 675 1734 718 clamore

246 729 438 782 sublato,
459 733 712 777 cedentibus
733 734 1000 787 circumfusi,
1029 744 1243 793 quantum
1279 752 1495 794 equorum
1528 735 1642 778 vires
1677 731 1735 775 ad

248 791 601 848 persequendum
621 793 872 852 dextraeque
899 794 953 837 ad
989 794 1239 838 caedendum
1277 796 1441 845 valent,
1478 802 1650 837 tantum
1681 806 1735 835 eo

247 848 407 905 proelio
429 850 713 895 interficiunt.
777 852 932 911 Itaque
955 854 1141 912 amplius
1162 854 1338 898 milibus
1368 853 1457 897 XII
1490 861 1567 896 aut
1597 866 1736 895 arma-

244 914 408 959 torum,
430 919 510 953 aut
530 927 697 963 eorum,
728 913 804 969 qui
833 913 991 957 timore
1018 929 1137 956 arma
1160 914 1453 972 projecerant,
1473 909 1730 961 interfectis,

247 967 385 1011 omnis
402 969 638 1014 multitudo
661 972 832 1030 capitur
850 972 1261 1032 inpedimentorum.

304 1025 378 1069 30·
423 1028 522 1078 Qua
555 1046 608 1073 ex
637 1030 756 1088 fuga,
794 1048 929 1090 quum
957 1041 1192 1082 constaret,
1217 1032 1477 1091 Drappeten
1501 1032 1733 1079 Senonem,

247 1084 358 1141 (qui,
381 1094 432 1128 ut
454 1088 644 1144 primum
666 1090 887 1134 defecerat
910 1092 1075 1142 Gallia,
1099 1091 1305 1135 conlectis
1324 1091 1518 1148 undique
1552 1087 1737 1148 perditis

244 1141 505 1196 hominibus,
539 1149 673 1192 servis
702 1150 758 1192 ad
789 1150 1042 1194 libertatem
1078 1151 1259 1201 vocatis,
1294 1150 1512 1193 exsulibus
1543 1147 1734 1192 omnium

245 1201 489 1246 civitatium
509 1205 701 1258 adscitis,
737 1211 923 1266 receptis
956 1210 1215 1260 latronibuS‚
1239 1208 1534 1267 inpedimenta
1556 1213 1602 1247 et
1622 1220 1735 1248 com-

244 1270 410 1303 meatus
434 1262 730 1308 Romanorum
749 1267 1059 1322 interceperat)
1094 1280 1179 1306 non
1213 1266 1399 1321 amplius
1436 1263 1656 1306 hominum
1687 1261 1733 1306 II

243 1320 418 1363 milibus
445 1336 498 1363 ex
528 1321 633 1379 fuga
654 1320 874 1370 conlectis,
913 1323 1187 1364 Provinciam
1223 1331 1391 1379 petere,
1430 1338 1604 1380 unaque
1635 1337 1735 1366 con-

244 1379 388 1422 silium
409 1394 509 1421 cum
530 1393 582 1420 eo
606 1379 863 1421 Lucterium
886 1380 1137 1423 Cadurcum
1164 1381 1338 1438 cepisse,
1359 1397 1490 1439 quem
1511 1381 1735 1439 superiore

245 1437 574 1487 commentario,
598 1438 736 1495 prima
758 1437 1002 1482 defectione
1025 1439 1198 1488 Galliae,
1226 1440 1369 1483 facere
1397 1440 1440 1483 in
1463 1440 1735 1483 Provinciam

244 1497 444 1555 inpetum
485 1496 686 1547 voluisse,
726 1498 950 1557 cognitum
984 1507 1048 1541 est
1071 1501 1103 1556 :)
1151 1499 1358 1542 Caninius
1395 1499 1590 1558 Legatus
1633 1515 1734 1542 cum

243 1555 489 1613 legionibus
511 1555 554 1598 II
587 1556 642 1598 ad
675 1573 747 1600 eos
786 1557 1106 1616 persequendos
1143 1559 1382 1608 contendit,
1419 1573 1471 1601 ne
1504 1558 1562 1601 de
1597 1557 1732 1601 detri-

246 1623 396 1659 mento
438 1623 516 1658 aut
557 1615 713 1658 timore
757 1615 998 1660 Provinciae
1033 1634 1192 1676 magna
1227 1618 1416 1667 infamia,
1456 1617 1731 1676 perditorum

249 1673 471 1718 hominum
492 1673 742 1725 latrociniis,
766 1686 1012 1733 caperetur.

305 1734 377 1776 31.
414 1733 467 1775 C.
489 1732 647 1776 Fabius
668 1750 765 1776 curn
783 1734 954 1793 reliquo
975 1735 1229 1780 exercituin
1248 1737 1462 1779 Carnutes
1477 1744 1732 1793 ceterasque

247 1791 537 1851 proficiscitur
559 1792 773 1843 civitates,
809 1809 993 1852 quarum
1023 1812 1074 1839 eo
1098 1795 1272 1854 proelio,
1312 1795 1429 1854 quod
1461 1811 1558 1838 cum
1597 1795 1732 1838 Dum-

247 1867 355 1894 naco
377 1851 555 1902 fecerat,
578 1852 723 1910 copias
743 1869 830 1896 esse
849 1854 1004 1897 accisas
1025 1855 1212 1897 sciebat:
1248 1871 1331 1898 non
1346 1855 1459 1897 enim
1480 1854 1732 1903 dubitabat,

248 1911 357 1967 quin
398 1911 563 1953 recenti
603 1911 852 1955 calamitate
890 1914 1186 1957 submissiores
1227 1923 1367 1957 essent
1404 1914 1596 1963 futurae;
1628 1913 1733 1956 dato

247 1985 354 2012 vero
386 1969 527 2028 spatio
549 1986 599 2012 ac
623 1980 835 2029 tempore,
869 1972 1020 2015 eodem
1060 1974 1245 2016 instante
1280 1974 1522 2021 Dumnaco,
1560 1981 1733 2030 possent

249 2029 474 2071 concitari.
540 2030 639 2079 Qua
675 2031 717 2072 in
748 2047 793 2073 re
827 2048 992 2074 summa
1029 2032 1214 2074 felicitas
1247 2032 1529 2090 celeritasque
1564 2032 1606 2074 in
1627 2031 1734 2074 reci-

245 2087 411 2144 piendis
433 2087 682 2131 civitatibus
706 2089 891 2132 Fabium
912 2092 1204 2149 consequitur.
1270 2092 1384 2134 Nam
1403 2091 1636 2140 Carnutes,
1657 2089 1734 2148 qui

248 2161 361 2204 saepe
383 2147 527 2188 vexati
550 2163 786 2206 numquam
809 2150 924 2207 pacis
945 2151 1137 2193 fecerant
1169 2151 1449 2199 mentionem,
1481 2149 1594 2192 datis
1623 2149 1733 2192 obsi-

248 2203 394 2254 dibus,
415 2204 596 2248 veniunt
617 2207 659 2249 in
678 2207 946 2252 deditionem
968 2225 978 2259 ;
1010 2219 1252 2267 ceteraeque
1277 2210 1489 2259 civitates,
1520 2208 1670 2267 positae
1689 2208 1732 2251 in

292 2316 337 2347 In
348 2322 564 2358 conspectum.
578 2316 718 2358 quidam
731 2321 763 2350 in
779 2326 957 2361 cotteym-tu.
1029 2319 1156 2351 habent
1193 2322 1227 2351 in
1264 2329 1337 2362 sup.
1367 2331 1490 2352 comm.
1520 2318 1582 2351 alii
1611 2330 1630 2352 e
1658 2330 1732 2362 sup.

304 2361 442 2392 Turmoe
455 2360 620 2402 equitum,
631 2364 714 2393 acies
724 2363 890 2403 peditum.
908 2366 959 2395 M.
1027 2375 1148 2396 comm.

299 2405 508 2445 Drappetem
531 2404 593 2436 alii
614 2407 782 2446 Drapten.
1077 2410 1130 2439 De
1145 2409 1347 2440 derv-immun.
1389 2407 1580 2439 Delendum
1604 2414 1656 2439 est
1680 2407 1734 2446 de,

307 2450 348 2481 Ut
365 2451 516 2490 primum
535 2449 602 2491 def.
628 2450 717 2482 Gall.
761 2451 860 2483 Conf.
878 2454 910 2491 7,
930 2455 957 2485 1.
1028 2453 1120 2494 quod
1137 2452 1221 2484 nulli
1242 2451 1311 2483 fere
1332 2452 1432 2484 codd.
1457 2458 1655 2494 agnoscunt.
1680 2452 1732 2483 M.

251 2492 304 2525 M.
1029 2498 1166 2529 Servant
1186 2496 1310 2527 Audin.
1326 2502 1359 2527 et
1375 2496 1486 2528 Oxon.

304 2537 386 2569 Em.
410 2540 565 2569 omnium
589 2541 651 2569 civ.
669 2538 960 2581 adscitam-ereptis
1078 2543 1197 2582 Copias
1225 2551 1290 2572 esse
1315 2543 1452 2572 accisae.
1501 2539 1553 2573 Sic
1582 2552 1602 2572 e
1633 2539 1732 2572 codd.

256 2582 455 2613 latronibus.
471 2581 532 2613 alii
548 2593 617 2615 ems.
642 2584 795 2614 omnibus
809 2588 960 2615 omnium
1033 2584 1174 2617 Vossius
1190 2597 1197 2623 ;
1212 2585 1273 2616 alii
1290 2588 1424 2624 accitas,
1439 2591 1570 2623 auctas,
1584 2586 1719 2617 occisas.

257 2628 319 2657 riv.
336 2628 448 2658 accitis
476 2626 559 2665 (hoc
585 2627 619 2659 in
648 2626 727 2658 aliis
756 2628 866 2666 deest)
893 2639 959 2660 rec.
1078 2631 1240 2661 laetante.
1272 2629 1326 2660 Al.
1359 2631 1546 2669 instiqanle.
1574 2628 1667 2670 quod
1686 2627 1735 2658 iu-

259 2670 455 2702 latrociniis.
1030 2680 1325 2715 terpretamentum
1339 2679 1402 2704 est.
1418 2674 1468 2704 M.

308 2716 518 2747 Commeatus
537 2715 632 2747 Rom.
647 2715 707 2747 alii
723 2719 910 2749 comitatus.
926 2723 962 2749 ut
1079 2720 1242 2750 Carnutes
1256 2727 1449 2759 numquam
1461 2714 1622 2759 Junci-esec.
1633 2720 1735 2748 men!-

267 2758 296 2795 1,
313 2760 366 2790 34.
384 2762 415 2797 5,
432 2760 486 2790 23.
511 2760 567 2791 Al.
580 2764 634 2791 25.
650 2760 705 2792 Af.
723 2763 754 2792 8.
1033 2761 1099 2793 Sed
1123 2761 1192 2793 vid.
1211 2764 1241 2801 6,
1261 2766 1292 2794 4.
1336 2761 1471 2793 Monuit
1493 2759 1646 2791 Vossius.
1684 2760 1733 2791 M.

307 2802 354 2834 II
366 2804 514 2836 milibus.
528 2803 590 2836 alii
612 2806 650 2836 V.
1033 2806 1167 2838 Falsum
1182 2807 1334 2845 omnino,
1350 2806 1416 2838 nisi
1432 2803 1613 2846 intelligas,
1637 2814 1658 2839 a
1672 2813 1734 2837 no·

308 2846 426 2887 Super.
439 2855 613 2882 comment.
640 2848 740 2881 Conf.
759 2850 790 2889 7,
806 2851 836 2882 7.
850 2851 963 2892 prima
1032 2849 1171 2886 vissima
1187 2850 1432 2896 conjuratione.

260 2887 449 2931 defeccione,
466 2891 565 2927 initio
580 2893 796 2928 desectionis.
810 2895 862 2930 M.
893 2894 960 2928 Alii
