1946 3261
564 233 682 278 LIB.
716 234 754 277 Ι.
817 235 958 279 CAP.
992 234 1182 278 75—79.
1558 235 1648 280 303

154 358 232 417 qui
267 368 541 419 receperant,
573 361 716 404 celant
750 369 970 419 noctuque
1003 376 1082 420 per
1104 362 1269 405 vallum
1288 362 1510 406 emittunt.
1574 361 1650 405 Sic

155 427 301 462 terror
321 419 495 463 oblatus
514 437 540 463 a
562 421 776 470 Ducibus,
799 419 1034 464 crudelitas
1054 420 1098 462 in
1115 421 1346 479 subplicio,
1368 437 1479 465 nova
1494 420 1651 479 religio

149 477 455 537 jurisjurandi,
486 495 605 538 spem
645 480 865 538 praesentis
897 478 1128 522 deditionis
1164 480 1358 531 sustulit,
1399 490 1652 540 mentesque

158 536 350 580 militum
371 540 588 581 convertit
608 548 654 581 et
673 555 763 581 rem
781 539 835 581 ad
854 537 1081 597 pristinam
1102 538 1209 581 belli
1230 539 1441 583 rationem
1462 539 1650 599 redegit.

215 596 288 638 77.
322 597 485 647 Caesar,
507 597 584 654 qui
603 597 761 640 milites
783 597 1131 641 adversariorum
1153 597 1197 639 in
1213 606 1355 640 castra
1375 615 1457 658 per
1477 607 1652 657 tempus

158 655 379 713 conloquii
419 664 645 706 venerant,
687 672 851 699 summa
899 655 1126 714 diligentia
1167 657 1366 713 conquiri
1405 666 1450 700 et
1491 657 1655 701 remitti

152 715 301 774 jubet:
335 713 409 757 sed
430 731 484 757 ex
504 730 685 757 numero
706 715 1007 759 Tribunorum
1028 715 1219 758 militum
1242 715 1651 774 Centurionumque

156 773 355 818 nonnulli
396 789 475 815 sua
509 774 740 817 voluntate
775 774 891 832 apud
931 790 1031 817 eum
1072 782 1389 825 remanserunt,
1432 791 1541 833 quos
1577 776 1654 819 ille

157 841 311 892 postea
341 848 500 890 magno
537 832 580 875 in
611 833 774 876 honore
807 833 982 877 habuit:
1029 833 1319 876 Centuriones
1349 834 1392 877 in
1423 834 1655 893 ampliores

157 892 345 942 ordines,
368 892 553 949 Equites
575 891 794 935 Romanos
816 893 859 935 in
881 893 1182 936 Tribunitium
1205 893 1400 936 restituit
1419 892 1640 937 honorem.

215 951 286 994 78.
322 951 644 994 Premebantur
661 951 887 994 Afraniani
908 951 1209 1010 pabulatione,
1228 953 1509 1010 aquabantur
1524 967 1657 1011 aegre,

157 1010 366 1054 frumenti
384 1011 554 1068 copiam
574 1010 798 1069 legionarii
815 1010 1069 1053 nonnullam
1085 1010 1326 1062 habebant;
1347 1011 1468 1071 quod
1485 1011 1658 1054 dierum

159 1069 291 1114 XXII
322 1070 379 1113 ab
402 1068 548 1113 Ilerda
576 1070 847 1113 frumentum
876 1070 980 1128 jussi
1001 1079 1126 1113 erant
1148 1071 1326 1121 efferre3
1357 1071 1515 1114 cetrati
1537 1070 1657 1114 auxi-

159 1129 376 1187 liaresque
405 1128 588 1178 nullam,
610 1145 802 1187 quorum
836 1137 961 1172 erant
989 1137 1035 1172 et
1067 1129 1298 1173 facultates
1330 1131 1386 1174 ad
1414 1130 1657 1189 parandum

157 1188 339 1247 exiguae,
359 1196 404 1231 et
421 1204 605 1246 cor-pora
625 1190 793 1231 insueta
811 1188 867 1230 ad
884 1204 1016 1231 onera
1032 1189 1269 1248 portanda:
1306 1190 1456 1248 itaque
1476 1205 1658 1249 magnus

160 1263 314 1291 eorum
351 1248 547 1305 quotidie
578 1263 783 1290 numerus
819 1247 876 1290 ad
899 1248 1113 1291 Caesarem
1151 1249 1446 1308 perfugiebat.
1510 1248 1564 1293 In
1595 1248 1660 1291 his

161 1314 257 1349 erat
288 1306 497 1364 angustiis
518 1322 606 1356 res3
638 1306 712 1349 sed
746 1323 799 1349 ex
829 1308 1066 1365 propositis
1098 1308 1285 1352 consiliis
1315 1309 1489 1352 duobus
1521 1307 1659 1368 expli-

161 1365 289 1408 citius
325 1364 579 1414 videbatur,
614 1364 803 1408 Ilerdam
834 1365 1012 1416 reverti,
1045 1366 1164 1424 quod
1196 1366 1258 1410 ibi
1289 1367 1538 1426 paullulum
1568 1371 1661 1411 fru-

162 1424 298 1468 menti
329 1423 622 1482 reliquerant:
671 1424 732 1466 ibi
768 1441 812 1467 se
851 1424 1070 1481 reliquum
1102 1425 1330 1470 consilium
1365 1426 1661 1486 explicaturos

161 1482 448 1527 confidebant.
509 1483 703 1526 Tarraco
725 1483 879 1526 aberat
899 1483 1090 1541 longius:
1124 1500 1214 1542 quo
1234 1485 1375 1544 spatio
1396 1486 1546 1545 plures
1566 1501 1659 1531 rem

162 1557 287 1602 posse
307 1558 428 1585 casus
449 1542 643 1600 recipere
664 1542 995 1600 intellegebant.
1060 1543 1159 1586 Hoc
1177 1545 1371 1602 probato
1389 1544 1584 1595 consili0‚
1604 1561 1659 1592 ex

161 1601 313 1644 castris
333 1600 684 1659 proficiscuntur.
747 1601 911 1651 Caesar,
939 1601 1141 1659 equitatu
1163 1604 1398 1661 praemisso,
1421 1604 1496 1661 qui
1518 1605 1661 1648 novis-

161 1660 318 1704 simum
336 1675 494 1717 agmen
514 1668 718 1718 carperet
749 1667 883 1718 atque
905 1660 1142 1718 inpediret,
1173 1663 1265 1721 ipse
1295 1679 1394 1706 cum
1415 1662 1659 1721 legionibus

162 1719 462 1777 subsequitur.
534 1719 722 1762 Nullum
760 1719 1061 1763 intercedebat
1099 1729 1288 1780 tempus,
1328 1722 1435 1781 quin
1475 1722 1661 1767 extremi

163 1794 263 1822 cum
283 1778 507 1838 equitibus
527 1778 854 1837 proeliarentur.

222 1837 293 1881 79.
328 1839 480 1880 Genus
511 1845 608 1881 erat
638 1837 719 1880 hoc
754 1854 927 1897 pugnae.
989 1838 1222 1898 Expeditae
1256 1837 1455 1884 cohortes
1486 1839 1661 1884 novissi-

161 1914 281 1942 mum
316 1912 473 1955 agmen
509 1896 792 1946 claudebant;
841 1898 1091 1956 pluriesque
1131 1898 1175 1941 in
1207 1899 1311 1942 locis
1341 1899 1659 1958 campestribus

162 1957 478 1999 subsistebant:
526 1956 560 1999 si
601 1971 721 1999 mons
760 1967 857 2000 erat
893 1957 1235 2008 adscendendus‚
1275 1959 1399 2001 facile
1437 1960 1532 2018 ipsa
1573 1959 1659 2002 loci

164 2025 322 2060 natura
342 2015 587 2075 periculum
608 2016 870 2075 repellebat,
902 2017 1022 2076 quod
1043 2033 1097 2060 ex
1119 2017 1223 2060 locis
1243 2018 1559 2076 superioribus,
1580 2019 1659 2077 qui

167 2144 262 2175 darat
287 2143 429 2176 Ursinus
451 2154 472 2175 e
496 2149 567 2176 vet.
589 2145 667 2177 cod.
691 2144 770 2177 huic
795 2156 880 2178 con·
943 2146 1028 2185 vet.)
1043 2145 1202 2179 scribitur
1216 2148 1263 2180 ad
1277 2149 1474 2190 prandium.
1506 2150 1658 2185 Debuis-

166 2187 267 2220 sentit
279 2188 419 2221 Norvic.
944 2197 996 2223 set
1011 2191 1130 2222 saltem
1140 2193 1342 2233 parandum
1356 2194 1450 2226 addi.
1472 2196 1525 2227 M.

215 2233 242 2264 Α
276 2233 442 2265 Ducibus.
501 2232 786 2276 Praepositionem
818 2233 879 2265 alii
992 2235 1242 2277 Explicaturos.
1265 2237 1326 2270 alii
1341 2240 1542 2280 eaplemros.

169 2276 343 2308 omittunt.
367 2283 404 2309 ut
427 2284 460 2309 et
487 2289 578 2317 mox,
608 2277 669 2309 ubi
693 2288 818 2319 mayno
843 2280 879 2310 <in
993 2279 1203 2322 Pluriesque.
1246 2281 1300 2313 Sic
1317 2281 1522 2316 Ciacconius
1542 2296 1562 2317 e
1577 2295 1660 2317 con-

167 2322 304 2353 sumor&
944 2323 1087 2365 jectura,
1101 2334 1200 2356 sensu
1215 2328 1418 2359 commodoe
1442 2328 1477 2360 in
1489 2331 1592 2362 codd.
1607 2336 1660 2362 est

218 2366 263 2396 In
290 2365 432 2398 Tribun.
451 2370 556 2399 restit.
579 2368 658 2399 hon.
705 2365 881 2398 Tribunos
948 2368 1136 2411 pluresque,
1153 2380 1253 2402 sensu
1270 2371 1384 2404 nullo:
1416 2372 1592 2405 dubitatur
1608 2380 1659 2406 ta-

171 2407 322 2440 militum
332 2410 428 2442 fecit.
447 2412 627 2443 Cellarius.
662 2411 728 2442 Pro
744 2411 884 2453 Equites
950 2422 1041 2451 men,
1053 2423 1094 2444 an
1108 2413 1202 2445 illius
1216 2415 1326 2447 aetatis
1341 2416 1524 2459 scriptores
1534 2420 1660 2460 pluries

175 2454 349 2485 Romanos
362 2454 504 2487 Vossius
519 2465 538 2486 e
549 2455 669 2487 codice
681 2465 748 2487 uno
759 2461 791 2489 et
808 2457 886 2487 Tri-
950 2455 1112 2489 dixerint:
1130 2459 1188 2490 sed
1200 2458 1408 2493 Ciacconius
1419 2463 1577 2494 amandat
1590 2463 1659 2494 lee-

172 2497 276 2529 bunos
291 2496 359 2539 legi
375 2500 460 2539 vult,
481 2499 563 2541 quia
579 2500 693 2541 paullo
712 2505 790 2531 ante
805 2499 884 2530 Τι·ἰ-
950 2505 1039 2532 tores
1054 2502 1096 2533 ad
1112 2502 1203 2535 Gell.
1219 2504 1261 2535 N.
1275 2505 1315 2535 A.
1332 2509 1365 2536 5.
1383 2506 1443 2537 ult.
1489 2506 1659 2548 Equidem

173 2540 258 2572 buni
269 2541 421 2574 militum
434 2543 570 2576 venisse
584 2544 756 2582 dicuntur,
770 2548 803 2575 et
815 2553 883 2575 non
951 2545 1062 2587 probo
1074 2547 1151 2578 edd.
1163 2547 1351 2589 primarum
1365 2550 1564 2582 lectionem:
1578 2552 1661 2593 plu·-

174 2595 293 2616 omnes
303 2585 449 2618 Tribuni
465 2587 614 2619 militum
631 2589 762 2620 fuerunt
776 2587 886 2629 Equi·
948 2600 1066 2632 resque
1081 2606 1125 2614 —-
1141 2594 1357 2632 sustinebant,
1388 2594 1423 2625 h.
1437 2605 1469 2625 e.
1503 2595 1664 2636 pluribus

174 2636 236 2669 tes,
253 2631 311 2661 sed
328 2636 361 2661 et
378 2630 521 2672 plebeii.
566 2633 696 2664 Eadem
716 2632 821 2664 lectio
835 2638 885 2664 est
952 2644 1050 2675 pares
1071 2640 1178 2667 erant.
1202 2637 1255 2668 M.
1301 2637 1445 2670 Ursinus
1463 2643 1497 2670 et
1519 2639 1662 2672 Hotom-

175 2673 209 2706 in
225 2685 294 2706 uno
310 2675 429 2706 codice
446 2675 535 2707 Oud.
559 2677 610 2708 M.
952 2689 1072 2710 verum
1106 2679 1178 2721 jam
1204 2681 1367 2713 viderant.
1401 2682 1492 2714 Oud.
1519 2685 1664 2726 recepit.

222 2720 369 2751 Dim-um
384 2721 506 2751 XXII
514 2720 556 2752 ab
573 2720 693 2752 Ilerda
706 2726 772 2752 etc.
796 2719 885 2752 Con·
957 2724 1167 2764 Compluries
1182 2723 1269 2755 dixit
1280 2724 1364 2757 Cato
1379 2727 1470 2768 apud
1484 2726 1573 2759 Gell.
1588 2729 1613 2761 l.
1629 2739 1663 2760 c.

175 2763 317 2795 trarium
332 2769 444 2795 narrat
460 2763 529 2795 Dio
548 2766 602 2802 41,
620 2766 675 2796 20.
955 2772 988 2798 et
1012 2767 1128 2798 Plaut.
1154 2768 1187 2799 in
1213 2769 1306 2800 Pers.
1323 2773 1354 2808 4,
1378 2772 1409 2809 3,
1431 2773 1484 2802 65.
1531 2771 1663 2810 Quidni

222 2808 275 2839 Ad
300 2809 513 2850 parandum.
572 2808 652 2840 Sine
682 2808 788 2840 dubio
819 2808 885 2840 hoc
953 2821 1034 2852 ergo
1061 2816 1096 2843 et
1117 2811 1262 2854 simplex
1286 2813 1433 2855 probum
1453 2815 1518 2848 sit?
1553 2817 1665 2849 Bentl.

176 2856 307 2883 rectum
323 2857 387 2883 est.
421 2851 658 2884 Nihilominus
674 2852 709 2884 in
726 2852 887 2885 omnibus
954 2854 1095 2896 conjicit
1112 2855 1177 2899 leg.
1188 2858 1366 2902 pluresque
1386 2861 1516 2902 inpetus
1528 2863 1666 2896 susci-ne-

178 2893 274 2931 MSS.
299 2896 399 2937 meis,
420 2907 562 2932 numero
577 2898 717 2938 decem,
739 2898 790 2938 (et
810 2898 891 2931 edd.
955 2899 1051 2933 bam.
