1946 3261
630 139 748 186 LIB.
783 139 819 185 1.
883 139 1021 187 GAP.
1055 139 1246 188 53—58.
1594 136 1684 181 293

183 264 370 311 scienter
416 266 461 312 in
497 266 604 314 duas
641 278 788 330 partes
827 287 916 314 sese
952 269 1253 321 distribuunt;
1295 267 1387 320 alii,
1426 274 1479 313 ut
1519 264 1683 328 praedae

184 327 384 429 praesidio
404 328 516 379 sint:
549 329 639 379 alii,
662 338 713 372 ut
732 329 1007 374 venientibus
1028 331 1229 374 resistant
1249 338 1383 389 atque
1406 346 1480 374 eos
1503 325 1684 388 propel-

200 395 302 429 ant:
344 403 561 447 unamque
594 389 834 439 eohortem,
870 406 968 448 quae
1005 397 1169 432 temere
1208 398 1310 433 ante
1346 398 1513 433 ceteras
1553 394 1685 430 extra

181 444 317 490 aciem
337 458 636 506 procurrerat‚
657 448 865 492 seclusam
883 449 940 492 ab
960 447 1142 505 reliquis
1172 447 1519 493 circumveniunt
1549 455 1687 504 atque

181 504 466 557 interficiunt,
489 507 811 566 incolumesque
834 523 933 552 cum
952 523 1108 566 magna
1131 507 1282 566 praeda
1304 508 1458 552 eodem
1482 516 1615 567 ponte
1636 506 1683 549 in

182 573 324 607 castra
347 574 645 610 revertuntur.

241 622 311 665 56.
346 625 465 667 Dum
487 625 577 668 haec
608 626 665 669 ad
699 625 888 671 Ilerdam
919 633 1152 684 geruntur,
1190 623 1495 674 Massilienses,
1527 625 1590 668 usi
1627 623 1678 667 L.

183 682 363 726 Domilii
382 684 576 735 consilio,
598 685 719 728 navis
741 685 890 744 longas
915 684 1170 743 expediunt,
1194 699 1376 728 numero
1398 683 1551 733 XVII,
1573 701 1681 742 qua-

180 756 278 784 rum
301 751 427 786 erant
448 742 510 786 XI
537 752 677 787 tectae.
744 745 893 788 Multa
910 742 994 786 huc
1016 744 1184 787 minora
1217 741 1390 802 navigia
1411 742 1596 793 addunt,
1627 751 1682 786 ut

179 799 273 858 ipsa
293 801 578 846 multitudine
614 812 762 847 nostra
783 803 926 847 classis
949 811 1186 846 terreatur:
1221 817 1427 862 magnum
1447 818 1680 846 numerum

179 859 526 918 sagittariorum,
559 878 765 922 magnum
789 862 1066 911 Albicorum,
1096 860 1151 905 de
1174 861 1334 921 quibus
1355 877 1490 921 supra
1505 861 1681 905 demon-

177 926 365 963 stratum
385 929 465 971 est,
489 921 706 981 inponunt
727 930 862 980 atque
885 921 960 964 hos
985 920 1170 980 praemiis
1200 920 1681 979 pollicitationibusque

179 977 374 1023 incitant.
440 980 595 1025 Certas
615 981 696 1024 sibi
730 980 927 1040 deposcit
957 996 1086 1023 naves
1111 979 1334 1024 Domitius
1354 989 1488 1038 atque
1513 979 1586 1023 has
1608 996 1680 1023 co-

179 1036 289 1082 lonis
324 1040 679 1099 pastoribusque,
702 1057 811 1099 quos
838 1056 983 1083 secum
1015 1039 1279 1088 adduxerat,
1313 1039 1522 1098 complet.
1587 1040 1679 1089 Sic,

179 1097 380 1142 omnibus
409 1100 541 1143 rebus
578 1100 792 1144 instructa
832 1099 979 1147 classe,
1019 1115 1175 1155 magna
1215 1097 1376 1142 fiducia
1397 1098 1466 1141 ad
1510 1107 1679 1142 nostras

177 1172 310 1201 naves
328 1159 589 1217 procedunt,
612 1160 774 1219 quibus
791 1168 979 1218 praeerat
999 1159 1056 1201 D.
1079 1159 1260 1201 Brutus.
1298 1158 1382 1202 Hae
1404 1159 1459 1202 ad
1477 1158 1678 1207 insulam,

178 1232 278 1275 quae
298 1227 365 1260 est
385 1227 538 1262 contra
562 1219 819 1268 Massiliam,
841 1218 1048 1261 stationes
1069 1218 1343 1261 obtinebant.

239 1275 311 1317 57.
346 1276 457 1321 Erat
477 1279 617 1322 multo
639 1279 820 1322 inferior
841 1277 1018 1321 navium
1051 1293 1233 1320 numero
1273 1277 1468 1324 Brutus:
1499 1276 1570 1320 sed
1605 1275 1680 1320 de-

178 1334 314 1379 lectos
350 1352 403 1379 ex
439 1338 639 1381 omnibus
671 1336 916 1395 legionibus
944 1335 1197 1379 fortissimos
1229 1336 1346 1379 viros
1374 1337 1680 1394 antesignanos
1721 1385 1732 1394 .

179 1394 471 1439 Centuriones
493 1397 640 1440 Caesar
659 1396 696 1439 ei
716 1396 839 1439 classi
871 1394 1168 1445 adtribuerat,
1197 1395 1273 1453 qui
1308 1395 1389 1437 sibi
1421 1394 1465 1437 id
1488 1395 1682 1455 numeris

177 1453 542 1514 depoposcerant.
609 1455 644 1498 Ii
669 1471 818 1498 manus
848 1454 1007 1498 ferreas
1040 1463 1174 1512 atque
1194 1453 1467 1513 harpagones
1492 1451 1681 1513 'parave-

180 1522 301 1562 rant;
343 1530 590 1573 magnoque
624 1530 805 1558 numero
830 1514 1039 1573 pilorum,
1081 1513 1359 1572 tragularum
1392 1513 1684 1572 reliquorum-

177 1589 264 1631 que
287 1573 476 1617 telorum
499 1591 542 1617 se
567 1573 881 1617 instruxerant.
946 1572 1032 1622 Ita,
1056 1572 1234 1629 cognito
1256 1572 1446 1615 hostium
1467 1573 1683 1623 adventu,

176 1648 274 1675 suas
290 1648 420 1676 naves
441 1649 495 1676 ex
515 1642 652 1692 portu
680 1632 890 1680 educunt,
927 1647 1026 1673 cum
1052 1631 1396 1674 Massiliensibus
1419 1631 1679 1691 confligunt.

180 1691 432 1749 Pugnatum
470 1692 693 1750 utrimque
730 1700 795 1735 est
830 1690 1060 1734 fortissime
1095 1698 1229 1747 atque
1257 1689 1500 1733 acerrime:
1534 1707 1680 1750 neque

176 1750 364 1794 multum
403 1750 551 1796 Albic'i
588 1751 745 1795 nostris
773 1751 940 1794 virtute
962 1749 1192 1799 cedebant,
1227 1749 1418 1792 homines
1456 1751 1600 1810 asperi
1633 1758 1682 1795 et

177 1810 387 1864 montani,
407 1811 634 1855 exercitati
657 1810 699 1854 in
717 1811 871 1854 armis:
907 1818 1040 1867 atque
1065 1809 1109 1859 ii,
1129 1807 1260 1852 modo
1281 1808 1461 1867 digressi
1481 1827 1507 1852 a
1526 1810 1681 1855 Massi-

175 1869 398 1920 liensibus,
437 1880 657 1914 recentem
695 1886 848 1913 eorum
892 1869 1254 1928 pollicitationem
1292 1867 1444 1910 animis
1487 1870 1681 1914 contine-

176 1929 310 1979 bant;
345 1938 630 1989 pastoresque
652 1929 869 1978 indomiti,
888 1945 965 1988 spe
989 1928 1204 1971 libertatis
1225 1927 1419 1978 excitati,
1439 1929 1520 1972 sub
1542 1929 1680 1973 oculis

175 1988 338 2032 domini
360 2006 478 2033 suam
504 1990 691 2049 probare
714 2005 894 2047 operam
913 1987 1164 2030 studebant.

238 2048 309 2090 58.
344 2047 435 2108 Ipsi
456 2048 760 2098 Massilienses,
782 2057 828 2091 et
850 2046 1076 2091 celeritate
1099 2045 1291 2096 navium,
1326 2054 1371 2089 et
1400 2045 1581 2091 scientia
1602 2065 1683 2107 gu-

176 2108 467 2151 bernatorum
494 2107 656 2158 confisi,
686 2116 854 2150 nostros
881 2106 1121 2149 eludebant
1150 2106 1412 2164 inpetusque
1433 2123 1585 2150 eorum
1609 2125 1682 2152 ex-

175 2167 426 2226 cipiebant;
459 2175 522 2216 et,
544 2165 691 2224 quoad
713 2167 877 2209 licebat
900 2165 1055 2209 latiore
1078 2165 1239 2224 spatio,
1271 2165 1492 2223 producta
1512 2166 1684 2226 longius

176 2227 285 2276 acie,
308 2226 622 2269 circumvenire
646 2233 831 2274 nostros,
866 2234 944 2267 aut
1000 2225 1168 2267 Iuribus
1188 2225 1373 2267 navibus
1403 2225 1568 2269 adoriri
1597 2228 1680 2270 sin-

177 2286 319 2344 gulas,
340 2295 418 2329 aut
436 2302 576 2329 remos
594 2294 940 2329 transcurrentes
962 2241 1211 2343 detergere,
1235 2284 1269 2327 si
1290 2293 1483 2344 possent,
1506 2295 1682 2331 conten-

225 2391 401 2423 Praesidio.
449 2390 574 2432 Scalig.
600 2400 680 2422 cum
708 2386 790 2421 aliis
815 2388 893 2420 sub-
962 2387 1090 2428 tiones,
1111 2388 1327 2431 fungerentur
1341 2398 1481 2421 munere
1498 2389 1679 2425 Centurio-

175 2435 274 2475 sidio,
292 2435 409 2467 invitis
423 2436 528 2467 codd.
963 2444 1058 2465 num.
1096 2434 1147 2464 M.

225 2480 463 2512 Massilienses.
521 2479 622 2512 Redit
638 2476 785 2510 narratio
803 2478 845 2509 ad
862 2489 893 2509 c.
1010 2479 1226 2519 Pastoresque
1242 2478 1406 2510 indomiti.
1436 2478 1555 2511 Sermo
1567 2481 1611 2511 de
1624 2480 1680 2521 iis,

180 2525 236 2556 36.
272 2525 323 2556 Μ.
963 2533 1051 2564 quos
1097 2522 1272 2554 Domitius
1317 2533 1435 2554 secum
1479 2525 1683 2557 adduxerat.

232 2570 289 2600 Usa·
307 2569 348 2599 L.
368 2569 468 2600 Dom.
486 2578 573 2600 com.
622 2567 754 2598 Vocem
767 2566 894 2599 nsiab-
964 2567 1061 2599 Unde
1080 2566 1235 2598 Jurinius
1253 2566 1320 2607 legi
1342 2567 1442 2608 jubet
1457 2569 1512 2600 vel
1538 2570 1685 2602 Domiti-

175 2612 254 2655 jicit
268 2613 445 2645 Gruterus.
465 2612 566 2644 male.
595 2611 651 2643 Cf.
669 2612 710 2643 G.
729 2614 758 2649 l,
773 2615 804 2642 5.
966 2614 1026 2643 ani
1051 2612 1104 2643 vel
1133 2619 1254 2652 postea
1274 2622 1336 2652 pro
1351 2613 1481 2644 domini
1494 2613 1583 2654 poni
1611 2615 1685 2646 Do-

231 2658 351 2690 Tectae.
368 2657 442 2688 vid.
460 2656 532 2689 ind.
548 2657 600 2688 M.
626 2655 726 2688 Conf.
745 2653 896 2688 Scheffer
963 2659 1062 2688 milii.

180 2703 222 2734 de
242 2712 276 2734 re
293 2713 370 2734 nav.
385 2705 419 2741 2,
433 2705 464 2733 5.
1013 2701 1149 2734 Laciore
1174 2703 1294 2742 spatio,
1315 2699 1448 2743 quippe
1479 2707 1576 2734 extra
1601 2713 1681 2745 por-

227 2748 344 2789 Supra
359 2748 624 2779 demonstratum
639 2750 695 2776 est.
713 2757 743 2777 c.
761 2745 814 2775 34.
844 2745 896 2776 M.
964 2750 1052 2777 tum.
1078 2746 1129 2777 M.

227 2792 345 2824 Certa-e
360 2802 475 2830 nares,
496 2795 626 2822 certum
642 2800 819 2821 numerum
835 2799 898 2821 na·
1014 2791 1190 2822 Producam
1206 2791 1350 2832 lonqius,
1374 2788 1409 2820 in
1432 2788 1684 2832 longitudinem

179 2833 289 2869 vium.
320 2837 372 2867 M.
965 2841 1120 2866 extensa.
1146 2835 1198 2864 M.

232 2882 465 2920 Centuriones,
482 2879 569 2920 ideo,
585 2885 622 2912 ut
642 2884 754 2912 essent
768 2879 896 2914 Centu-
1018 2880 1313 2918 Transmmenees,
1330 2881 1601 2922 transcurrendo.
1616 2882 1689 2918 Na..
