1946 3261
181 165 266 209 668
837 152 902 196 [N
906 151 1032 195 DEX

219 300 326 333 genus
349 286 487 325 securis,
512 283 640 316 v.1ntt.
674 277 764 313 Flori
780 281 822 311 ad
857 283 889 318 4,

228 338 280 367 10.
295 335 348 366 ed.
365 333 472 364 Graev.
845 365 866 372 ..

183 379 382 413 subsidiari,
407 370 558 404 subsidio
586 368 646 407 ire,
661 367 696 399 in
721 366 887 404 subsidua

225 432 312 458 esse,
328 423 359 457 8,
379 419 416 448 13
551 454 558 461 ο
580 455 586 461 ι
667 455 674 461 ο
833 453 855 460 οι

183 464 388 499 Subsidium,
409 457 469 499 qui
482 456 613 489 auxilio
629 459 809 487 mittuntur
831 464 888 491 us,

222 515 366 549 quorum
383 502 472 534 vires
488 510 554 532 non
571 498 755 537 sufficiunt,
787 500 815 536 1,
831 501 885 528 52.

224 551 268 582 cf.
299 546 452 584 omnine,
481 548 512 582 2,
540 545 572 574 6.
598 543 760 574 Subsidia
788 542 887 572 collo-

223 603 314 630 care,
336 595 368 629 2,
379 593 433 621 22.
456 587 644 619 subsidium
664 586 760 627 ferre
775 586 889 621 alicui,

223 634 354 668 auxilio
367 631 494 670 venire,
509 634 540 668 2,
554 630 595 660 26
782 670 789 676 .

185 681 381 715 Subsistere,
395 686 468 708 esse
478 672 525 706 rei
541 681 659 714 parem
672 670 727 710 (ut
734 682 791 712 qui
803 681 888 702 onus

225 721 346 759 subiit,
376 717 538 757 substitit)
563 726 634 747 esse
667 714 825 745 idoneum
856 719 889 744 et

226 765 307 798 satis
323 763 485 799 validum,
512 761 630 791 durare
646 767 758 798 posse,
788 763 819 796 5,
840 759 888 788 10.

223 820 256 840 v.
270 809 421 840 Gronov.
443 805 485 837 ad
500 803 574 834 Liv.
592 803 644 839 27,
661 801 678 831 7

185 853 443 886 ‚substructiones
458 848 593 884 theatri,
605 849 751 885 parietes
763 843 891 886 magni,

225 896 264 927 C.
280 900 298 926 2
327 898 368 926 25

187 919 369 971 Subveliere
391 934 544 972 nat-ibus,
566 931 745 970 advehere,
773 933 800 969 1,
832 933 890 962 16:

225 982 316 1013 unde
352 980 509 1012 subvectio
554 976 732 1018 frumenti,
771 976 804 1012 7,
842 977 891 1005 10.

225 1023 328 1065 κομιδή
729 1059 735 1066 ι

185 1070 379 1104 Succedere,
401 1063 544 1105 insequi,
573 1065 599 1100 l,
615 1065 670 1092 25.
692 1061 795 1100 Hinc,
813 1062 844 1098 4,
863 1062 893 1091 3.

229 1115 270 1144 iis
302 1111 359 1144 ubi
394 1108 581 1144 succedunt,
630 1104 764 1135 finitimi
803 1110 893 1135 sunt.

234 1158 464 1195 Sucaportas,
475 1152 516 1182 ad
544 1159 601 1180 eas
613 1148 785 1185 accedere,
813 1151 846 1185 2,
863 1149 894 1178 6.

232 1202 266 1237 8,
282 1201 335 1230 41.
352 1196 439 1227 unde
455 1202 632 1229 successus,
656 1196 686 1229 2,
696 1193 750 1221 20.
767 1191 894 1223 succecl.

230 1239 483 1275 munitionibus,
519 1234 800 1277 adpropinquare,
855 1235 896 1265 A.

232 1287 286 1324 27,
301 1286 356 1314 29.
383 1292 479 1312 mare
492 1279 647 1317 succedit,
670 1277 803 1309 aceedit
823 1287 896 1308 ma-

231 1328 283 1370 gis
310 1324 484 1367 magisque
515 1323 558 1354 ad
587 1322 662 1358 hos,
685 1321 743 1361 qui
770 1320 897 1351 suntin

230 1368 429 1407 continenti,
448 1378 479 1399 es
494 1365 618 1397 m'ihert
634 1365 703 1395 sich
717 1375 728 1399 ,-
751 1363 899 1401 brevius,

230 1413 434 1455 expanditur
448 1410 548 1442 litote
563 1413 648 1446 toto,
663 1407 702 1438 C.
719 1410 751 1445 2,
770 1410 811 1438 24

191 1459 366 1492 Succidere
382 1456 529 1491 arbores,
547 1457 577 1490 5,
591 1454 624 1483 9.
646 1451 811 1483 succidere
821 1450 899 1492 sru-

234 1506 361 1538 πρηέα,
374 1503 406 1537 4,
427 1500 475 1536 19,
492 1499 529 1527 37

194 1547 310 1583 sudes,
325 1543 407 1585 pali,
421 1542 536 1579 fustes,
561 1544 591 1577 5,
614 1541 649 1570 18

195 1588 356 1630 Suffiyere
366 1589 403 1617 in
418 1595 525 1622 cruce,
547 1583 600 1614 As.
617 1584 658 1613 66

193 1635 332 1666 Sumere
345 1636 473 1671 tempus
486 1628 532 1659 ad
546 1625 818 1662 deliberandum,
834 1626 901 1661 1,7.

234 1685 365 1708 sumere
378 1674 594 1715 frumentum
615 1680 656 1700 eae
681 1672 785 1710 aqi-is,
807 1678 901 1699 com-

238 1725 385 1762 portare,
420 1717 515 1754 1,16.
538 1724 565 1745 s.
596 1713 678 1754 quid
706 1714 902 1751 [tv-qumenti

235 1765 317 1801 zoco,
344 1771 386 1792 eo
413 1759 461 1790 uti
488 1759 566 1790 loco
589 1755 791 1797 argumenti,
814 1755 854 1786 C.
878 1757 905 1792 l,

239 1808 294 1837 67.
318 1804 522 1840 s.lc1borem,
546 1801 730 1841 suscipere
747 1802 777 1837 3,
798 1801 848 1830 14.
876 1808 903 1828 S.

196 1849 199 1861 '
239 1848 487 1890 arroqmztIam,
519 1843 590 1876 fieri
618 1848 844 1883 arrogantem,
878 1843 904 1879 1,

204 1938 346 1970 Summa
368 1944 496 1970 rerum,
521 1931 566 1969 id,
589 1931 677 1961 unde
702 1929 774 1971 jam
790 1927 905 1959 omnia

244 1980 404 2022 pendent,
430 1978 469 2008 C.
495 1978 524 2011 1,
547 1977 600 2005 21.
631 1975 706 2005 IIoc
737 1972 819 2013 quid
846 1971 904 2010 sit,

244 2022 387 2064 singulis
416 2021 450 2052 in
479 2018 567 2050 locis
589 2017 816 2048 definiendum
845 2021 906 2046 est.

245 2068 321 2105 Sed,
353 2066 390 2096 C.
418 2066 449 2102 3,
480 2065 533 2093 51.
579 2067 641 2097 est,
676 2061 738 2091 das
781 2061 904 2091 Ganze.

245 2112 387 2142 Summa
412 2109 507 2139 tocius
538 2106 627 2142 belli,
663 2102 827 2144 quidquid
861 2103 905 2132 ad

241 2150 545 2186 administrandum
560 2147 687 2178 bellum
704 2146 860 2188 pertinet,
880 2148 907 2184 1,

244 2199 280 2228 41
291 2220 298 2228 .
322 2199 354 2233 2,
370 2198 401 2225 4.
417 2192 502 2224 ibid.
519 2200 635 2231 synon.
652 2192 907 2230 cst‚imper1'wn

244 2242 341 2273 totius
370 2239 399 2269 b.
448 2237 591 2266 Summa
619 2235 791 2266 aret-citus.
820 2237 908 2263 totus

244 2281 431 2317 exercitus,
447 2281 478 2316 6,
495 2281 547 2308 34.
580 2276 654 2315 Sed,
669 2275 708 2306 C.
732 2278 758 2313 l,
777 2277 831 2306 67.
848 2281 910 2312 est,

245 2328 308 2359 das
326 2326 417 2356 Heer
432 2327 480 2353 im
499 2323 646 2358 Ganzen,
663 2319 792 2350 uribid.
809 2329 839 2350 c.
855 2322 907 2350 82.

243 2379 379 2402 summa
394 2367 552 2403 victoriae,
577 2364 637 2395 der
653 2365 730 2404 Siey
750 2365 798 2393 im
817 2364 909 2395 Gan-

244 2424 316 2445 zen.

206 2459 343 2490 Summe
371 2463 504 2496 cupere,
526 2449 838 2487 vehementissime,
867 2450 908 2482 C.

250 2504 281 2539 3,
299 2503 338 2532 15

205 2547 363 2578 summus
377 2551 485 2578 mons,
499 2549 672 2577 cacumen,
691 2540 719 2579 1,
736 2541 789 2569 21.
819 2547 911 2568 sum-

247 2599 306 2620 ma
319 2588 471 2618 voluntas
498 2581 768 2623 (benevolentia)
794 2580 828 2612 in
850 2581 913 2612 ali-

247 2641 362 2673 quem,
392 2631 420 2667 1,
440 2630 490 2659 19.
537 2627 613 2664 Sed,
644 2626 683 2657 C.
710 2628 740 2663 3,
775 2626 824 2656 16.
861 2631 911 2656 est

250 2673 414 2707 acerrima
451 2671 630 2713 cupidita&
678 2671 827 2701 Summoe
850 2680 913 2707 res,

249 2729 326 2760 quae
342 2716 426 2748 alibi
441 2721 492 2746 est
506 2724 639 2746 summa
664 2723 787 2751 rerum,
814 2715 841 2748 1,
859 2715 912 2744 34.

250 2770 391 2793 summae
430 2761 543 2800 copiae,
597 2761 629 2796 5,
666 2758 717 2787 17.
754 2767 913 2788 numero·

248 2803 394 2839 sissime.
406 2803 555 2836 Gronov.
566 2802 610 2835 ad
638 2799 715 2834 Liv.
731 2803 783 2841 38,
798 2802 850 2834 50.
865 2799 915 2833 sic

995 275 1169 319 explicate
1204 272 1318 307 omnis
1341 273 1518 313 exercitus,
1543 283 1661 306 omnes

998 321 1086 353 vires
1114 321 1278 357 adunatae,
1307 318 1358 349 sic
1388 323 1423 349 ut
1453 328 1584 349 sumina
1608 328 1660 349 res

998 364 1102 396 semel
1115 369 1246 404 agatur.
1291 362 1425 397 Bellum
1437 356 1620 399 summum,
1630 363 1664 398 8,

997 410 1028 439 6.
1049 406 1298 449 gravissimum,
1309 404 1551 436 difficillimum

961 454 1141 493 Saperare,
1168 449 1241 481 sine
1255 455 1404 480 accusat.
1419 458 1493 479 esse
1509 446 1664 489 superio-

998 504 1082 532 rem,
1097 493 1275 530 victorem,
1303 494 1330 530 l,
1346 494 1400 523 40.
1422 494 1491 523 vita
1503 501 1661 532 superare

996 537 1192 579 (aliquem),
1221 536 1412 573 ilberleben,
1435 536 1467 573 6,
1495 536 1544 565 19.
1580 532 1665 564 Tac.

999 583 1088 612 Ann.
1109 583 1135 619 1,
1155 583 1191 611 17

960 625 1199 666 Sapei-cilium,
1214 621 1326 661 collis,
1341 621 1394 654 Af.
1409 624 1451 654 58

959 670 1118 710 Superior
1132 672 1227 706 aetas,
1250 672 1416 705 senectus,
1446 666 1532 697 ultra
1543 665 1664 706 juven-

998 718 1118 750 tutem,
1147 723 1174 742 s.
1206 710 1389 742 militarem
1418 714 1549 741 aetatem
1587 718 1666 749 pro-

1002 762 1112 792 vecta,
1148 755 1187 785 C.
1219 758 1250 793 2,
1279 758 1312 784 5.
1349 756 1533 791 superiores
1570 752 1664 783 urbis

998 804 1126 840 partem,
1155 799 1207 829 die
1234 796 1422 833 Oberstadt,
1459 796 1498 827 C.
1531 797 1562 832 3,
1593 795 1666 825 112.

1002 845 1176 883 superiora
1191 843 1273 878 loca,
1296 839 1412 877 eolles,
1440 841 1470 876 1,
1489 840 1540 876 10,
1557 839 1610 868 23.
1633 841 1665 874 2,

1005 888 1057 916 23.
1083 887 1157 924 3,3.
1181 884 1225 915 cf.
1243 887 1273 922 3,
1290 887 1321 914 2.
1346 881 1405 913 ubi
1428 887 1551 914 momes
1573 880 1668 912 dice-

1002 929 1139 965 bantur,
1153 931 1185 960 4.
1197 931 1239 959 23

963 973 1177 1014 Supersedere
1191 973 1309 1012 aliqua
1324 982 1373 1008 re,
1402 980 1477 1001 eam
1503 967 1672 1007 omittere,

1005 1017 1163 1047 intactam
1183 1014 1380 1055 relinquere,
1398 1017 1431 1051 2,
1448 1016 1479 1044 8.
1493 1013 1548 1044 Af.
1563 1014 1604 1043 75

965 1061 1155 1100 suppetere,
1176 1061 1319 1100 suppetit
1345 1060 1452 1103 copia,
1477 1057 1520 1087 ad
1535 1065 1673 1088 manum

1005 1108 1068 1141 est,
1084 1108 1199 1144 parata
1214 1107 1276 1139 est,
1304 1104 1330 1139 1,
1347 1103 1366 1132 3

966 1147 1142 1187 Suppete'as
1168 1146 1225 1184 (ad
1255 1155 1356 1186 supp.
1384 1143 1550 1182 serendas)
1573 1143 1672 1184 profi-

1007 1193 1097 1227 cisci,
1112 1190 1165 1221 Af.
1182 1193 1234 1219 25.
1247 1199 1343 1230 supp.
1361 1190 1485 1219 venire.
1500 1187 1556 1218 Af.
1567 1190 1600 1217 5.
1615 1188 1674 1224 ire,

1009 1233 1062 1263 Af.
1081 1235 1135 1263 39.
1150 1243 1334 1269 occurrere,
1350 1231 1403 1262 As.
1419 1232 1473 1268 66,
1489 1232 1532 1261 68

969 1277 1185 1317 Supplicatim
1213 1275 1285 1306 dies
1302 1274 1390 1312 sesti,
1421 1273 1474 1304 vel
1489 1273 1531 1304 ad
1548 1272 1676 1315 gratias

1011 1319 1087 1350 Diis
1110 1319 1267 1359 agendas,
1294 1318 1347 1349 vel
1372 1318 1414 1349 ad
1438 1327 1557 1348 eorum
1593 1316 1676 1348 iram

1009 1363 1222 1394 avertendam
1253 1361 1344 1400 (Liv.
1376 1364 1429 1400 22,
1462 1361 1528 1399 1.),
1549 1359 1675 1401 quibus

1012 1406 1131 1437 diebus
1158 1405 1272 1437 omnia
1299 1404 1402 1436 totius
1428 1403 1524 1435 urbis
1549 1403 1678 1445 templa

1012 1450 1122 1481 cuivis
1138 1455 1264 1490 patent,
1294 1448 1557 1489 numinibusque
1585 1456 1676 1479 sacra

1012 1493 1123 1524 omnis
1144 1492 1274 1534 generis
1297 1497 1330 1524 et
1352 1491 1560 1523 lectisternia
1581 1491 1677 1528 fiunt,

1012 1540 1044 1575 2,
1062 1540 1102 1568 35

972 1582 1185 1622 Supph'cium
1208 1582 1293 1622 pali,
1323 1580 1363 1610 de
1395 1578 1450 1613 iis.
1477 1578 1550 1619 qui,
1584 1578 1678 1610 dedi-

1013 1625 1104 1655 tione
1120 1624 1221 1661 facta,
1244 1624 1385 1655 multam
1411 1623 1557 1654 subeunt
1582 1621 1680 1664 igno-

1014 1668 1167 1706 miniam,
1196 1668 1233 1698 C.
1258 1671 1291 1704 2,
1315 1669 1366 1699 30.
1396 1666 1517 1698 ultima
1542 1665 1681 1698 miseria.

1014 1711 1111 1743 famis
1126 1718 1158 1741 et
1175 1710 1313 1752 inopiae,
1340 1720 1440 1752 quam
1455 1710 1533 1751 quis
1547 1710 1621 1748 fert,
1645 1715 1680 1741 et.

1016 1755 1249 1795 interpretatur
1278 1764 1413 1794 poenam
1445 1763 1551 1791 suam,
1579 1754 1620 1785 C.
1652 1755 1681 1789 1,

1017 1800 1071 1829 84.
1094 1797 1146 1829 lb.
1173 1799 1284 1829 estad
1307 1799 1464 1828 ultimum
1480 1798 1681 1837 supplicium

1011 1841 1180 1883 progredi,
1207 1852 1241 1871 se
1274 1840 1386 1880 ipsum
1425 1850 1492 1879 prae
1524 1840 1682 1880 despera-

1018 1884 1108 1916 tione
1125 1884 1278 1915 omnium
1292 1893 1401 1914 rerum
1418 1882 1618 1914 interficere.
1637 1883 1683 1914 cf.

1017 1929 1061 1959 ad
1078 1928 1118 1959 C.
1140 1929 1168 1964 1,
1186 1930 1223 1957 81

977 1972 1196 2013 Supportare,
1220 1971 1413 2011 adportare,
1444 1971 1472 2008 1,
1492 1972 1545 2010 39,
1559 1971 1614 2002 48.
1637 1969 1682 2001 cf.

1020 2019 1053 2053 2,
1071 2019 1101 2045 5.
1119 2014 1177 2045 ubi
1191 2020 1329 2055 portare
1345 2012 1477 2055 posuit‘

978 2060 1194 2100 Supprimere
1214 2060 1288 2095 iter,
1317 2063 1467 2098 coeptum
1496 2057 1557 2088 iter
1583 2055 1684 2089 omit-

1019 2108 1103 2140 tere,
1117 2102 1157 2132 C.
1179 2103 1207 2139 1,
1225 2102 1279 2132 66.
1308 2111 1423 2142 suppr.
1441 2103 1680 2142 irwequemm,

1020 2145 1212 2186 reprimere,
1228 2144 1401 2181 remorari,
1415 2143 1457 2177 C.
1478 2146 1505 2182 1,
1523 2147 1577 2175 45.
1594 2144 1681 2174 unde

1019 2199 1223 2231 suppressae,
1238 2187 1433 2229 impeditus,
1447 2187 1506 2219 cui
1519 2197 1613 2219 mora
1623 2187 1686 2218 ob-

1017 2233 1105 2274 jecta
1117 2237 1180 2270 est,
1204 2234 1236 2265 8.
1251 2236 1290 2263 42

980 2275 1182 2313 sanentur-e,
1209 2275 1364 2313 retinere,
1389 2275 1551 2307 cohibere
1574 2275 1684 2317 impe-

1021 2325 1106 2357 tum,
1137 2319 1190 2350 Af.
1206 2321 1260 2349 82.
1282 2330 1308 2350 s.
1325 2320 1460 2356 bellum,
1485 2319 1684 2360 gravitatem

1020 2364 1093 2405 ejus
1109 2369 1142 2394 et
1156 2361 1390 2394 difficultatem
1407 2362 1550 2404 perferre
1571 2373 1685 2404 posse,

1023 2411 1054 2445 2,
1076 2410 1114 2438 14

979 2452 1159 2490 Susstnere,
1178 2451 1333 2492 perferre,
1358 2452 1390 2489 4,
1409 2452 1460 2481 11.
1489 2450 1620 2488 durare,
1643 2449 1683 2481 C.

1025 2497 1055 2533 1,
1082 2496 1136 2525 71.
1174 2499 1254 2526 sust.
1283 2497 1454 2536 irnpetum,
1474 2495 1502 2532 l,
1521 2497 1575 2525 24.
1603 2499 1685 2526 sust.

1021 2549 1158 2579 equum,
1171 2537 1325 2576 retinere,
1352 2541 1384 2575 4,
1401 2539 1454 2568 33.
1482 2543 1563 2569 sust.
1577 2548 1622 2576 se,
1638 2547 1673 2569 sc

1023 2587 1165 2613 stantem
1179 2589 1211 2613 et
1226 2587 1383 2620 erectum,
1397 2585 1430 2619 2,
1446 2584 1499 2612 25.
1520 2583 1627 2623 premi
1642 2581 1687 2612 ab

1026 2627 1124 2665 hoste,
1155 2632 1184 2657 et
1207 2636 1297 2667 oeqre
1322 2627 1484 2657 sustinere
1507 2624 1628 2663 (eum),
1655 2625 1689 2663 4,

1025 2672 1078 2700 32.
1101 2675 1226 2701 susLse
1242 2670 1285 2701 ab
1306 2671 1432 2711 aliquo,
1459 2678 1494 2699 se
1510 2667 1608 2706 tueri,
1634 2667 1690 2699 Af.

1026 2715 1079 2744 72.
1103 2715 1185 2745 vires
1194 2715 1352 2745 sustitwnt
1363 2711 1575 2753 (labores)C.
1590 2714 1619 2752 l,
1634 2712 1690 2744 71.

1025 2758 1069 2790 cf.
1086 2756 1305 2800 Oudendorp.
1318 2757 1362 2790 ad
1377 2759 1410 2795 2,
1424 2759 1466 2788 25
