1946 3261
163 208 253 254 442
404 213 458 253 A.
495 207 695 252 HIRTII
728 202 812 249 DE
844 200 1046 248 BELLO
1078 202 1398 252 ALEXAND.

162 336 452 396 obpugnaret.
514 333 669 391 Itaque
689 348 739 375 eo
760 346 907 381 cursu,
928 346 1017 389 quo
1035 331 1296 389 refugientes
1318 330 1628 383 Alexandrims

161 409 215 438 ex
241 393 416 437 castello
447 390 490 434 in
522 400 661 435 eastra
687 400 786 434 sunt
815 390 971 433 milites
993 390 1185 439 insecuti,
1205 390 1519 434 munitionibus
1536 401 1630 433 sue»

160 458 376 496 cesserunt
403 451 698 508 acerrimeque
729 449 892 492 eminus
922 449 1113 506 proeliari
1147 457 1388 507 coeperunt.
1449 448 1637 492 Duabus.

159 527 213 553 ex
233 510 432 569 partibus
450 509 594 551 aditus
613 507 949 567 obpugnationis
967 506 1120 549 nostris
1134 506 1323 550 dabatur
1341 521 1351 555 ;
1384 519 1484 556 una,
1498 518 1628 563 quam

159 569 344 612 liberum
362 578 572 611 accessum
590 567 750 611 habere
770 566 1058 608 demonstravi
1080 581 1090 614 ;
1127 566 1280 615 altera,
1301 580 1398 622 quae
1414 565 1630 608 mediocre

160 627 440 670 intervallum
458 626 572 670 inter
592 635 732 669 castra
752 633 796 666 et
817 624 975 666 flumen
999 623 1150 666 Nilum
1169 624 1374 667 habebat.
1437 624 1633 667 Maxima

158 693 203 728 et
217 685 470 729 electissima
487 684 879 727 Alexandrinorum
898 682 1132 725 multitudo
1148 683 1406 725 defendebat
1420 697 1514 726 eam
1531 694 1630 741 para·

161 753 263 794 tem,
303 757 398 802 quae
434 744 685 786 facillimum
718 742 881 784 aditum
917 741 1120 783 habebat.
1202 741 1444 784 Plurimum
1482 749 1630 784 autem

160 802 443 861 proficiebant
464 802 505 843 in
526 800 785 859 repellendis
798 799 1161 857 vulnerandisque
1179 801 1350 849 nostris,
1363 801 1438 857 qui
1455 800 1639 858 regione>

160 861 344 904 fluminis
377 860 469 903 Nili
501 859 862 919 propugnabant:
905 857 1085 900 diversis
1116 858 1229 900 enim
1257 858 1352 902 telis
1372 858 1507 901 nostri
1527 857 1628 916 fige-

159 920 336 969 bantur,
366 919 533 961 adversi
553 935 606 961 ex
627 917 740 959 vallo
764 925 1017 965 castrorum,
1039 916 1178 959 aversi
1201 932 1253 958 ex
1273 915 1463 966 flumine,
1485 916 1529 959 in
1543 925 1634 973 quo

156 978 305 1022 multae
321 993 466 1027 naves,
489 979 708 1020 instructae
726 975 1021 1019 funditoribus
1040 983 1085 1017 et
1104 975 1354 1034 sagittariis,
1376 984 1546 1019 nostros
1565 976 1631 1018 in-

159 1037 431 1095 pugnabant.

215 1096 287 1137 31.
323 1095 485 1151 Caesar,
498 1109 633 1150 quum
649 1093 833 1142 videret,
849 1092 1005 1135 milites
1019 1094 1157 1136 acrius
1176 1093 1367 1151 proeliari
1390 1109 1475 1136 non
1492 1108 1631 1151 posse,

157 1168 235 1196 nec
266 1162 407 1196 tamen
434 1153 621 1194 multum
663 1152 816 1209 profici
857 1159 1040 1209 propter
1075 1152 1270 1195 locorum
1305 1152 1603 1195 difficultatem
1620 1165 1631 1200 ;

155 1226 376 1269 quumque
397 1210 583 1252 animum
603 1210 865 1259 adverteret,
885 1209 1213 1253 excelsissimum
1234 1211 1376 1253 locum
1394 1219 1636 1252 castrorum

154 1271 355 1314 relictum
372 1284 460 1311 esse
480 1269 536 1311 ab
558 1268 875 1317 Alexandrinis,
901 1268 1018 1325 quod
1049 1278 1093 1311 et
1124 1284 1202 1326 per
1230 1285 1273 1310 se
1292 1269 1483 1312 munitus
1502 1276 1631 1317 esset,

153 1337 197 1371 et
217 1327 360 1370 studio
381 1327 541 1385 partim
563 1326 799 1384 pugnandi,
834 1326 992 1384 partim
1018 1327 1255 1385 spectandi,
1287 1327 1629 1369 decucurrissent

151 1387 195 1428 in
226 1402 324 1428 eum
356 1386 513 1434 locum,
556 1386 598 1426 in
631 1401 719 1442 quo
752 1385 1054 1442 puonabatu1·;
1106 1385 1302 1428 cohortes
1336 1386 1412 1428 illo
1442 1385 1633 1428 circuire

150 1453 290 1488 castra
310 1451 355 1487 et
376 1459 588 1487 summum
615 1443 756 1485 locum
777 1421 956 1499 atfgredi
979 1443 1129 1500 jussit;
1169 1444 1305 1502 iisque
1340 1444 1626 1487 Carfulenum

150 1503 362 1562 praefecit‚
385 1510 429 1545 et
449 1501 578 1545 animi
599 1501 895 1559 magnitudine
918 1509 962 1542 et
982 1503 1042 1544 rei
1062 1501 1259 1544 militaris
1280 1503 1455 1545 scientia
1482 1503 1625 1546 virum

149 1570 435 1619 praestantem.
500 1561 599 1610 Quo
617 1568 666 1601 ut
684 1568 861 1602 ventum
879 1568 959 1608 est,
978 1561 1126 1617 paucis
1141 1561 1468 1604 defendentibus
1488 1561 1627 1604 muni-

147 1621 322 1669 tionem,
336 1620 490 1662 nostris
510 1626 662 1661 contra
679 1618 889 1660 militibus
909 1620 1113 1661 acerrime
1124 1620 1439 1678 pugnantibus,
1455 1620 1626 1663 diverso

149 1679 333 1721 clamore
373 1686 417 1719 et
454 1677 608 1735 proelio
630 1676 872 1733 „perterriti
916 1676 1213 1728 Alexandrini,
1265 1679 1538 1736 trepidantes
1575 1678 1624 1721 ir}

148 1752 291 1779 omnes
311 1743 456 1794 partes
486 1743 723 1777 castrorum
745 1735 985 1777 discurrere
1005 1744 1244 1793 coeperunt.
1311 1737 1507 1785 Quorum
1559 1748 1625 1779 ει·-

142 1795 394 1838 turbatione
417 1801 662 1836 nostrorum
679 1793 807 1835 animi
827 1793 931 1835 adeo
948 1801 1046 1835 sunt
1066 1794 1249 1842 incitati,
1269 1803 1318 1836 ut
1336 1810 1455 1852 paene
1471 1753 1623 1837 eodem

144 1861 341 1911 tempore
362 1869 414 1895 ex
433 1852 630 1894 omnibus
648 1852 858 1910 partibus,
877 1851 1003 1908 primi
1025 1859 1165 1894 tamen
1182 1851 1461 1895 editissimum
1480 1854 1622 1909 locum

145 1920 382 1955 castrorum
404 1918 633 1969 caperent:
665 1926 719 1952 ex
739 1926 826 1969 quo
845 1910 1121 1952 decurrentes
1150 1925 1348 1968 magnam
1378 1910 1621 1954 multitudid

146 1986 244 2013 nem
282 1969 469 2012 hostium
511 1969 554 2011 in
593 1969 740 2011 castris
779 1968 1107 2010 interfecerunt.
1202 1969 1331 2018 Quod
1381 1970 1620 2027 periculum

146 2028 344 2086 plerique
372 2027 653 2070 Alexandrini
682 2027 911 2085 fugientes,
933 2028 1166 2069 acervatim
1185 2044 1230 2070 se
1250 2028 1305 2070 de
1334 2027 1451 2071 vallo
1505 2028 1622 2071 raeci-

148 2087 398 2144 pitaverunt
418 2087 461 2128 in
481 2102 575 2128 eam
594 2094 782 2143 partem,
797 2101 892 2143 quae
908 2086 1070 2127 flumini
1087 2095 1179 2128 erat
1196 2087 1410 2144 adjuncta.
1447 2044 1618 2130 l-forum

148 2145 296 2202 primis
317 2145 360 2187 in
380 2144 469 2202 ipsa
497 2145 606 2186 fossa
634 2144 881 2186 munitionis
905 2159 1060 2200 magna
1089 2144 1214 2187 ruina
1235 2145 1461 2203 obpressis,
1483 2145 1618 2188 ceteri

147 2202 384 2247 faciliorem
423 2203 571 2261 fugam
611 2202 872 2247 habuerunt.
957 2203 1140 2247 Constat
1180 2203 1338 2262 fugisse
1378 2219 1431 2246 ex
1470 2205 1620 2248 castris

191 2384 437 2417 Denwnseravi.
478 2382 616 2415 Dixerat
631 2395 661 2414 e.
678 2387 731 2422 28,
744 2389 849 2416 castra
963 2385 1216 2427 Reqioneflum.
1229 2385 1298 2418 Alii
1311 2388 1347 2418 in
1356 2389 1498 2428 reqione.
1509 2386 1531 2418 J
1535 2386 1618 2419 urin.

147 2427 255 2469 Regis
291 2428 400 2459 tribus
427 2427 592 2459 lateribus
616 2427 716 2459 fuisse
747 2434 847 2460 tecta.
917 2429 1056 2461 volebat
1072 2441 1090 2460 e
1103 2431 1246 2471 νρῃὶοηε,
1270 2430 1369 2462 male.
1397 2429 1450 2462 Cf.
1470 2429 1558 2463 Oud.
1573 2431 1616 2463 ad

147 2471 236 2514 Ergo
246 2477 399 2513 quartum
415 2472 502 2504 latus
514 2471 661 2503 liberum
673 2482 848 2504 accessum
917 2474 1009 2504 Suet.
1024 2472 1111 2505 Caes.
1126 2483 1156 2504 c.
1173 2475 1226 2504 39.

148 2515 280 2547 habuit.
307 2517 356 2547 M.
963 2518 1123 2548 Colaortes.
1149 2515 1295 2549 Faernus
1309 2517 1399 2549 addit
1414 2522 1490 2558 tres,
1505 2519 1616 2552 Jurin.

191 2560 426 2600 Prosit-lebam.
454 2559 564 2601 Vulgo
575 2559 706 2590 additur
721 2561 846 2599 hostes;
915 2559 1024 2591 forsan
1039 2562 1180 2602 aliquot.

144 2604 236 2644 quod
251 2609 361 2635 tamen
384 2603 488 2634 etiam
509 2603 644 2644 quidam
666 2603 764 2634 codd.
788 2604 846 2635 ha-
961 2605 1191 2646 Carfulenum.
1223 2603 1277 2636 Sic
1293 2606 1391 2637 codd.
1405 2610 1439 2638 et
1453 2608 1531 2639 edd.
1547 2610 1612 2639 νεῖ.

144 2647 238 2678 bent.
264 2648 314 2678 M.
358 2647 524 2688 Frequens
552 2652 664 2678 nostro
694 2652 742 2677 est
771 2659 845 2688 syn·
916 2647 1026 2689 Vulgo
1045 2650 1263 2680 Carsulenum
1278 2647 1330 2679 Cf.
1346 2649 1527 2693 Glandorp.

146 2690 266 2729 thesis,
280 2695 316 2720 ut
330 2691 371 2722 G.
389 2693 419 2729 6,
442 2693 491 2721 ll.
515 2690 844 2732 patitur—faciant.
958 2691 1081 2723 Ruina.
1154 2691 1265 2733 Vulgo
1290 2694 1334 2723 ti.
1375 2694 1427 2725 M.
1481 2692 1613 2735 Optimi

147 2734 201 2764 Af.
234 2736 263 2764 6.
294 2735 470 2766 mullitudo
499 2736 605 2776 erupit,
617 2751 660 2756 —-
672 2740 844 2776 orcufpanr..
911 2735 1011 2766 codd.
1032 2738 1148 2773 ruina,
1164 2736 1205 2766 de
1223 2746 1289 2777 qua
1306 2746 1388 2768 voce
1403 2748 1435 2768 v.
1462 2737 1613 2769 Donatus

150 2778 196 2807 lta
210 2782 243 2808 et
260 2777 362 2809 Ovid.
380 2779 464 2810 Met.
482 2782 513 2817 5,
532 2780 606 2811 307.
634 2779 734 2811 ιιινὸιι
758 2781 843 2812 veuit
909 2779 950 2809 ad
972 2780 1108 2813 Terent.
1130 2780 1194 2814 Ad.
1217 2782 1250 2819 3,
1269 2784 1302 2819 2,
1324 2782 1378 2814 21.
1411 2780 1463 2816 Cf.
1479 2786 1512 2814 et
1531 2779 1611 2814 Liv-

147 2823 413 2856 -commc‘tlunt-
912 2825 944 2861 «1,
961 2824 1013 2854 46.
