1946 3261
478 607 571 683 G.
649 604 988 679 JULII
1069 602 1610 682 CAESARIS

758 804 1340 861 COMMENTARII

640 981 753 1033 DE
804 978 1097 1028 BELLO
1148 976 1457 1028 CIVILI.

777 1283 966 1328 LlssER
997 1269 1289 1327 TERTIUS.

877 1486 1226 1515 ARGUMENTUM.

312 1567 396 1609 Cap.
428 1566 457 1596 1.
489 1564 600 1597 Caesar
625 1561 781 1595 Dictator
810 1571 863 1594 res
892 1560 1036 1592 urbanas
1063 1559 1219 1599 ordinat3
1246 1563 1278 1592 2.
1304 1559 1431 1592 Consul
1453 1560 1669 1593 Brundisium
1695 1561 1782 1595 abit.

355 1614 453 1642 3—5.
477 1608 664 1650 Pompeius
678 1618 720 1638 ex
738 1607 864 1638 oriente
879 1616 1036 1641 magnam
1052 1605 1121 1635 vim
1137 1603 1290 1645 conligit.
1319 1607 1415 1637 6-8.
1432 1606 1542 1638 Caesar
1558 1606 1590 1637 in
1608 1606 1788 1646 Graeciam,

352 1660 450 1696 parte
466 1653 585 1685 classis
597 1651 734 1689 amissa,
748 1650 924 1691 transjicit,
937 1649 1061 1680 Bibulo
1076 1648 1246 1680 incassum
1262 1648 1427 1681 obstante.
1473 1652 1505 1681 9.
1530 1651 1576 1681 M.
1603 1649 1779 1688 Octavius,

353 1697 511 1738 Pompeii
538 1697 693 1737 LegatuQ
721 1694 838 1726 frustra
867 1694 1004 1725 Salonas
1036 1693 1220 1733 obpugnat.
1292 1695 1342 1723 10.
1374 1694 1484 1725 Caesar
1523 1704 1642 1735 pacem
1667 1699 1784 1725 tentat.

359 1743 498 1773 11—13.
523 1739 642 1781 Captis
658 1738 763 1769 Orico
787 1744 820 1768 et
838 1737 1022 1778 Apollonia
1046 1737 1087 1767 ad
1113 1737 1243 1777 Apsum
1259 1742 1364 1768 castra
1382 1738 1490 1778 ponit.
1536 1738 1785 1778 Dyrrhachium

352 1785 540 1826 Pompeius
554 1788 711 1824 occupat.
763 1784 811 1820 14,
831 1784 880 1812 15.
905 1781 1048 1812 Bibulus
1065 1780 1147 1810 mari
1167 1780 1387 1821 portibusque
1398 1781 1585 1820 Caesarem3
1612 1780 1668 1811 hic
1687 1781 1783 1813 illum

354 1836 440 1861 terra
459 1827 629 1871 prohibet.
679 1827 815 1857 16—19.
840 1824 983 1856 Bibulus
1002 1824 1035 1854 in
1052 1825 1160 1854 classe
1176 1824 1327 1855 moritur.
1354 1824 1516 1861 Labinus,
1528 1826 1569 1856 ad
1583 1825 1785 1866 Pompeium

353 1873 536 1914 transfuga,
553 1871 619 1903 nisi
636 1869 779 1902 Caesaris
795 1868 907 1909 capite
924 1869 1042 1905 relato,
1059 1868 1220 1909 componi
1239 1877 1357 1908 pacem
1376 1879 1474 1909 posse
1491 1874 1600 1909 negat.

314 1920 398 1959 Cap.
413 1919 553 1948 20—252.
578 1916 613 1946 ln
629 1914 725 1945 Italia
743 1913 847 1946 Coelii
867 1919 899 1942 et
915 1911 1057 1943 Milonis
1073 1920 1182 1943 motus
1202 1912 1320 1943 horum
1335 1913 1427 1942 caede
1444 1913 1610 1943 sedantur.

315 1964 398 2003 Cap.
416 1964 470 1998 23,
487 1963 540 1992 24.
563 1959 664 1997 Libo,
688 1955 846 1997 Pompeii
869 1957 1029 1997 Legatus‚
1052 1955 1291 1987 Brundisinum
1317 1962 1450 1996 portum
1480 1956 1602 1988 frustra
1631 1956 1779 1988 obsidet.

355 2007 500 2036 25—30.
524 2003 679 2043 Reliquae
694 2000 836 2033 Caesaris
851 1999 1002 2040 legiones
1015 2010 1103 2040 aegre
1117 2000 1161 2030 ab
1178 1999 1325 2030 Antonio
1343 2000 1608 2031 transvehuntur.
1642 2003 1783 2032 31—33.

354 2048 485 2089 Scipio,
501 2045 710 2078 detrimentis
733 2045 825 2075 circa
839 2045 1004 2075 Amanum
1027 2043 1190 2084 acceptis,
1212 2044 1252 2073 ad
1286 2043 1489 2084 Pompeium
1519 2043 1659 2075 adducit
1688 2054 1784 2075 exer-

355 2091 472 2130 citum,
497 2102 597 2132 quem
622 2089 861 2131 largitionibus
891 2093 924 2118 ot
956 2086 1085 2128 rapinis
1110 2093 1143 2118 ct
1173 2087 1354 2118 vexatione
1381 2087 1575 2119 Graecorum
1607 2087 1640 2119 in
1670 2087 1784 2119 officio

355 2140 459 2166 tenet.
506 2134 698 2175 Ephesinus
715 2132 876 2174 pecunias
900 2142 986 2171 {egre
1008 2138 1117 2163 servat
1132 2130 1251 2162 Caesar.
1299 2133 1352 2170 34,
1371 2134 1424 2162 35.
1455 2132 1611 2163 Cassium
1628 2132 1660 2163 in
1678 2131 1787 2163 Thes-

358 2179 490 2218 saliam,
506 2178 693 2210 Calvisium
709 2178 742 2207 in
762 2175 936 2214 AEtoliam,
962 2175 1152 2207 Domitium
1168 2175 1202 2206 in
1220 2175 1459 2207 Macedoniam
1483 2175 1598 2207 mittit.
1643 2177 1786 2207 36—38.

355 2222 447 2254 Huic
463 2222 639 2263 obpositus
655 2220 771 2262 Scipio
787 2221 877 2251 male
900 2230 970 2250 rem
993 2219 1086 2261 gerit.
1126 2221 1180 2257 39,
1199 2220 1252 2249 40.
1280 2220 1436 2260 Pompeii
1467 2220 1555 2251 filius
1581 2219 1720 2251 Oricum
1750 2224 1786 2250 et

357 2266 492 2298 Lissum
508 2271 623 2297 tentat.
655 2267 795 2295 41—51.
812 2264 922 2295 Caesar
939 2263 1145 2305 Pompeium
1159 2264 1201 2295 ad
1218 2263 1466 2303 Dyrrhachium
1476 2263 1632 2303 obsidet3
1648 2270 1786 2304 uterque

362 2321 521 2351 magnam
536 2309 685 2340 bellandi
703 2308 874 2339 scientiam
891 2308 1012 2348 prodit.

322 2356 404 2396 C'ap.
422 2356 559 2386 52—56.
584 2352 741 2384 Pluribus
756 2351 888 2393 proeliis
904 2352 1067 2393 Pompeio
1084 2351 1233 2389 devicto,
1258 2350 1367 2383 Cacsar
1382 2363 1439 2393 per
1452 2352 1583 2382 Fufium
1610 2351 1786 2390 AEtoliam,

359 2397 599 2435 Acarnaniam,
631 2395 799 2428 Boeotiam
829 2401 985 2436 occupat.
1013 2396 1152 2427 Achaiae
1187 2395 1305 2433 inhiat,
1342 2407 1442 2436 quam
1485 2396 1636 2427 Rutilius
1673 2396 1787 2436 Lupus

360 2448 481 2474 tuetur.
528 2443 581 2480 57,
599 2443 651 2471 58.
674 2440 786 2470 Caesar
801 2440 910 2470 denuo
926 2450 1002 2470 cum
1027 2439 1187 2480 Scipione
1211 2441 1254 2470 de
1280 2450 1363 2480 pace
1386 2440 1468 2478 agit,
1488 2440 1620 2471 frustra.
1666 2437 1787 2471 Pabuli

359 2485 480 2527 inopia
510 2484 713 2525 Pompeium
745 2483 876 2524 premit.
937 2486 1080 2514 59—71.
1113 2484 1165 2514 Ad
1202 2484 1291 2514 hunc
1326 2484 1529 2525 Allobroges
1558 2485 1625 2515 duo
1655 2484 1783 2521 fratres,

356 2530 479 2562 relicto
508 2529 653 2566 Caesare,
681 2532 865 2564 transeunt,
895 2528 967 2568 ejus
1001 2527 1146 2559 consilia
1177 2527 1341 2568 Pompeio
1380 2529 1535 2568 produnt,
1565 2527 1625 2569 qui
1653 2526 1784 2568 duplici

361 2575 461 2605 clade
492 2573 658 2605 Caesarem
685 2572 728 2602 ad
758 2571 1009 2613 Dyrrhachium
1045 2570 1169 2602 adficit.
1226 2572 1398 2603 Labienus
1434 2572 1587 2614 captivos
1623 2569 1785 2602 trucidari

363 2618 470 2649 'ubet.

320 2629 403 2703 Cgp.
421 2663 475 2692 72.
501 2659 644 2691 Fiducia
667 2667 786 2699 magna
812 2658 1034 2699 Pompeianis
1056 2659 1198 2691 accedit.
1243 2661 1385 2691 73-81.
1409 2659 1553 2699 Fugiens
1575 2659 1687 2692 Caesar
1706 2669 1784 2690 cum

363 2703 518 2738 Domitio
541 2704 740 2745 conjunctus
769 2701 979 2734 Thessaliam
1011 2710 1168 2744 occupat.
1221 2706 1275 2737 8⁶2.
1308 2706 1361 2734 83.
1400 2700 1557 2744 Sequitur
1589 2701 1785 2743 Pompeius.

363 2747 528 2780 Victoriae
546 2747 644 2788 quasi
659 2746 740 2777 certi
757 2739 957 2786 Pnlnpeiani
974 2749 1014 2777 de
1033 2748 1182 2789 praemiis
1197 2754 1230 2778 et
1245 2747 1431 2779 honoribus
1446 2754 1481 2778 et
1495 2748 1535 2779 de
1552 2746 1786 2789 persequendis

366 2791 557 2823 inimicitiis
579 2796 692 2831 agunt.
738 2792 780 2820 84
811 2792 877 2821 -89.
903 2791 1067 2822 Proelium
1091 2792 1258 2831 utrimque
1287 2798 1433 2832 paratur.
1478 2793 1640 2822 90—100.
1666 2791 1783 2831 Pugna

363 2837 405 2867 ad
421 2835 631 2871 Pharsalum,
654 2834 821 2876 Pozgpsoo
845 2834 968 2865 fatalis.
996 2841 1102 2866 castra
1130 2835 1213 2876 ejus,
1237 2836 1315 2866 luxu
1346 2836 1457 2876 plena,
1479 2846 1498 2866 a
1521 2836 1651 2866 Caesaro.
1673 2839 1784 2875 capta.

363 2879 537 2910 Domitius
552 2888 668 2909 caesus.
700 2877 898 2918 Pompeius
914 2878 992 2919 fuga
1008 2879 1164 2910 elabitur.
1214 2881 1285 2910 101.
1308 2879 1444 2911 Cassius
1461 2879 1493 2910 in
1508 2878 1627 2910 Sicilia
1643 2877 1785 2909 Caesaris

363 2923 506 2955 classem
534 2920 695 2954 incendit.
744 2923 815 2953 102.
839 2921 1036 2963 Fugientem
1068 2923 1272 2966 Pompeium
1305 2923 1516 2966 persequitur
1541 2922 1662 2955 Caesar.
1709 2924 1785 2960 103,
