1946 3261
565 206 683 252 LIB.
715 206 797 255 VI.
859 206 998 255 ΟΑΡ..
1028 207 1190 255 8-10.
1547 210 1623 255 139

159 331 215 375 de
235 332 389 376 caussis
410 332 608 377 Rhenum
642 334 825 377 transire
845 334 1096 377 constituit:
1128 349 1314 392 quarum
1344 344 1443 379 erat
1473 336 1628 386 altera,

159 392 280 449 quod
300 393 462 435 auxilia
481 401 632 436 contra
649 409 691 436 se
714 392 904 437 Treviris
933 392 1163 442 miserant3
1199 394 1352 447 altera,
1393 410 1445 438 ne
1477 396 1628 438 Ambi-

160 451 253 493 orix
273 450 329 493 ad
351 468 422 494 eos
442 461 669 510 receptum
688 451 885 496 haberet.
949 450 1031 493 His
1060 452 1304 495 constitutis
1336 454 1480 504 rebus,
1503 454 1628 513 paul-

158 508 248 552 lum
289 527 420 568 supra
459 527 559 553 eum
599 510 760 560 locum,
796 526 883 568 quo
918 517 1018 551 ante
1051 510 1290 553 exercitum
1310 513 1628 564 transduxerat,

158 567 300 611 facere
321 576 499 626 pontem
518 568 719 611 instituit.
760 569 880 612 Nota
900 576 1033 626 atque
1052 567 1251 610 instituta
1269 570 1451 623 ratione,
1473 588 1630 631 magno

160 626 348 669 militum
395 627 554 678 studio,
597 628 746 684 paucis
782 627 934 671 diebus
971 641 1079 684 opus
1118 626 1318 669 efficitur.
1399 629 1545 674 Firmo
1586 631 1630 674 in

160 684 353 727 Treviris
372 684 568 743 praesidio
589 684 645 727 ad
680 693 859 744 pontem
887 684 1057 734 relicto,
1095 700 1149 726 ne
1180 684 1277 741 quis
1311 686 1367 728 ab
1404 687 1453 728 iis
1487 690 1632 733 subito

159 750 302 788 motus
341 744 548 792 oriretur,
590 743 779 802 reliquas
829 743 971 802 copias
1006 742 1334 802 equitatumque
1374 747 1632 793 transducit.

160 801 283 851 Ubii,
297 802 371 859 qui
389 809 488 844 ante
501 800 669 844 obsides
685 803 898 845 dederant
915 810 1047 859 atque
1065 801 1108 844 in
1124 801 1390 847 deditionem
1406 815 1630 857 venerant,

157 860 378 918 purgandi
412 859 477 902 sui
513 876 659 903 caussa
695 861 752 904 ad
782 877 882 904 eum
912 860 1077 917 legatos
1106 861 1305 910 mittunt,
1335 862 1410 919 qui
1432 862 1629 917 doceant,

159 925 189 945 ‘⁶
211 934 352 975 neque
374 934 427 961 ex
447 934 522 961 sua
543 918 722 963 civitate
752 919 914 962 auxilia
933 919 977 961 in
999 919 1205 962 Treviros
1232 920 1372 971 missa,
1408 936 1547 979 neque
1577 924 1633 965 ab

159 984 189 1005 “
212 993 255 1021 se
274 976 405 1020 fidem
424 976 614 1021 laesam:’'
645 986 802 1036 petunt
821 986 953 1035 atque
975 986 1116 1032 orant,
1150 986 1178 1004 ‘⁶
1202 986 1251 1021 ut
1271 979 1352 1022 sibi
1374 988 1541 1037 parcat,
1579 997 1633 1024 ne

160 1043 190 1063 ‘⁶
212 1036 428 1080 communi
465 1036 565 1079 odio
606 1039 925 1081 Germanorum
958 1036 1205 1081 innocentes
1254 1054 1336 1097 pro
1376 1040 1632 1083 nocentibus

159 1102 189 1122 ‘⁶
212 1111 360 1154 poenas
381 1095 596 1154 pendant:
627 1097 663 1139 si
683 1097 867 1155 amplius
896 1096 1097 1140 obsidum
1132 1096 1256 1146 velit,
1291 1097 1396 1139 dare
1429 1098 1633 1156 pollicen-

160 1161 189 1181 “
213 1156 330 1197 tu1·.”
392 1154 580 1212 Cognita
618 1156 762 1199 Caesar
797 1171 945 1198 caussa
971 1155 1151 1214 reperit,
1188 1156 1246 1198 ab
1281 1156 1436 1199 suevis
1474 1159 1635 1201 auxilia

156 1212 280 1256 missa
299 1229 404 1264 esse,
437 1214 657 1259 Ubiorum
676 1214 1010 1259 satisfactionem
1030 1214 1215 1274 accepit,
1234 1214 1377 1258 aditus
1398 1215 1574 1275 viasque
1591 1217 1635 1260 in

164 1273 330 1315 Suevos
350 1273 581 1331 perquirit.

226 1331 290 1372 10.
325 1331 505 1374 Interim
525 1331 672 1390 paucis
688 1339 787 1389 post
806 1331 959 1375 diebus
979 1332 1029 1374 fit
1051 1332 1108 1375 ab
1126 1332 1254 1376 Ubiis
1271 1333 1447 1385 certior,
1469 1336 1635 1378 Suevos

162 1405 306 1432 omnes
325 1405 461 1433 unum
496 1390 540 1432 in
569 1391 713 1433 locum
749 1391 892 1448 copias
925 1407 1082 1448 cogere
1114 1400 1247 1448 atque
1284 1393 1334 1434 iis
1371 1394 1632 1446 nationibus,

162 1464 260 1505 quae
281 1449 364 1491 sub
381 1464 530 1491 eorum
545 1449 630 1492 sint
646 1448 845 1506 imperio,
863 1448 1139 1502 denunciare,
1156 1450 1221 1492 uti
1240 1451 1399 1493 auxilia
1416 1452 1637 1509 peditatus

160 1506 469 1564 equitatusque
486 1507 674 1550 mittant.
731 1507 811 1549 His
829 1507 1010 1566 cognitis
1030 1508 1176 1562 rebus,
1198 1525 1289 1552 rem
1310 1509 1637 1554 frumentariam

162 1565 382 1623 providet,
413 1566 563 1608 castris
594 1566 797 1608 idoneum
830 1566 974 1608 locum
997 1566 1168 1620 deligit,
1203 1566 1330 1609 Ubiis
1351 1567 1552 1625 imperat,
1586 1576 1638 1611 ut

164 1639 323 1682 pecora
343 1623 566 1667 deducant
586 1640 752 1678 suaque
774 1624 914 1665 omnia
934 1637 987 1663 ex
1007 1623 1122 1678 agris
1144 1623 1187 1663 in
1208 1625 1368 1681 oppida
1396 1626 1637 1677 conferant,

161 1697 355 1739 sperans,
378 1683 587 1723 barbaros
608 1688 741 1735 atque
762 1679 972 1736 inperitos
988 1678 1193 1729 homines,
1214 1680 1357 1740 inopia
1377 1683 1639 1729 cibariorum

160 1739 373 1788 adflictos,
406 1738 462 1780 ad
498 1737 692 1794 iniquam
725 1736 951 1794 pugnandi
979 1736 1268 1781 conditionem
1304 1756 1425 1798 posse
1451 1742 1635 1786 deduci:

162 1796 354 1850 mandat,
378 1804 429 1838 ut
449 1796 624 1839 crebros
646 1795 944 1853 exploratores
964 1795 1007 1838 in
1035 1797 1202 1839 Suevos
1225 1797 1416 1848 mittant,
1452 1816 1639 1861 quaeque

163 1852 283 1915 apud
318 1871 390 1898 eos
425 1862 650 1913 gerantur,
683 1863 959 1913 cognoscant*
1023 1853 1095 1897 Illi
1133 1855 1346 1914 imperata
1386 1858 1553 1903 faciunt
1593 1868 1640 1904 et

164 1914 314 1973 paucis
333 1914 488 1957 diebus
508 1912 756 1957 intermissis
777 1914 990 1966 referunt,
1024 1921 1055 1940 ‘⁶
1082 1914 1250 1957 Suevos
1286 1931 1447 1966 omneS‚
1470 1928 1639 1976 postea-

165 1982 196 2005 “
222 1989 355 2031 quam
390 1973 597 2016 certiores
631 1972 777 2015 nuncii
807 1972 861 2015 de
890 1972 1084 2015 exercitu
1108 1973 1401 2017 Romanorum
1423 1978 1639 2029 venerint,

165 2040 196 2059 “
220 2049 320 2075 cum
357 2032 553 2075 omnibus
589 2031 674 2074 suis
714 2031 1017 2089 sociorumque
1054 2032 1203 2090 copiis,
1245 2049 1351 2090 quas
1383 2034 1637 2093 coegissent,

167 2099 196 2118 “
219 2091 393 2150 penitus
426 2091 483 2134 ad
502 2098 717 2134 extremos
745 2090 850 2133 fines
883 2107 973 2134 sese
1005 2091 1236 2149 recepisse:
1268 2091 1419 2136 silvam
1455 2110 1543 2137 esse
1580 2095 1642 2140 ibi

220 2212 308 2244 Erat
337 2213 456 2244 altera.
489 2211 535 2257 al.
567 2220 652 2249 una,
681 2210 740 2242 secl
770 2209 870 2241 codd.

172 2255 271 2288 multi
289 2256 414 2288 habent
429 2256 614 2297 vulgatum.

220 2302 343 2332 Contra
357 2311 390 2332 se
406 2301 558 2332 Treviris.
576 2299 713 2330 Hotom.
723 2303 756 2328 et
768 2297 870 2328 Voss.

172 2343 273 2376 inseri
286 2344 404 2386 jubent
431 2345 602 2382 Germani,
628 2348 665 2374 ut
681 2342 738 2373 Gr.
756 2341 869 2380 habet,

172 2388 231 2420 sed
247 2387 371 2419 sufficit
383 2387 543 2429 intelligi.

218 2432 402 2463 Ambiori-z·-
425 2431 478 2464 Cf.
495 2442 526 2463 c.
546 2436 576 2464 5.
601 2432 652 2463 M.

215 2477 328 2517 Supra
367 2486 444 2507 eum
471 2477 589 2508 locum.
650 2476 701 2506 De
740 2482 870 2515 nupero

175 2525 278 2560 ponte
292 2519 363 2551 vid.
379 2521 412 2557 4,
430 2521 481 2551 17.
497 2520 560 2552 etsi
575 2529 641 2551 non
652 2522 793 2556 constat,
803 2527 870 2558 quo

174 2562 389 2603 potissimum
401 2564 479 2596 loco
495 2564 604 2595 factus
617 2564 674 2596 sit.
698 2561 871 2601 Quoniam

172 2613 286 2638 autem
299 2617 396 2648 pons,
412 2607 470 2648 qui
484 2618 571 2639 nunc
586 2607 641 2646 sit,
657 2607 691 2638 in
709 2605 871 2637 Treviro-

177 2662 250 2682 rum
264 2650 415 2693 partibus
430 2651 536 2683 factus
550 2657 621 2683 est:
645 2661 723 2682 nam
738 2650 773 2680 in
788 2649 872 2680 Tre-

172 2694 256 2726 viris
285 2694 480 2736 praesidium
495 2696 539 2726 ad
553 2701 690 2737 pontem
715 2692 873 2725 relictum

174 2750 247 2771 esse
287 2749 365 2770 mox
406 2738 544 2770 dicitur:
582 2739 716 2770 videtur
754 2736 871 2777 colligi

177 2793 290 2823 posse,
311 2793 475 2824 nuperum
501 2788 637 2823 pontem
651 2782 753 2824 paulo
770 2790 872 2822 supra

177 2827 395 2859 Trevirorum
437 2837 553 2868 agrum
591 2832 749 2857 structum
787 2834 872 2855 esse.

178 2870 345 2902 Cellarius
360 2871 410 2909 (v.
421 2881 498 2901 eum
514 2871 555 2901 ad
572 2873 602 2908 4,
621 2871 674 2910 19)
702 2867 874 2901 existima-

178 2915 240 2953 vit,
261 2925 341 2948 eum
358 2914 392 2948 in
415 2914 583 2947 Ubiorum
606 2913 731 2947 finibus
757 2911 873 2946 fuisse.

176 2960 227 2995 M.

987 2210 1071 2241 Ubii.
1097 2209 1151 2242 Cf.
1169 2213 1200 2249 4,
1220 2212 1271 2243 16.
1290 2210 1422 2243 Ibidem
1433 2217 1484 2245 est
1498 2212 1538 2245 de
1556 2212 1639 2246 Sue-

934 2253 998 2287 vis.
1026 2255 1076 2286 M.

983 2299 1027 2330 In
1042 2299 1236 2331 deditionem
1250 2304 1423 2332 venerant.
1468 2299 1524 2332 Sic
1540 2305 1586 2333 et.
1603 2312 1637 2333 c.

939 2345 970 2374 3.
989 2348 1022 2373 et
1038 2341 1128 2373 Hirt.
1152 2345 1184 2382 8,
1200 2345 1254 2375 31,
1300 2343 1424 2375 Contra
1449 2345 1504 2376 ed.
1534 2346 1636 2376 Rom.

936 2387 1149 2424 inditionem,
1164 2392 1202 2417 ut
1217 2387 1307 2428 apud
1321 2387 1400 2419 Liv.
1417 2389 1472 2427 29,
1490 2390 1543 2420 38.
1581 2388 1635 2420 Cf.

937 2430 1052 2462 Burm-
1069 2431 1111 2461 ad
1127 2430 1219 2462 Suet.
1238 2431 1382 2473 Vespas.
1405 2435 1438 2463 4.

984 2475 1036 2507 Ne
1060 2485 1177 2506 comm.
1209 2475 1293 2507 odio.
1341 2475 1459 2507 Davis.
1501 2475 1638 2508 volebat

934 2528 1005 2557 nec,
1021 2519 1078 2550 sed
1093 2529 1134 2550 ne
1149 2520 1274 2560 pendet
1287 2529 1307 2550 a
1318 2525 1448 2561 parcat.

983 2564 1078 2595 Dare
1089 2563 1195 2603 pollic.
1218 2563 1264 2594 al.
1279 2564 1368 2595 dari.

988 2608 1157 2638 Ubiorum.
1209 2607 1257 2638 lta
1274 2607 1359 2638 bene
1375 2607 1474 2638 codd.
1485 2606 1636 2648 quidam.

938 2651 1050 2692 Vulgo
1072 2652 1128 2683 ubi
1150 2652 1286 2683 horum.
1345 2650 1460 2682 Simile
1489 2651 1572 2692 quid
1600 2662 1634 2683 v.

938 2697 967 2734 1,
985 2698 1038 2726 54.

983 2739 1052 2771 Sub
1066 2748 1180 2770 eorum
1195 2740 1259 2770 sint
1274 2741 1353 2778 imp.
1371 2738 1432 2769 alii
1447 2744 1536 2770 sunt.

983 2783 1152 2825 Adflicto-s.
1186 2782 1240 2813 Sic
1257 2781 1355 2812 Leid.
1379 2782 1464 2813 Cod.
1481 2788 1516 2814 ut
1534 2785 1564 2822 8,
1577 2785 1632 2814 21.

940 2826 1009 2858 Alii
1040 2826 1211 2864 adductos,
1242 2830 1278 2856 ut
1310 2828 1341 2863 4,
1370 2827 1402 2856 6.
1442 2828 1474 2865 7,
1504 2829 1560 2859 20.
1592 2826 1632 2861 C.

940 2874 971 2911 3,
996 2872 1048 2901 38.

985 2915 1036 2947 Ad
1049 2915 1213 2955 iniquam.
1230 2911 1291 2946 alii
1305 2912 1351 2946 ad
1366 2914 1530 2956 aliquam.
