1946 3261
266 207 351 255 1128
671 202 758 254 DE
790 199 996 250 BELLO
1028 200 1324 251 GALLICO.

258 328 506 376 communit.
568 329 722 386 Atque
749 328 853 381 haec,
884 330 963 373 etsi
991 338 1115 374 erant
1136 331 1296 390 exigua
1324 343 1405 388 per
1423 343 1484 379 se,
1515 328 1588 371 vix
1607 327 1739 372 homi-

264 407 369 434 num
387 388 553 431 milium
574 387 681 439 VII,
712 390 953 448 praesertim
974 389 1105 432 nullis
1127 405 1227 432 cum
1247 387 1566 447 inpedimentis,
1597 396 1742 431 tamen

260 447 469 506 angustiis
486 446 670 498 viarum,
693 464 825 506 quam
842 449 1023 491 maxime
1043 456 1203 506 potest,
1223 447 1456 496 contrahit,
1477 463 1528 489 eo
1550 446 1741 495 consilio,

263 515 314 548 ut
336 506 380 547 in
400 521 611 549 summam
630 508 964 551 contemtionem
992 506 1188 550 hostibus
1209 506 1367 550 veniat.
1430 505 1627 554 Interim,
1648 520 1744 563 spe-

265 563 534 607 culatoribus
561 565 606 608 in
626 580 770 608 omnes
792 574 939 625 partes
966 565 1164 616 dimissis,
1195 566 1413 625 explorat,
1446 579 1535 623 quo
1556 579 1744 607 commo-

263 622 439 666 dissimo
458 623 614 666 itinere
635 624 794 667 vallem
815 624 997 667 transire
1016 625 1161 682 possit.

320 681 394 724 50.
427 681 493 725 Eo
513 681 600 733 die,
631 683 825 741 parvulis
845 683 1120 740 equestribus
1149 680 1313 741 proeliis
1345 680 1403 725 ad
1422 697 1580 739 aquam
1602 681 1745 731 factis,

260 740 441 798 utrique
456 756 544 784 sese
562 758 640 785 suo
659 742 754 785 loco
774 743 1017 790 continent;
1052 740 1188 791 Galli,
1201 740 1320 798 quod
1335 741 1566 799 ampliores
1581 739 1743 797 copias,

262 814 360 856 quae
395 799 588 842 nondum
624 809 931 851 convenerant,
970 801 1305 858 exspectabant;
1360 800 1520 848 Caesar,
1555 798 1592 840 si
1628 800 1746 841 forte

260 856 429 901 timoris
458 858 730 901 simulatione
750 858 894 902 hostes
922 860 966 901 in
995 874 1123 902 suum
1152 858 1295 900 locum
1320 857 1477 900 elicere
1507 864 1665 914 posset,
1694 864 1746 900 ut

262 916 373 958 citra
390 915 548 960 vallem
569 933 650 974 pro
667 917 817 960 eastris
838 918 996 975 proelio
1015 916 1322 965 contenderem
1354 917 1388 958 si
1408 915 1453 958 id
1471 916 1642 958 efficere
1662 930 1747 958 non

260 983 421 1033 posset,
445 983 512 1025 ut,
535 976 770 1033 exploratis
790 975 1036 1024 itineribus,
1066 976 1231 1017 minore
1252 990 1352 1016 cum
1372 973 1569 1032 periculo
1588 973 1747 1017 vallem

261 1033 492 1092 rivumque
513 1034 732 1076 transiret.
797 1033 943 1076 Prima
959 1033 1057 1076 luce
1076 1032 1266 1076 hostium
1286 1033 1510 1090 equitatus
1531 1031 1587 1075 ad
1607 1041 1749 1075 castra

261 1091 429 1135 accedit
452 1091 746 1150 proeliumque
767 1108 866 1134 cum
888 1092 1045 1135 nostris
1066 1091 1289 1148 equitibus
1306 1091 1552 1133 committit.
1601 1091 1747 1134 Caesar

262 1150 460 1194 consulto
480 1150 648 1208 equites
670 1149 826 1193 cedere
847 1167 978 1208 seque
1000 1150 1044 1192 in
1066 1158 1207 1192 castra
1226 1149 1422 1208 recipere
1441 1150 1591 1208 jubet;
1621 1149 1748 1192 simul

260 1225 317 1252 ex
351 1209 548 1253 omnibus
584 1209 782 1268 partibus
817 1218 957 1252 castra
984 1208 1140 1252 altiore
1171 1208 1288 1251 vallo
1322 1208 1483 1251 muniri
1512 1216 1749 1265 portasque

263 1268 434 1312 obstrui
452 1276 587 1325 atque
619 1268 663 1310 in
684 1268 746 1310 his
763 1267 1112 1310 administrandis
1143 1267 1275 1309 rebus
1296 1281 1427 1323 quam
1447 1267 1630 1310 maxime
1650 1282 1750 1310 con-

266 1327 430 1370 cursari
450 1335 495 1369 et
514 1342 614 1368 cum
632 1326 903 1369 simulatione
925 1325 1091 1368 timoris
1110 1325 1182 1382 agi
1199 1324 1342 1383 jubet.

324 1385 395 1427 51.
432 1383 605 1434 Quibus
641 1384 841 1427 omnibus
873 1383 1004 1426 rebus
1040 1383 1182 1426 hostes
1218 1383 1392 1427 invitati
1432 1383 1578 1443 copias
1614 1393 1750 1428 trans-

262 1442 430 1486 ducunt
450 1442 672 1500 aciemque
694 1442 845 1500 iniquo
870 1441 968 1486 loco
990 1442 1283 1491 constituunt;
1315 1442 1473 1486 nostris
1494 1459 1598 1487 vero
1618 1444 1751 1486 etiam

262 1502 316 1544 de
337 1501 454 1546 vallo
474 1501 685 1550 deductis,
716 1501 900 1559 propius
920 1501 1130 1544 accedunt
1157 1510 1202 1544 et
1224 1500 1311 1543 tela
1331 1501 1446 1544 intra
1466 1503 1750 1545 munitionem

262 1577 317 1604 ex
333 1560 533 1603 omnibus
555 1560 758 1618 partibus
775 1560 1033 1617 conjiciunt;
1066 1559 1427 1618 praeconibusque
1450 1561 1751 1604 circummissis

265 1618 544 1678 pronunciari
577 1618 750 1676 jubent,
783 1625 812 1644 “
832 1634 905 1660 seu
943 1619 1041 1676 quis
1074 1618 1248 1668 Gallus,
1282 1634 1356 1659 seu
1392 1617 1614 1661 Romanus
1643 1619 1751 1662 velit

266 1686 296 1705 “
319 1686 418 1720 ante
435 1676 587 1720 horam
604 1676 780 1719 tertiam
797 1676 852 1719 ad
867 1693 909 1719 se
927 1676 1126 1726 transire,
1144 1677 1232 1720 sine
1250 1676 1447 1735 periculo
1466 1677 1617 1725 licere;
1650 1686 1751 1736 post

266 1744 295 1764 ‘⁶
320 1736 364 1779 id
397 1744 569 1793 tempus
597 1750 683 1778 non
712 1734 805 1778 fore
834 1737 1146 1793 potestatem:’'
1175 1751 1224 1777 ac
1245 1736 1304 1777 sic
1326 1746 1495 1778 nostros
1517 1744 1750 1779 contemse-

265 1803 387 1843 runt,
428 1802 495 1843 ut,
538 1793 774 1837 obstructis
811 1793 855 1837 in
895 1794 1079 1852 speciem
1122 1793 1261 1852 portis
1303 1794 1484 1851 singulis
1525 1794 1751 1838 ordinibus

265 1853 494 1911 cespitum,
529 1852 649 1910 quod
680 1868 729 1894 ea
762 1868 848 1897 non
877 1869 1000 1911 posse
1022 1852 1344 1910 introrumpere
1365 1853 1644 1903 videbantur,
1676 1853 1751 1896 alii

266 1912 430 1955 vallum
452 1926 582 1953 manu
602 1910 809 1961 scindere,
831 1911 905 1954 alii
926 1911 1055 1955 fossas
1076 1911 1294 1969 complere
1317 1911 1572 1970 inciperent.
1635 1911 1752 1955 Tum

269 1971 431 2020 Caesar,
466 1969 667 2012 omnibus
702 1971 842 2028 portis
870 1971 1100 2029 eruptione
1129 1969 1244 2012 facta
1271 1970 1561 2028 equitatuque
1582 1970 1750 2021 emisso,

267 2028 467 2072 celeriter
484 2027 627 2071 hostes
643 2028 718 2071 dat
738 2029 780 2071 in
798 2029 962 2087 fugam,
985 2029 1060 2078 sic,
1084 2028 1150 2070 uti
1173 2028 1345 2071 omnino
1365 2027 1588 2088 pugnandi
1606 2045 1753 2072 caussa

267 2087 501 2136 resisteret,
521 2103 684 2154 nemo&
700 2103 995 2146 magnumque
1024 2103 1077 2130 ex
1097 2086 1156 2129 eis
1181 2101 1412 2130 numerum
1439 2086 1597 2131 occidit
1618 2096 1752 2146 atque

272 2162 419 2190 omnes
439 2161 569 2188 armis
589 2154 724 2188 exult.

326 2205 399 2246 52.
435 2204 627 2261 Longius
644 2204 850 2263 prosequi
868 2204 1047 2253 veritus,
1065 2204 1185 2262 quod
1201 2204 1320 2247 silvae
1338 2203 1604 2262 paludesque
1623 2205 1754 2248 inter-

269 2263 497 2312 cedebant,
534 2277 675 2319 neque
709 2263 840 2305 etiam
877 2263 1063 2322 parvulo
1100 2264 1360 2306 detrimento
1397 2262 1571 2305 illorum
1609 2262 1753 2306 locum

269 2321 461 2380 relinqui
482 2320 673 2370 videbat,
703 2322 903 2365 omnibus
925 2323 1010 2365 suis
1030 2322 1319 2366 incolumibus
1340 2321 1492 2380 copiis,
1515 2320 1664 2364 eodem
1684 2322 1754 2364 die

323 2442 396 2476 Quo
413 2437 675 2472 commodissimo
692 2439 821 2471 itinere.
836 2439 881 2471 al.
894 2450 983 2472 com-
1048 2446 1098 2473 est
1113 2445 1349 2483 propagata—
1359 2456 1402 2462 —
1418 2439 1534 2471 Exstat
1547 2439 1698 2471 narratio
1713 2440 1755 2472 de

276 2486 478 2518 mclissinw.
494 2483 596 2514 male.
1050 2485 1114 2516 liae
1145 2483 1346 2516 Nerviorum
1370 2483 1547 2515 molitione
1569 2484 1659 2525 apud
1676 2484 1755 2515 Plu-

326 2528 509 2560 Ordinibus
543 2528 714 2567 cespitum.
769 2527 805 2558 In
844 2527 984 2567 singulis
1048 2528 1155 2560 tarch.
1173 2527 1205 2559 in
1220 2527 1307 2559 Caes.
1323 2537 1400 2568 cap.
1416 2528 1475 2557 ⁴24.
1491 2533 1524 2559 et
1541 2527 1643 2559 Dion.
1659 2527 1753 2559 Cass.

279 2572 389 2615 portis
413 2577 598 2603 castrorum
615 2569 720 2611 positi
742 2577 835 2603 erant
851 2572 985 2603 ordines
1050 2575 1104 2611 40,
1135 2573 1229 2603 7-11.
1262 2572 1311 2602 M.
1363 2571 1504 2603 Graecus
1534 2571 1695 2613 interpres
1721 2571 1757 2602 «τό

274 2618 392 2657 (strata
430 2615 544 2657 plura)
578 2614 747 2655 cespitum
784 2613 846 2646 alii
884 2626 985 2657 super
1048 2616 1142 2660 ἔρυμα
1157 2617 1195 2658 τῇ
1208 2615 1285 2658 χειρὶ
1301 2614 1485 2658 περιτέμνειν.

274 2660 370 2693 aliis.
395 2660 444 2691 M.
1096 2661 1257 2700 Pro-seque
1274 2662 1405 2691 veritus.
1442 2658 1511 2691 Alii
1525 2662 1682 2701 prosequi
1696 2669 1756 2691 rw-

327 2705 395 2736 Εα.
410 2702 469 2735 alii
480 2712 551 2735 eas.
588 2702 674 2734 Mox
685 2712 776 2735 omn.
787 2705 891 2744 portis
902 2704 983 2744 etus.
1047 2704 1124 2735 luit.
1171 2702 1224 2734 Sic
1240 2708 1273 2734 et
1288 2703 1439 2734 Graecus.

279 2747 387 2780 Aliter
401 2747 579 2788 Polyaenus
595 2749 628 2785 8,
644 2750 698 2779 23.
1097 2748 1214 2787 Neque
1226 2749 1382 2779 etiam—
1392 2747 1535 2779 videbat.
1573 2746 1753 2778 Nescimus

326 2791 495 2822 Scimlere.
543 2791 619 2822 Hoc
642 2791 698 2822 vel
717 2789 790 2822 sine
805 2789 984 2822 codicibus
1052 2790 1086 2822 in
1106 2790 1229 2831 insigni
1246 2791 1345 2821 codd.
1360 2790 1535 2828 varietate,
1548 2789 1630 2831 quid
1642 2789 1756 2822 Caesar

280 2836 474 2875 ponendum
500 2841 585 2874 erat;
620 2836 676 2866 sed
702 2835 801 2866 codd.
830 2833 982 2876 plerique
1051 2834 1084 2865 h.
1102 2835 1125 2866 l.
1152 2834 1341 2875 scripserit;
1379 2840 1413 2865 et
1438 2835 1634 2874 interpretes
1663 2844 1755 2875 mag-

279 2878 380 2917 (teste
396 2877 657 2920 Oudendorpio)
680 2886 714 2910 et
737 2879 814 2909 edd.
830 2884 897 2910 vet.
923 2877 983 2908 lia·
1051 2888 1175 2920 nopere
1199 2878 1411 2910 dissentiunt.
1452 2877 1644 2915 Licebitne.
1665 2880 1756 2909 enim

279 2920 363 2952 bent
399 2922 558 2953 scindere.
612 2923 741 2954 Tamen
773 2920 984 2964 ineptissima
1051 2932 1112 2963 pro
1129 2925 1233 2954 etiam
1249 2933 1267 2952 e
1281 2921 1390 2953 tribus
1403 2920 1580 2952 codicibus
1591 2920 1755 2962 recipere,

275 2964 393 3004 lectio,
415 2975 522 2999 ‘mmm
541 2966 715 3005 scandere,
739 2977 798 3009 per
819 2966 984 3000 editiones
1050 2972 1085 2999 et
1101 2966 1167 2999 hoc
1183 2971 1292 3001 totum
1316 2974 1463 3004 comma,
1486 2974 1592 3009 neque
1608 2965 1757 2998 -tae'de-
