1946 3261
495 186 613 231 LIB.
644 184 751 232 VII.
813 185 951 231 CAP.
982 185 1170 229 27—29.
1504 183 1586 226 183

115 307 216 352 nino
255 327 351 369 spes
385 313 500 372 fugae
535 312 782 363 tolleretur,
824 311 1002 370 abjectis
1041 311 1183 361 armis,
1224 311 1395 355 ultimas
1433 311 1587 372 oppidi

115 377 261 426 partes
299 372 536 415 continenti
576 373 730 429 inpetu
772 371 1052 429 petiverunt:
1108 385 1293 426 parsque
1333 371 1408 422 ibi,
1451 387 1587 430 quum

117 437 301 486 angusto
323 439 550 488 portarum
579 431 696 473 exitu
715 447 759 473 se
780 429 862 488 ipsi
883 436 1141 487 premerent,
1163 444 1188 469 a
1208 428 1439 474 militibus:
1474 447 1590 490 parS,

112 485 201 544 Jam
221 503 388 545 egressa
410 489 563 547 portis,
596 489 651 531 ab
672 489 891 546 equitibus
911 494 974 529 est
993 485 1244 533 interfecta;
1276 502 1353 529 nec
1373 490 1454 532 fuit
1475 490 1590 547 quis-

118 560 267 601 quam,
288 547 362 603 qui
385 547 541 605 praedae
560 547 769 589 studeret..
824 547 895 588 Sic
915 553 960 588 et
984 544 1226 586 Genabensi
1247 545 1360 587 caede
1380 556 1424 589 et
1445 549 1593 592 labore

119 603 260 659 operis
279 605 459 654 incitati,
482 620 566 647 non
585 614 713 648 aetate
734 604 952 653 confectis,
969 618 1054 646 non
1073 602 1339 652 mulieribus,
1358 619 1441 647 non
1458 607 1592 650 infan-

119 662 235 704 tibus
273 672 576 721 pepercerunt.
640 664 837 721 Denique
868 679 920 705 ex
953 662 1067 705 omni
1099 677 1149 703 eo
1179 676 1375 711 numero,
1404 664 1479 720 qui
1510 667 1595 709 fuit

119 720 290 763 circiter
305 722 473 764 XXXX
490 722 672 771 milium,
689 722 761 764 vix
780 722 966 771 DCCC,
988 721 1063 778 qui
1082 720 1222 778 primo
1240 719 1426 763 clamore
1447 724 1596 768 audito

120 795 164 824 se
194 795 247 821 ex
268 780 430 838 oppido
449 780 678 838 ejecerant,
707 781 937 823 incolumes
971 780 1026 822 ad
1063 778 1464 838 Vercingetorigem
1502 799 1598 840 per-

121 847 349 880 venerunt.
412 839 530 889 Quos
562 839 649 889 ille,
682 841 817 882 multa
843 839 931 897 jam
956 846 1097 887 nocte,
1129 838 1298 880 silentio
1328 854 1381 881 ex
1402 839 1507 898 fuga
1528 857 1599 884 ex-

121 896 253 954 cepit,
280 897 477 953 (veritus,
498 913 550 940 ne
571 914 656 955 qua
678 898 719 940 in
741 899 890 941 castris
909 914 961 940 ex
983 913 1132 939 eorum
1152 912 1360 940 concursu
1380 906 1423 941 et
1443 899 1602 942 miseri-

123 954 272 998 cordia
304 956 427 1016 vulgi
463 957 611 999 seditio
647 957 873 1015 oriretur,)
907 965 972 1006 ut,
1011 955 1166 1014 procul
1205 955 1248 998 in
1279 957 1348 999 via
1383 957 1602 1017 dispositis

122 1014 407 1058 familiaribus
440 1016 524 1058 suis
559 1016 914 1075 principibusque
947 1016 1186 1064 civitatum,
1222 1014 1500 1074 disparandos
1529 1019 1602 1061 de-

122 1073 422 1131 ducendosque
453 1075 510 1117 ad
541 1091 637 1118 suos
668 1084 860 1125 curaret,
893 1091 990 1132 quae
1021 1075 1177 1132 cuique
1196 1074 1365 1119 civitati
1393 1093 1494 1135 pars
1515 1094 1603 1121 cas-

124 1140 292 1176 trorum
315 1133 372 1176 ab
392 1133 513 1176 initio
533 1135 784 1177 obvenerat.

183 1190 254 1234 29.
291 1192 469 1235 Postero
499 1193 567 1236 die
589 1194 769 1237 concilio
799 1201 1036 1236 convocato
1065 1192 1307 1236 consolatus
1337 1194 1606 1238 cohortatus-

127 1265 210 1306 que
230 1259 310 1300 est,
343 1258 372 1278 ‘⁶
390 1267 443 1294 ne
474 1269 516 1294 se
536 1252 769 1295 admodum
800 1251 943 1295 animo
972 1252 1267 1301 demitterent,
1299 1267 1405 1296 neve
1435 1264 1608 1311 pertur-

129 1316 160 1334 “
183 1310 393 1352 barentur
428 1311 714 1353 incommodo:
761 1327 847 1354 non
883 1311 1062 1360 virtute,
1090 1325 1230 1368 neque
1261 1311 1304 1353 in
1338 1313 1428 1355 acie
1458 1314 1607 1358 vicisse

129 1375 158 1393 “
183 1368 418 1418 Romanos,
449 1369 522 1411 sed
553 1369 735 1412 artificio
767 1369 955 1427 quodam
987 1378 1030 1410 et
1057 1369 1231 1412 scientia
1252 1371 1606 1428 obpugnationiS‚

129 1433 158 1452 ‘⁶
182 1427 303 1485 cujus
320 1428 383 1470 rei
405 1428 566 1471 fuerint
603 1428 683 1485 ipsi
707 1429 902 1486 inperiti:
936 1443 1096 1477 errare,
1118 1428 1151 1469 si
1173 1428 1248 1485 qui
1269 1428 1311 1470 in
1334 1429 1452 1472 bello
1472 1432 1607 1476 omnis

129 1492 159 1512 ‘⁶
183 1487 386 1529 secundos
414 1501 559 1529 rerum
589 1496 825 1544 proventus
854 1495 1121 1544 exspectent:
1156 1486 1236 1529 sibi
1258 1503 1491 1545 numquam
1515 1491 1608 1549 pla-

131 1551 162 1573 “
186 1545 332 1594 cuisse,
365 1546 600 1587 Avaricum
633 1545 822 1594 defendi,
856 1546 975 1602 cujus
1005 1545 1067 1587 rei
1097 1553 1226 1587 testes
1263 1546 1376 1604 ipsos
1407 1546 1605 1598 haberet;

131 1610 161 1629 ‘⁶
185 1604 258 1646 sed
292 1604 454 1646 factum
487 1603 762 1661 inprudentia
803 1602 1051 1660 Biturigum
1086 1611 1131 1644 et
1163 1603 1292 1645 nimia
1327 1605 1611 1663 obsequentia

127 1669 158 1689 ‘⁶
180 1662 461 1719 reliquorum,
483 1662 547 1704 uti
567 1661 648 1705 hoc
668 1661 980 1705 incommodum
1012 1661 1302 1720 acciperetur:
1336 1663 1380 1706 id
1402 1672 1545 1709 tamen
1565 1683 1610 1710 se

128 1728 158 1748 “
182 1721 380 1764 celeriter
411 1720 646 1778 majoribus
677 1721 906 1763 commodis
937 1730 1203 1763 sanaturum.
1268 1721 1400 1771 Nam,
1434 1739 1530 1780 quae
1552 1726 1610 1769 ab

129 1788 159 1807 “
182 1780 359 1837 reliquis
382 1779 524 1822 Gallis
542 1780 739 1823 civitates
757 1780 1044 1829 dissentirent,
1074 1779 1150 1822 has
1179 1796 1253 1822 sua
1282 1780 1510 1838 diligentia
1535 1784 1610 1827 ad-

130 1847 162 1866 “
181 1840 435 1898 juncturum
455 1847 588 1896 atque
610 1854 742 1881 unum
764 1839 987 1882 consilium
1008 1839 1142 1882 totius
1166 1839 1323 1882 Galliae
1342 1840 1611 1895 effecturum,

131 1906 161 1926 ‘⁶
185 1899 305 1957 cujus
325 1913 530 1940 consensu
562 1914 614 1941 ne
647 1899 764 1941 orbis
784 1899 958 1956 quidem
980 1907 1195 1941 terrarum
1228 1898 1361 1957 possit
1381 1900 1611 1945 obsistere:

179 2024 270 2064 Spes.
316 2022 403 2055 Cod.
418 2033 487 2063 reg.
502 2033 576 2064 spes
592 2025 710 2054 omnis.

183 2067 370 2099 Genabensi
385 2067 488 2099 coede.
532 2066 583 2098 Cf.
599 2077 676 2108 cap.
695 2070 725 2098 3.
750 2067 801 2098 M.

180 2111 309 2143 Labore
334 2113 451 2152 operis,
479 2109 561 2152 quia
587 2110 620 2141 in
648 2110 837 2142 munitione

133 2159 262 2187 tantum
288 2154 415 2186 laboris
436 2160 471 2185 et
496 2154 658 2186 molestiae
679 2154 839 2186 exhauri-

135 2200 260 2231 endum
274 2199 393 2230 fuerat.
438 2198 537 2230 Conf.
552 2209 583 2229 c.
600 2201 653 2229 20.
679 2200 728 2230 M.

182 2244 238 2275 Ex
252 2245 344 2276 omni
358 2254 393 2275 eo
408 2253 561 2274 numero.
600 2243 635 2274 Id
652 2252 693 2273 eo
711 2243 841 2274 addunt

134 2287 221 2319 boni
236 2288 335 2319 codd.
355 2292 388 2318 et
404 2292 495 2318 amat
511 2286 558 2317 ita
574 2292 698 2318 struere
713 2292 842 2317 noster.

902 2022 964 2054 ubi
988 2022 1039 2053 sui
1066 2028 1170 2054 erant.
1228 2023 1318 2064 Ergo
1340 2034 1422 2055 cum
1444 2026 1612 2059 exercitus

905 2066 1056 2098 Gallicus
1085 2073 1251 2098 constaret
1280 2069 1462 2100 multarum
1490 2070 1611 2103 civita-

904 2117 975 2142 tum
994 2111 1203 2149 hominibus,
1228 2111 1385 2144 homines
1400 2112 1611 2154 singularum

903 2154 1080 2186 civitatum
1095 2155 1253 2186 tenebant
1265 2156 1413 2197 singulas
1422 2165 1611 2192 castrorum

907 2204 1031 2239 partes.
1078 2198 1146 2236 Qui
1174 2198 1277 2240 igitur
1300 2211 1390 2232 nunc
1414 2212 1432 2232 e
1448 2202 1528 2244 suga
1550 2214 1611 2236 ex-

905 2242 1088 2283 cipiuntur,
1112 2242 1147 2273 hi
1163 2244 1374 2275 deducuntur
1393 2244 1426 2276 in
1441 2256 1518 2278 eam
1537 2258 1612 2289 par-

905 2292 971 2318 tem
996 2293 1194 2322 castrorum.
1219 2287 1253 2319 in
1274 2299 1341 2329 qua
1357 2291 1540 2330 populares
1554 2303 1613 2323 eo-

138 2330 217 2362 Vid.
246 2341 276 2362 c.
301 2333 354 2362 ⁷9.
385 2341 517 2362 omnem
548 2341 624 2362 eam
649 2332 841 2373 planitiem.

139 2375 193 2407 Al.
211 2377 242 2406 9.
265 2377 358 2406 omni
372 2376 433 2406 illa
448 2377 597 2416 reyione.

185 2420 241 2450 Ex
253 2418 344 2459 fuya
359 2421 496 2460 emcepit.
543 2417 613 2450 Alii
635 2423 752 2450 contra
768 2427 842 2449 om-

138 2473 198 2494 nes
212 2463 280 2493 fere
295 2461 446 2500 codices3
469 2465 518 2493 sic
536 2473 579 2493 esc
594 2462 684 2503 fuya
705 2464 844 2503 excepit.

141 2507 290 2538 Voluere
319 2506 435 2536 locum
463 2505 653 2546 explicare:
688 2516 767 2536 nam
797 2508 844 2536 sic

141 2550 399 2591 intelligendum
415 2554 476 2580 est.
503 2551 551 2581 M.
597 2550 653 2581 Cf.
668 2556 739 2581 not.
752 2550 793 2581 ad
813 2552 844 2587 3,

144 2597 194 2626 14.
211 2598 243 2629 5,
264 2597 313 2624 15.
338 2593 360 2624 i.
374 2604 405 2624 e.
424 2592 602 2635 intercepit
617 2594 650 2624 in
669 2593 732 2624 via.

187 2638 437 2679 Dis-parandos,
474 2637 709 2678 sejungendos,
748 2646 845 2678 sepa-

139 2684 272 2714 randos.
298 2681 375 2712 Vid.
391 2681 534 2711 Plautus
549 2681 581 2712 in
597 2682 739 2722 prologo
755 2681 844 2712 Rud.

141 2738 174 2758 v.
189 2729 221 2758 6.
245 2726 322 2757 Duo
334 2725 435 2756 codd.
448 2724 585 2763 habent,
596 2725 846 2767 dispertiendos.

124 2770 195 2802 ‘Sic
222 2768 485 2809 Oudendorpius
510 2769 580 2799 h.l.
605 2769 765 2809 explicat,
787 2769 849 2799 de-

142 2814 249 2845 fendit
271 2820 304 2845 et
328 2813 484 2844 illustrat.
529 2813 680 2843 Addatur
705 2812 780 2844 Cic.
805 2813 846 2843 de

142 2858 271 2890 Invent.
289 2860 316 2896 1,
330 2860 382 2889 28.
398 2857 458 2888 ubi
471 2857 645 2898 disparare
657 2857 845 2898 explicatur

141 2901 247 2934 verbo
262 2912 426 2944 separare.
451 2902 501 2932 M.

189 2947 240 2979 Ad
253 2956 342 2985 suos,
363 2946 396 2980 in
411 2955 488 2979 eam
505 2949 636 2988 partem
651 2950 846 2985 castrorum,

908 2341 982 2361 rum
999 2331 1138 2362 seorsim
1155 2337 1258 2363 erant.
1304 2331 1357 2364 Cf.
1372 2339 1562 2375 yeneratz'm
1578 2335 1612 2367 in

910 2374 983 2405 Ind.
998 2380 1031 2405 et
1047 2385 1124 2416 cap.
1140 2378 1193 2406 36.
1218 2377 1268 2407 Μ.

955 2419 999 2450 In
1027 2421 1110 2451 acie.
1157 2419 1213 2451 Sic
1244 2425 1356 2451 noster
1387 2421 1527 2462 passim.
1550 2423 1611 2455 alii

909 2472 992 2494 acze.

956 2507 1152 2539 Proventzts.
1215 2508 1326 2549 Vulgo
1358 2515 1516 2549 eventus;
1554 2512 1613 2543 sed

910 2550 995 2582 illud
1018 2551 1137 2583 Daris.
1163 2557 1195 2583 et
1219 2552 1435 2595 Oudendorp.
1452 2554 1538 2585 bene
1554 2556 1613 2586 de-

909 2595 1099 2627 fenderunt.
1145 2596 1349 2637 Exemplum
1371 2608 1402 2629 v.
1420 2597 1452 2628 in
1469 2599 1543 2630 Ind.
1561 2600 1612 2631 M.

910 2638 1010 2670 Conf.
1035 2646 1068 2671 et
1090 2640 1180 2672 Suet.
1196 2641 1283 2682 Aug.
1296 2642 1351 2671 94.
1372 2647 1405 2673 et
1425 2641 1501 2673 Val.
1519 2642 1612 2676 Max.

914 2685 945 2721 3,
962 2686 994 2719 9,
1012 2687 1043 2715 5.
1060 2690 1142 2714 extr.

957 2727 1187 2769 obsequentia.
1234 2728 1284 2758 De
1298 2738 1335 2759 re
1350 2739 1382 2759 v.
1396 2739 1472 2769 cap.
1492 2732 1543 2760 15.
1560 2731 1612 2764 Μ.

912 2770 963 2802 De
980 2771 1081 2803 verbo
1104 2782 1134 2803 v.
1160 2772 1284 2813 Berger
1310 2773 1352 2803 de
1379 2773 1514 2813 pulerit.
1537 2785 1613 2806 ora-

911 2814 1027 2854 tionis,
1053 2825 1088 2856 p.
1113 2817 1188 2846 427.
1234 2815 1388 2847 Refertur
1414 2818 1457 2848 ad
1484 2818 1614 2851 miseri-

909 2859 1062 2891 cordiam
1078 2859 1169 2901 vulgi
1186 2870 1262 2901 cap.
1279 2861 1423 2901 praeced.

961 2905 1138 2936 Consensu.
1193 2904 1304 2946 Vulgo
1332 2908 1513 2940 comensui.
1559 2907 1615 2941 Cf.

916 2949 945 2985 l,
963 2949 1015 2980 16.
1038 2948 1090 2980 M.

1344 2990 1359 3006 1
