1946 3261
279 223 366 267 278
733 224 817 266 DE
850 221 1057 266 BELLO
1089 224 1304 269 CIVILI.

285 358 315 378 “
338 366 435 394 rum
475 349 776 393 tabulatorum
811 350 1048 403 excitabat,
1091 365 1179 407 quo
1217 349 1483 394 commodius
1518 351 1574 394 ab
1610 351 1761 411 inpetu

283 418 314 437 ‘⁶
337 408 513 452 navium
526 408 817 468 incendiisque
834 408 1131 453 defenderet.”

307 517 309 519 ,
339 468 410 509 26.
445 466 615 510 Contra
649 467 738 512 haec
773 468 1003 528 Pompeius
1036 484 1164 512 naves
1188 484 1366 527 magnas
1390 469 1622 520 onerarias,
1655 485 1762 528 quas

280 526 478 584 inportu
512 525 774 572 Brundisino
807 527 1170 587 deprehenderat,
1193 527 1449 571 adornabat.
1513 527 1582 571 Ibi
1617 537 1762 572 turres

283 600 381 628 cum
419 585 552 628 ternis
587 587 796 630 tabulatis
829 588 1027 645 erigebat
1063 603 1239 645 easque,
1279 587 1426 630 multis
1466 587 1691 630 tormentis
1719 594 1766 630 et

281 643 397 696 omni
419 660 576 703 genere
596 645 785 690 telorum
801 646 1054 705 completas,
1077 646 1135 689 ad
1155 662 1288 705 opera
1303 644 1482 690 Caesaris
1497 645 1766 705 adpellebat,

279 709 333 754 ut
353 711 467 746 rates
488 716 791 764 perrumperet
811 715 944 763 atque
964 721 1097 765 opera
1118 704 1402 750 disturbaret.
1468 705 1541 748 Sic
1573 704 1766 764 quotidie

279 761 507 820 utrimque
535 762 698 822 eminus
739 765 899 816 fundis,
937 764 1107 823 sagittis
1149 765 1416 823 reliquisque
1459 763 1556 807 telis
1633 778 1767 824 ugna-

278 819 427 864 batur.
492 822 642 881 Atque
662 823 751 868 haec
784 825 847 867 ita
883 824 1029 867 Caesar
1055 823 1406 873 administrabat,
1428 831 1479 865 ut
1500 838 1581 866 con
1614 822 1766 866 itiones

278 879 401 938 pacis
435 880 715 926 dimittendas
750 899 836 927 non
873 882 1154 926 existimaret.
1219 881 1286 925 Ac
1307 882 1479 929 tametsi
1501 896 1659 939 magno
1719 898 1765 925 re

277 936 598 991 admirabatur,
637 942 856 1002 Magium,
899 959 1029 999 quem
1049 932 1105 985 ad
1131 941 1387 1000 Pompeium
1420 956 1519 983 cum
1552 955 1651 982 man
1685 940 1766 983 atis

278 998 470 1048 miserat,
488 999 545 1041 ad
574 1017 617 1042 se
639 1016 725 1044 non
756 1001 947 1049 remitti;
979 1010 1110 1059 atque
1149 1016 1202 1043 ea
1237 1016 1303 1042 res
1338 1015 1448 1057 saepe
1484 1006 1651 1042 tentata
1686 999 1768 1042 etsi

279 1057 454 1116 inpetus
480 1057 571 1115 ejus
591 1059 851 1115 consiliaque
874 1059 1107 1102 tardabat:
1142 1068 1287 1102 tamen
1323 1057 1523 1100 omnibus
1560 1057 1690 1100 rebus
1723 1057 1768 1100 in

278 1132 332 1159 eo
374 1115 738 1174 perseverandum
782 1118 984 1176 putabat.
1076 1117 1232 1174 Itaque
1282 1116 1513 1158 Caninium
1558 1115 1765 1159 Rebilum

280 1174 514 1233 Legatum,
567 1173 826 1217 familiarem
877 1175 1246 1232 necessariumque
1293 1174 1514 1218 Scribonii
1565 1174 1764 1223 Libonis,

280 1233 422 1278 mittit
447 1231 501 1274 ad
523 1248 621 1274 eum
642 1233 862 1291 conloquii
899 1250 1072 1277 caussa:
1122 1232 1318 1282 mandat,
1360 1242 1410 1274 ut
1454 1233 1669 1276 Libonem
1707 1232 1763 1278 de

280 1290 549 1336 concilianda
571 1307 675 1349 pace
697 1290 928 1342 hortetur3
962 1294 1006 1334 in
1028 1291 1194 1350 primis,
1232 1300 1280 1333 ut
1313 1291 1402 1349 ipse
1431 1307 1529 1333 cum
1556 1291 1765 1351 Pompeio

280 1349 637 1407 conloqueretur,
674 1351 900 1408 postulat:
935 1366 1196 1409 magnopere
1226 1365 1314 1391 sese
1341 1349 1558 1393 confidere
1593 1350 1766 1394 demon-

278 1417 406 1459 strat,
427 1408 461 1451 si
481 1408 571 1466 ejus
593 1408 654 1451 rei
686 1409 742 1451 sit
807 1417 963 1452 otestas
992 1410 1124 1459 facta,
1149 1409 1258 1458 fore,
1282 1417 1331 1451 ut
1353 1409 1488 1467 aequis
1508 1409 1766 1453 conditioni-

280 1469 363 1511 bus
395 1468 452 1512 ab
485 1467 614 1510 armis
645 1426 921 1511 discedatur:
956 1468 1075 1527 cujus
1097 1467 1157 1511 rei
1192 1483 1393 1527 magnam
1416 1475 1587 1526 partem
1625 1468 1767 1512 laudis

279 1536 412 1585 atque
432 1526 758 1570 existimationis
772 1527 827 1570 ad
846 1528 1061 1571 Libonem
1079 1536 1402 1586 perventuram,
1421 1526 1472 1577 si,
1492 1527 1568 1569 illo
1585 1536 1767 1571 auctore

279 1595 411 1644 atque
428 1594 601 1644 agente,
623 1586 680 1630 ab
700 1587 828 1628 armis
848 1586 903 1630 sit
923 1586 1166 1629 discessum.
1232 1585 1360 1636 Libo,
1383 1602 1408 1628 a
1429 1586 1662 1644 conloquio
1683 1587 1768 1630 Ca·

280 1644 386 1689 ninii
421 1644 653 1703 digressus,
684 1645 739 1688 ad
777 1645 1034 1703 Pompeium
1064 1645 1374 1703 proficiscitur:
1411 1645 1559 1703 paullo
1581 1654 1679 1704 post
1701 1661 1766 1688 re-

283 1704 473 1756 nunciat,
506 1711 535 1729 “
559 1703 676 1761 quod
716 1703 926 1746 Consules
961 1704 1117 1753 absint,
1157 1704 1246 1745 sine
1277 1704 1362 1747 illis
1382 1703 1437 1746 de
1458 1704 1766 1762 compositione

283 1771 314 1790 ‘⁶
339 1763 410 1820 agi
441 1778 526 1806 non
558 1764 722 1820 posse.”
784 1761 854 1805 Ita
875 1763 1028 1820 saepius
1059 1778 1149 1805 rem
1180 1762 1343 1805 frustra
1373 1770 1585 1805 tentatam
1622 1763 1767 1806 Caesar

279 1821 515 1879 aliquando
537 1820 842 1864 dimittendam
872 1822 952 1865 sibi
978 1820 1146 1880 judicat
1166 1829 1210 1864 et
1232 1821 1285 1863 de
1306 1819 1423 1863 bello
1444 1821 1677 1879 agendum.

342 1881 414 1923 27.
450 1881 596 1939 Prope
617 1879 796 1923 dimidia
832 1889 958 1939 parte
981 1880 1127 1939 operis
1147 1896 1173 1922 a
1196 1880 1365 1923 Caesare
1393 1880 1563 1930 effecta,
1597 1880 1767 1924 diebus-

284 1956 372 1997 que
392 1940 435 1982 in
457 1956 507 1984 ea
528 1956 574 1982 re
597 1939 831 1983 consumtis
863 1955 1034 1989 novem,
1070 1954 1214 1988 naves,
1235 1954 1259 1981 a
1284 1938 1547 1982 Consulibus
1571 1939 1766 1999 Dyrrha-

284 1998 381 2042 chio
405 1998 603 2047 remissae‚
638 2016 735 2056 quae
758 1999 946 2056 priorem
980 2006 1150 2057 partem
1180 1998 1394 2040 exercitus
1424 2014 1477 2040 eo
1507 1998 1766 2057 deportave-

285 2066 400 2109 rant,
442 2057 719 2100 Brundisium
759 2066 1057 2100 revertuntur.
1144 2057 1390 2115 Pompeius,
1432 2056 1521 2099 sive
1561 2057 1768 2116 operibus

288 2117 471 2159 Caesaris
491 2126 730 2174 permotus,
766 2117 854 2159 sive
877 2116 1008 2158 etiam
1037 2115 1155 2174 quod
1188 2116 1244 2158 ab
1267 2116 1389 2157 initio
1411 2114 1540 2158 Italia
1562 2117 1770 2160 excedere

287 2176 589 2224 constituerat,
626 2175 816 2218 advento
844 2175 1020 2217 navium
1050 2175 1366 2233 profectionem
1400 2190 1555 2233 parare
1585 2175 1763 2233 incipit:

287 2243 350 2284 et,
386 2250 475 2291 quo
497 2233 664 2276 facilius
698 2235 893 2292 inpetum
918 2234 1098 2277 Caesaris
1127 2233 1340 2282 tardaret,
1375 2249 1428 2275 ne
1450 2233 1533 2276 sub
1555 2234 1647 2292 ipsa
1667 2250 1767 2292 pro-

286 2292 473 2336 fectione
495 2292 651 2335 milites
668 2292 877 2351 oppidum
899 2293 1216 2351 inrumperent,
1254 2301 1401 2351 portas
1423 2292 1628 2341 obstruit,
1653 2294 1768 2336 vicos

288 2351 541 2410 plateasque
575 2351 817 2400 inaedificat,
853 2353 982 2396 fossas
1015 2361 1278 2394 transversas
1299 2350 1378 2393 viis
1400 2350 1612 2409 praeducit
1631 2361 1767 2409 atque

285 2411 348 2455 ibi
369 2411 495 2453 sudes
511 2409 767 2468 stipitesque
789 2420 1029 2468 praeacutos
1047 2410 1214 2468 defigit.
1261 2410 1368 2452 Haec
1389 2409 1558 2453 levibus
1579 2411 1771 2454 cratibus

288 2479 495 2528 terraque
516 2469 706 2526 inaequat
723 2485 732 2516 ;
763 2469 904 2512 aditus
924 2480 1070 2513 autem
1090 2479 1223 2527 atque
1240 2469 1395 2511 itinera
1410 2469 1514 2519 duo,
1529 2485 1627 2528 quae
1644 2477 1769 2513 extra

289 2544 464 2572 murum
481 2527 536 2579 ad
560 2535 738 2586 portum
759 2528 972 2579 ferebant,
1003 2529 1196 2571 maximis
1217 2527 1368 2570 defixis
1388 2528 1601 2577 trabibus,
1639 2537 1770 2587 atque

290 2588 350 2632 eis
372 2588 621 2647 praeacutis,
641 2587 856 2646 praesepit.
921 2587 1003 2630 His
1035 2589 1196 2646 paratis
1232 2587 1378 2636 rebus,
1412 2587 1572 2630 milites
1600 2587 1770 2630 silentio

340 2710 500 2742 Omnibus
529 2710 626 2741 rebus
659 2707 893 2750 perseverand-
922 2718 994 2740 om-
1063 2708 1117 2740 vel
1137 2720 1172 2740 eo
1202 2708 1302 2750 quod.
1347 2708 1402 2740 Sic
1433 2718 1550 2740 sensus
1575 2707 1662 2740 bene
1694 2707 1763 2740 sibi

294 2755 376 2787 nino
389 2763 616 2795 perseverare.
650 2753 701 2783 M.
1063 2758 1203 2791 constat,
1219 2762 1280 2784 nec
1298 2762 1384 2793 opus
1399 2758 1449 2784 est
1463 2751 1631 2784 Perizonii
1647 2751 1765 2783 obser-

341 2801 482 2831 Auctore
497 2803 596 2839 atque
610 2802 738 2836 aqente.
777 2794 833 2827 Sic
860 2795 993 2827 Cornel.
1064 2797 1202 2828 vatione
1230 2797 1271 2827 ad
1301 2795 1427 2828 Sanctii
1451 2796 1539 2828 Min.
1565 2797 1597 2835 3,
1622 2797 1673 2827 14.
1699 2806 1759 2828 nec

295 2844 364 2874 Att.
383 2845 414 2880 3,
431 2846 462 2873 2.
479 2843 566 2873 hunc
591 2847 736 2873 actorem
761 2846 995 2881 auctoremque
1064 2840 1200 2884 Apuleii
1218 2840 1296 2872 loco
1312 2840 1416 2872 citato
1431 2839 1475 2872 ab
1489 2839 1579 2871 0ηά.

295 2886 447 2918 habebar.
475 2885 526 2915 Cf.
541 2890 574 2916 et
589 2884 712 2915 Cicero
729 2884 769 2914 do
784 2883 878 2915 Orat.
894 2886 926 2921 ¹2,
942 2886 994 2914 16.
1111 2884 1305 2926 Inaedaefical.
1328 2884 1396 2916 vid.
1426 2885 1499 2917 Ind.
1515 2885 1565 2916 M.

341 2930 437 2964 Quod
456 2931 550 2961 Cous.
566 2930 685 2961 absint.
713 2928 808 2963 Quod
827 2928 885 2969 pr'o
900 2929 993 2968 quia.
