1946 3261
231 202 315 244 ΨΒ
371 168 411 239 D

235 332 451 368 Desiderato-e,
489 339 626 371 cupere,
655 330 828 370 adpetere,
855 331 886 365 4,
904 333 938 360 2.

275 376 478 414 Plerumque
515 379 576 411 est,
611 383 691 404 cum
727 372 940 414 aegritudinis

275 427 374 447 sensu
403 416 508 457 cupio
540 416 575 447 id
603 425 814 457 recuperare,
845 415 937 457 quod

275 459 395 498 habui,
411 461 470 491 sed
487 459 590 491 omisi

233 505 426 544 Designare
450 505 599 544 aliquem
620 505 786 541 oratione,
810 502 858 534 sic
883 503 941 533 de-

273 545 435 585 scribere,
450 552 488 577 ut
502 545 642 587 agnosci
658 546 778 587 possit,
798 549 826 584 l,
848 549 884 577 18

233 590 385 620 Desilere
398 589 456 627 (de
471 590 576 630 equo)
592 590 638 620 ad
649 590 762 638 pedes,
778 591 866 627 4,12

234 634 418 674 Despectus
440 643 460 663 e
482 632 559 664 loco
578 631 694 664 edito
685 643 719 664 1n
735 631 942 670 inferiorem,

276 677 497 714 3,14.mom
511 677 700 718 despectam
714 676 824 713 habet,
839 686 881 706 ex
896 686 940 706 eo

274 718 407 759 despici
423 724 549 761 potest,
565 723 597 757 2,
612 721 666 750 29.
712 717 838 749 Contra
857 728 939 759 yar-o

275 767 402 803 spectus
415 763 484 794 fere
500 768 561 801 est,
583 772 662 793 curn
676 767 768 793 recta
782 772 843 802 per
860 762 936 793 loca

276 805 428 846 patentia
442 806 562 837 oculus
576 805 678 836 fertur
718 835 724 837 .

235 849 426 891 Desperare
448 849 592 890 aliquid,
615 852 647 886 2,
670 850 724 879 24.
747 852 785 879 re
807 849 939 889 aliqua,

277 895 308 931 3,
339 895 386 923 12.
417 893 613 933 desperatus
637 893 747 929 homo,
776 891 942 932 perditus,

276 935 457 975 pessimus,
473 938 504 974 7,
520 938 540 966 3

236 980 449 1019 Despoliare,
465 979 624 1020 spoliare,
638 982 670 1016 2,
689 980 727 1009 31

235 1023 430 1060 Destinare,
459 1023 572 1063 figere,
595 1022 740 1059 firmare,
772 1027 807 1052 ut
831 1024 941 1052 ratem

277 1068 425 1103 ancom's,
439 1065 479 1097 C.
502 1068 529 1103 l,
544 1068 597 1096 25.
621 1069 792 1095 antennas
807 1065 853 1095 ad
867 1075 942 1095 ηια-

276 1109 351 1139 Zum
366 1109 545 1146 destinare,
561 1107 721 1148 adligare,
746 1110 778 1145 3,
801 1109 850 1138 14.
871 1117 942 1138 rem

276 1151 477 1191 prehensam
493 1150 672 1182 immotam
688 1156 814 1188 tenere,
838 1152 871 1188 7,
886 1154 940 1181 22.

276 1193 336 1224 ubi
351 1193 417 1224 vid.
443 1194 659 1225 Ciaceonius.
703 1194 754 1225 Cf.
780 1194 943 1234 Bergerus

277 1238 318 1267 de
344 1242 412 1268 nat.
438 1238 546 1278 pulcr.
573 1241 657 1269 orat.
680 1248 714 1278 p.
731 1239 807 1268 461.
852 1236 943 1268 Hinc

278 1279 376 1311 fluxit
391 1281 601 1322 metaphora,
615 1290 693 1311 cum
709 1279 876 1311 destinare
894 1285 945 1311 est

275 1324 471 1363 decernere,
506 1324 721 1361 constituere,
749 1329 786 1354 ut
815 1329 942 1354 certum

276 1367 333 1406 sit,
349 1373 386 1398 ut
405 1367 600 1399 Graecorum
626 1366 758 1406 πέπηγε,
785 1369 944 1398 constitu-

275 1416 349 1442 tum
363 1416 409 1442 est

231 1456 414 1486 Destinata
429 1465 524 1486 mem
537 1456 575 1486 in
581 1455 723 1496 fugam,
737 1453 791 1485 Af.
809 1456 850 1485 88

233 1500 435 1537 Destinatus,
456 1501 483 1537 1,
506 1500 542 1529 16

233 1543 454 1583 Destrinqere
475 1542 645 1583 qladium,
681 1543 707 1579 1,
739 1544 792 1572 25.
831 1542 864 1579 8,
887 1543 940 1573 23.

273 1584 363 1623 Non,
377 1586 579 1625 disti-inqere

233 1629 387 1670 Desuper
413 1630 608 1667 vulnerare,
633 1638 710 1659 cum
733 1627 943 1659 adversarius

274 1678 365 1711 eum,
380 1671 439 1713 qui
455 1682 497 1703 ex
512 1673 655 1703 adverso
672 1677 746 1710 slat,
770 1682 836 1703 non
852 1677 943 1703 recta

276 1715 369 1754 ferit3
414 1716 474 1746 sed
506 1716 630 1756 pedum
661 1715 776 1752 digitis
813 1716 942 1746 levatus

276 1769 378 1799 super
392 1764 525 1790 scutum
543 1759 646 1790 ictum
663 1758 763 1790 infert
777 1758 823 1795 ei,
843 1761 870 1797 1,
888 1762 927 1789 52

234 1801 423 1833 Βείθηιίρνε
439 1803 674 1839 tabernacula,
697 1803 736 1833 C.
755 1803 787 1839 3,
804 1804 857 1832 85.
881 1802 937 1832 Pr.

276 1847 420 1876 tentoria
435 1845 663 1876 detenebantur

235 1890 420 1928 Deteryere
434 1898 555 1926 remos,
570 1887 610 1918 C.
633 1891 659 1925 1,
675 1890 727 1919 58.
751 1889 793 1918 A.
816 1890 863 1918 15.

237 1933 409 1963 Detestari
418 1931 582 1973 precibuS,
605 1930 689 1962 diris
713 1932 893 1969 devovere,
917 1933 949 1970 6,

236 2019 424 2050 Detrahere
451 2020 576 2059 equites
604 2020 709 2059 equis,
734 2015 852 2058 jubere
882 2018 941 2049 de-

279 2063 455 2098 scendere,
476 2064 501 2097 l,
517 2064 557 2092 42

237 2106 519 2142 Detrimentosus,
534 2106 566 2143 7,
583 2107 635 2136 33.
685 2103 836 2135 Verbum
860 2104 946 2136 alibi

282 2158 349 2179 non
379 2156 567 2185 occurrere,
604 2147 702 2178 multi
732 2154 948 2186 monuerunt,

280 2191 528 2230 volueruntque
544 2191 680 2231 corrigi.
695 2196 729 2221 et
746 2191 868 2232 legitur
884 2202 944 2232 pro

281 2245 324 2266 eo
342 2234 376 2265 in
393 2234 492 2265 codd.
508 2232 640 2265 duobus
662 2235 859 2265 detrimento
875 2246 948 2274 suo,

281 2277 389 2309 autin
412 2287 481 2308 uno
502 2278 741 2309 detrimentum,
762 2288 946 2310 summum.

284 2320 382 2352 Prior
406 2320 510 2352 lectio
533 2326 584 2352 est
606 2319 721 2358 nihili,
744 2321 848 2352 altera
870 2322 946 2354 ferri

285 2369 407 2406 potest.
453 2364 517 2395 Sed
549 2364 576 2395 si
609 2363 748 2394 verbum
780 2365 844 2396 hoc
870 2376 950 2396 ana-

285 2408 387 2449 logiae
401 2407 571 2446 convenit,
593 2406 708 2448 quidni
731 2407 843 2439 Caesar
858 2409 951 2440 vide-

284 2457 359 2483 atur
375 2452 441 2482 hoc
458 2451 632 2492 posuisse?
680 2451 874 2482 Formarum
890 2461 950 2491 est,

285 2501 322 2526 ut
337 2500 546 2537 portentosas
559 2505 579 2525 a
592 2498 786 2535 portentum

244 2541 414 2571 Devenere
428 2537 496 2577 (in)
507 2541 601 2580 equis
614 2539 748 2575 milites,
763 2537 952 2579 equitantes

286 2593 312 2613 s.
329 2593 418 2624 equo
443 2581 629 2613 insidentes
653 2580 686 2611 in
712 2582 826 2612 locum
848 2582 952 2613 dedu-

286 2636 376 2663 cere,
411 2628 438 2661 1,
469 2628 523 2656 43.
568 2626 644 2656 Non
668 2631 730 2663 est,
752 2636 792 2656 ecc
815 2626 882 2655 alto
915 2629 949 2657 in

283 2671 467 2710 planiciem

245 2712 582 2752 Demetri-esortunas
598 2713 634 2741 in
650 2711 805 2750 dubium,
829 2722 950 2744 vocare

287 2756 319 2786 in
336 2756 491 2793 dubium,
508 2754 663 2796 periculo
679 2765 860 2796 exponere,
875 2758 906 2794 6,
919 2758 938 2786 7

246 2800 405 2837 ΠιίηΙιιιῖ,
422 2803 453 2837 3,
469 2802 509 2829 ⁴22

245 2843 368 2874 Dicere
383 2842 550 2881 (delinire,
564 2840 785 2882 constituere)
800 2843 900 2882 ‹In-vn,
922 2846 947 2882 1,

885 200 1084 244 INDEX

1054 331 1084 360 6.
1108 329 1216 361 dicere
1229 329 1340 360 locum
1354 328 1526 370 colloquio,
1554 329 1582 366 1,
1597 330 1649 360 34.
1665 327 1710 360 cf.

1050 377 1305 404 sacramentam

1010 418 1151 447 Dim-oea
1166 418 1277 455 nat-1⁴8,
1288 415 1431 447 biremis
1446 413 1581 456 δίκροτος,
1604 415 1644 446 Α.
1659 415 1700 444 47

1009 461 1134 497 DIctio,
1155 469 1268 490 cau-sce
1293 460 1403 498 dictio,
1431 457 1595 496 defensio,
1628 460 1656 496 l,
1681 459 1714 488 4.

1052 502 1107 534 Sic
1123 504 1313 533 testamenti
1321 503 1428 543 factio
1443 506 1478 532 et
1491 501 1562 532 alia

1009 546 1162 577 Diducer
1163 557 1192 583 e,
1214 545 1249 577 in
1265 551 1374 587 partes
1396 544 1535 586 exiguas
1555 542 1716 580 dividere,

1056 592 1144 627 &w

1011 632 1118 671 Differ
1118 637 1184 671 tus,
1199 633 1328 674 passim
1343 632 1504 674 repletus,
1518 630 1559 662 C.
1577 632 1609 668 3,
1626 632 1667 661 32

1008 676 1169 716 Difficilis
1181 675 1306 716 (aditu)
1316 678 1430 719 palus,
1452 676 1541 714 7,19

1008 720 1276 761 Diludicatafor
1278 725 1374 757 tuna,
1379 729 1446 751 non
1453 716 1601 760 amplius
1611 714 1718 748 dubia

1053 769 1087 794 et
1100 773 1235 804 anceps,
1248 764 1290 795 C.
1306 767 1338 801 2,
1355 765 1394 794 32

1010 806 1165 837 Dilectus
1189 808 1349 844 militum,
1373 808 1404 844 6,
1433 808 1460 836 l.
1483 804 1524 836 C.
1545 807 1574 843 l,
1588 807 1621 836 6.
1667 804 1716 836 Ila

1053 849 1122 880 fere
1136 850 1235 881 codd.
1250 849 1407 887 Caesaris,
1420 858 1502 885 non,
1515 848 1659 879 delectu-3

1012 893 1192 924 Dimittere
1210 895 1457 934 principatum,
1482 893 1513 929 6,
1533 893 1582 922 12.
1605 895 1719 922 aucto-

1054 938 1204 974 ritatem,
1234 937 1287 968 Af.
1318 939 1371 968 48.
1421 935 1592 977 oppidum,
1623 936 1654 966 8.
1685 937 1716 965 5.

1055 990 1158 1020 spem,
1173 979 1399 1018 C.1,73.1n
1411 977 1556 1011 hislocis
1566 977 1717 1009 estidem

1055 1023 1149 1063 quod
1164 1025 1327 1055 amium-‚e
1361 1023 1415 1054 Cf.
1430 1022 1503 1054 Cic.
1517 1021 1619 1052 Tusc.
1639 1023 1667 1058 1,
1685 1022 1717 1051 6.

1055 1072 1161 1097 morte
1169 1067 1332 1108 fortunas
1353 1067 1528 1098 dimittere
1552 1065 1720 1096 dimittere

1055 1113 1354 1151 oppuqnalionem,
1401 1109 1570 1146 omittere,
1620 1107 1721 1139 relin-

1052 1163 1168 1193 quere,
1179 1155 1210 1191 7,
1229 1154 1361 1184 17.C.⁰
1343 1168 1373 1191 ο,
1384 1155 1437 1184 73.
1454 1153 1615 1184 dimittere
1627 1152 1719 1191 ripas

1053 1196 1304 1237 relinquere,ab
1316 1196 1358 1227 iis
1366 1195 1553 1232 discedere,
1564 1198 1595 1231 5,
1609 1195 1658 1225 18.
1670 1194 1724 1224 di-

1055 1242 1186 1271 mittere
1196 1240 1413 1270 iracundiam
1423 1239 1637 1278 Reipublicae,
1647 1237 1720 1279 ejus

1057 1292 1175 1313 caussa
1190 1283 1361 1323 deponere
1378 1282 1455 1319 iras,
1468 1280 1508 1312 C.
1529 1283 1556 1320 1,
1573 1281 1591 1310 7
1708 1294 1712 1298 -

1013 1327 1171 1357 Dii-ectus
1185 1327 1286 1364 lomi,
1301 1325 1340 1357 C.
1363 1327 1389 1363 1,
1407 1329 1461 1356 45.
1477 1325 1607 1356 directa
1617 1324 1720 1359 trabs,

1057 1370 1089 1407 7,
1105 1372 1158 1400 23.
1182 1370 1345 1409 directam
1368 1370 1457 1400 latus
1472 1368 1587 1408 fossae,
1609 1369 1642 1405 7,
1666 1368 1719 1398 72.

1057 1415 1087 1450 8,
1105 1415 1136 1444 9.
1154 1412 1233 1451 (nisi
1249 1412 1389 1443 sortasse
1415 1411 1448 1443 in
1471 1411 1527 1442 his
1549 1410 1636 1442 locis
1662 1411 1720 1442 de-

1054 1461 1161 1487 rectus
1176 1455 1356 1497 legendum
1372 1456 1438 1494 est)
1459 1456 1623 1485 directum
1644 1456 1720 1492 iter,

1056 1498 1097 1529 (ἶ.
1115 1502 1146 1538 3,
1163 1501 1215 1537 79,
1231 1500 1358 1530 directa
1372 1499 1500 1539 platea,
1521 1498 1561 1529 A.
1577 1500 1610 1528 2.
1654 1499 1721 1529 Di-

1054 1548 1182 1575 rectum
1195 1548 1258 1580 est,
1271 1542 1461 1583 quodlinea
1476 1546 1569 1572 recta
1583 1550 1722 1582 procur-

1054 1585 1126 1617 rits.
1151 1586 1353 1624 extenditur,
1367 1585 1507 1633 9erade,
1521 1589 1592 1615 tout
1606 1584 1721 1621 droit;

1057 1630 1115 1660 sed
1145 1630 1196 1660 dm
1198 1635 1314 1661 ectum
1343 1618 1473 1666 dicunt,
1508 1628 1599 1669 quod
1629 1627 1720 1659 linea

1057 1672 1333 1713 perpendiculari
1344 1671 1532 1709 descendit,
1539 1672 1638 1703 senkr
1639 1672 1722 1703 echt-

1056 1716 1146 1747 Hinc
1163 1717 1326 1748 directum
1339 1726 1456 1753 cornu,
1473 1717 1505 1753 6,
1519 1716 1574 1746 26.
1584 1719 1722 1746 cunata

1056 1759 1252 1800 opponitur,
1268 1765 1305 1790 ut
1321 1758 1396 1790 Cic.
1414 1759 1455 1790 N.
1474 1759 1515 1789 D.
1532 1761 1564 1795 2,
1582 1759 1635 1789 57.
1659 1759 1724 1789 iter

1055 1803 1219 1834 directum
1234 1808 1268 1833 et
1274 1803 1485 1843 Jleauosum,
1493 1806 1528 1831 et
1547 1800 1572 1830 V
1577 1805 1665 1842 eget.
1681 1801 1722 1831 de

1056 1856 1083 1877 r.
1098 1857 1144 1877 m.
1162 1848 1192 1884 3,
1209 1848 1240 1876 6.
1264 1847 1345 1877 tuba
1359 1846 1489 1877 directa.
1503 1848 1561 1882 est,
1578 1844 1719 1876 buccina

1055 1892 1093 1920 in
1102 1889 1369 1929 senwtstectitur.
1379 1888 1467 1919 Ovid
1474 1911 1481 1918 .
1490 1887 1631 1918 Metam.
1646 1889 1673 1925 1,
1680 1889 1724 1918 98

1014 1935 1175 1973 Dirislere
1201 1942 1313 1973 opera,
1335 1931 1369 1962 in
1396 1929 1590 1968 obsidione,
1616 1930 1723 1962 fossas

1059 1987 1088 2006 v.
1101 1987 1133 2007 c.
1147 1981 1179 2006 et
1193 1985 1351 2017 aggerem
1362 1975 1546 2025 producere
1557 1973 1599 2004 ad
1608 1973 1722 2005 locum

1056 2019 1218 2060 aliquem,
1234 2021 1265 2057 7,
1282 2021 1334 2050 28.
1351 2020 1499 2059 diviyerc
1513 2019 1618 2048 aciem
1631 2019 1724 2048 ntira

1058 2063 1283 2103 Ιυηῃίίιιιῐίηε,
1299 2062 1353 2093 Af.
1376 2064 1424 2093 13.
1439 2061 1573 2102 quode.
1596 2061 1645 2091 17.
1659 2065 1722 2099 est,

1055 2109 1229 2147 ywrwiqere
1257 2107 1365 2137 aciem
1392 2107 1431 2136 in
1460 2103 1721 2145 longitudinem.

1056 2150 1155 2181 Conl.
1171 2161 1200 2181 c.
1217 2152 1271 2187 51,
1289 2151 1330 2180 78

1014 2194 1205 2231 Discedere,
1218 2203 1290 2234 spes
1304 2192 1442 2223 discedit
1455 2192 1572 2230 alicui,
1585 2200 1726 2222 evanes-

1059 2237 1104 2268 cit
1120 2247 1163 2268 ex
1179 2236 1305 2273 animo,
1320 2240 1352 2269 2,
1366 2238 1384 2265 7

1014 2282 1237 2321 Dis-(reptatur,
1259 2279 1319 2320 qui
1335 2279 1428 2310 litem
1442 2277 1584 2317 dirimit,
1603 2279 1719 2321 judex,

1062 2325 1154 2363 zm

1019 2369 1213 2408 Disciplina.
1241 2367 1429 2405 Druidum,
1461 2367 1492 2399 6.
1526 2368 1575 2398 13.
1603 2366 1725 2398 habere

1061 2411 1306 2442 inc-«mznwdum
1319 2421 1382 2452 pro
1393 2411 1574 2451 disciplina
1584 2415 1615 2441 et
1629 2419 1720 2451 prae-

1062 2457 1174 2496 ceptis.
1197 2464 1240 2485 ex
1267 2465 1309 2484 eo
1334 2453 1464 2486 discere
1487 2453 1620 2485 cautius
1636 2462 1718 2484 mer-

1065 2498 1148 2536 cari,
1163 2498 1204 2529 C.
1222 2500 1253 2534 3,
1275 2500 1310 2530 10

1019 2542 1217 2574 Disclwlere
1237 2542 1360 2579 trabes,
1381 2541 1554 2578 distinere,
1580 2550 1623 2572 ne
1646 2550 1726 2572 con-

1062 2590 1212 2627 vergant‚
1243 2588 1273 2621 4,
1311 2587 1358 2615 17.
1389 2595 1485 2616 mons
1507 2586 1567 2616 hos
1589 2585 1633 2616 ab
1656 2585 1724 2615 iuis

1061 2630 1229 2665 discludit,
1243 2627 1413 2669 disjungit,
1429 2627 1649 2659 intermedius
1662 2631 1725 2664 est,

1016 2717 1192 2748 Discum-e
1205 2719 1317 2747 uicem
1331 2716 1453 2753 allam,
1467 2715 1500 2753 7,
1516 2717 1536 2746 8

1018 2762 1180 2799 Dinjicme
1201 2759 1340 2791 omnino
1369 2764 1421 2789 est
1447 2758 1626 2799 conjuncta
1655 2756 1724 2788 dis-

1055 2804 1136 2844 iun«
1125 2814 1207 2840 ere,
1224 2809 1259 2834 ut
1275 2803 1325 2834 sol
1342 2802 1450 2834 nubes
1464 2800 1603 2843 disjicit.
1632 2799 1721 2830 {linc

1061 2848 1212 2888 ‹li-ejicere
1235 2849 1353 2884 aciem,
1382 2844 1556 2883 1‚24.cs
1575 2843 1723 2886 perfrin-
