1992 3271
671 225 789 275 LIB.
823 224 860 269 I.
923 224 1061 269 CAP.
1092 226 1281 271 44-46.
1657 232 1716 275 35

230 351 259 371 “
283 348 443 402 tulisse,
466 369 605 411 neque
626 354 738 413 ipsos
759 355 802 398 in
823 354 885 396 his
905 353 1269 404 contentionibus,
1291 370 1398 413 quas
1420 355 1552 399 AEdui
1569 372 1714 400 secum

228 411 257 430 ‘⁶
282 416 326 449 et
358 427 457 454 cum
491 414 702 470 Sequanis
730 414 992 461 habuissent,
1029 413 1191 454 auxilio
1228 413 1387 471 Populi
1413 415 1596 459 Romani
1617 433 1714 460 usos

228 470 256 490 ‘⁶
277 482 377 511 esse.
441 472 615 514 Debere
630 489 673 514 se
689 472 909 530 suspicari,
926 470 1126 513 simulata
1145 471 1357 514 Caesarem
1375 475 1575 524 amicitia,
1593 476 1716 533 quod

226 530 255 558 ,⁶⁶
278 530 514 572 exercitum
543 531 586 573 in
611 531 755 573 Gallia
782 531 954 579 habeat,
987 529 1052 571 sui
1075 530 1345 586 opprimendi
1373 548 1519 576 caussa
1536 533 1711 577 habere.

226 588 255 607 ‘⁶
282 585 367 634 Qui
389 588 467 629 nisi
487 588 663 632 decedat
682 599 815 646 atque
835 589 1072 632 exercitum
1088 587 1273 630 deducat
1291 605 1344 631 ex
1364 589 1428 631 his
1447 593 1711 649 regionibUS,

225 647 257 665 ‘⁶
277 659 363 685 sese
384 645 507 688 illum
528 663 615 690 non
650 664 731 705 pro
752 649 903 698 amico,
934 647 1006 690 sed
1026 663 1107 704 pro
1129 645 1250 689 hoste
1272 646 1550 692 habiturum:
1593 653 1713 709 quod

223 706 252 725 “
275 702 309 743 si
346 719 446 746 eum
480 705 759 756 interfecerit,
798 707 946 750 multis
978 721 1064 747 sese
1103 705 1323 748 nobilibus
1356 708 1712 768 principibusque

221 765 251 797 .“
277 760 435 819 Populi
456 762 640 807 Romani
674 775 848 822 gratum
877 782 964 808 esse
992 765 1239 812 facturum;
1279 765 1323 807 id
1342 782 1385 807 se
1413 766 1469 808 ab
1502 768 1600 824 ipsis
1632 786 1710 827 per

221 823 250 842 “
272 835 424 863 eorum
441 823 617 866 nuncios
633 834 904 882 compertum
921 823 1094 872 habere,
1109 840 1299 881 quorum
1317 826 1507 867 omnium
1525 828 1711 883 gratiam

221 883 250 902 ‘⁶
272 887 406 936 atque
430 882 659 924 amicitiam
689 883 780 941 ejus
811 893 950 927 morte
985 882 1193 926 redimere
1214 893 1369 940 posset.
1434 884 1565 933 Quod
1584 885 1618 927 si
1639 885 1710 928 de-

219 943 249 961 “
272 939 457 981 cessisset
492 957 542 983 ac
582 941 762 984 liberam
800 941 1102 1000 possessionem
1143 941 1298 984 Galliae
1334 942 1415 984 sibi
1452 943 1709 995 tradidisset,

220 1001 249 1020 ‘⁶
271 1012 428 1055 magno
465 1015 507 1041 se
540 1000 664 1041 illum
701 1002 876 1058 praemio
913 1010 1293 1044 remuneraturum
1324 1011 1383 1051 et,
1422 1017 1708 1060 quaecumque

219 1061 248 1079 ‘⁶
274 1056 388 1099 bella
409 1059 501 1115 geri
523 1059 670 1108 vellet,
702 1060 789 1102 sine
824 1061 915 1104 ullo
947 1060 1039 1118 ejus
1069 1060 1219 1103 labore
1249 1069 1294 1102 et
1324 1061 1519 1118 periculo
1541 1063 1708 1106 confec-

219 1120 248 1139 “
271 1118 466 1158 turum.’'

274 1175 344 1217 45.
382 1175 531 1218 Multa
552 1176 608 1218 ab
633 1176 801 1219 Caesare
832 1174 875 1217 in
896 1190 988 1217 eam
1011 1177 1264 1220 sententiam
1286 1177 1402 1221 dicta
1429 1187 1546 1228 sunt,
1570 1195 1706 1237 quare

216 1235 390 1290 negotio
410 1234 610 1277 desistere
631 1251 716 1278 non
736 1243 893 1293 posset,
927 1243 971 1276 et
1006 1242 1034 1260 ‘⁶
1056 1252 1195 1294 neque
1223 1253 1358 1287 suam,
1381 1253 1520 1295 neque
1544 1237 1706 1297 Populi

218 1297 246 1315 “
273 1292 456 1335 Romani
477 1294 826 1336 consuetudinem
848 1292 955 1350 pati,
985 1293 1049 1335 uti
1083 1296 1245 1351 optime
1275 1296 1450 1340 meritos
1481 1297 1616 1340 socios
1635 1298 1689 1340 de

217 1356 246 1374 “
270 1361 451 1395 sereret:
486 1368 625 1409 neque
657 1369 699 1394 se
727 1353 936 1409 judicare,
969 1352 1154 1393 Galliam
1193 1354 1338 1410 potius
1368 1372 1454 1397 esse
1478 1356 1705 1407 Ariovisti,

216 1415 245 1433 ‘⁶
267 1426 398 1466 quam
438 1411 597 1468 Populi
634 1411 831 1453 Romani.
896 1409 1020 1452 Bello
1056 1421 1280 1467 superatos
1311 1430 1397 1455 esse
1419 1415 1640 1458 Arvernos
1659 1424 1706 1458 et

217 1474 245 1492 ‘⁴
269 1469 465 1512 Rutenos
496 1470 553 1511 ab
590 1470 644 1519 Q.
670 1469 806 1512 Fabio
831 1469 1041 1518 Maximo,
1076 1469 1235 1525 quibus
1264 1471 1459 1529 Populus
1483 1472 1704 1516 Romanus

216 1534 244 1552 ‘⁶
269 1528 513 1584 ignovisset,
529 1543 667 1585 neque
685 1529 726 1570 in
745 1527 1008 1585 provinciam
1027 1528 1271 1585 redegisset,
1286 1545 1426 1587 neque
1443 1531 1703 1588 stipendium

215 1593 242 1610 “
266 1587 549 1643 imposuisset.
615 1587 745 1635 Quod
765 1587 797 1628 si
815 1585 1154 1642 antiquissimum
1174 1588 1379 1645 quodque
1397 1599 1569 1646 tempus
1585 1606 1703 1648 spec-

214 1651 243 1670 “
267 1646 351 1687 tari
384 1654 624 1703 oporteret,
662 1645 817 1702 Populi
848 1643 1030 1685 Romani
1057 1643 1338 1700 justissimum
1372 1663 1459 1689 esse
1490 1648 1533 1689 in
1559 1649 1705 1692 Gallia

214 1711 243 1729 ‘⁶
267 1704 517 1762 imperium:
550 1705 583 1746 si
601 1703 816 1761 judicium
833 1704 1018 1745 Senatus
1030 1703 1251 1746 observari
1265 1714 1506 1763 oporteret,
1521 1706 1702 1750 liberam

215 1770 243 1788 ‘⁶
266 1763 423 1805 debere
460 1779 546 1804 esse
580 1763 784 1813 Galliam,
815 1778 945 1821 quain
978 1761 1095 1804 bello
1127 1763 1284 1806 victam
1316 1767 1400 1808 suis
1434 1765 1602 1823 legibus
1636 1767 1702 1810 uti

213 1829 242 1847 ‘⁶
266 1822 513 1865 voluisset.''

271 1881 341 1923 46.
378 1881 498 1923 Dum
514 1880 602 1922 haec
620 1879 662 1922 in
679 1879 912 1936 conloquio
931 1888 1161 1937 geruntur,
1178 1879 1334 1923 Caesari
1353 1882 1606 1925 nunciatum
1621 1893 1702 1934 est,

210 1941 377 1997 equites
411 1939 618 1982 Ariovisti
656 1939 837 1997 propius
873 1939 1092 1981 tumulum
1128 1939 1327 1981 accedere
1366 1949 1410 1983 et
1446 1942 1499 1983 ad
1535 1952 1704 1986 nostros

211 1999 478 2056 adequitare,
516 1998 677 2056 lapides
712 1998 885 2055 telaque
920 1998 961 2040 in
991 2006 1159 2040 nostros
1187 1999 1410 2056 conjicere.
1475 2001 1616 2043 Caesar
1639 2001 1701 2045 lo-

212 2058 370 2114 quendi
392 2057 518 2100 finem
540 2057 640 2099 fecit
661 2073 790 2114 seque
816 2057 869 2099 ad
889 2073 986 2099 suos
1008 2057 1169 2114 recepit
1189 2057 1360 2114 suisque
1380 2058 1624 2117 imperavit,
1648 2076 1701 2103 ne

213 2117 332 2173 quod
353 2117 526 2159 omnino
547 2116 681 2158 telum
719 2117 760 2158 in
782 2115 922 2158 hostes
942 2116 1179 2173 rejicerent.
1245 2116 1359 2158 Nam
1393 2118 1472 2160 etsi
1499 2118 1586 2161 sine
1607 2119 1700 2162 ullo

212 2175 407 2232 periculo
447 2175 624 2233 legionis
654 2175 830 2217 delectae
859 2191 957 2216 cum
983 2175 1183 2232 equitatu
1220 2175 1424 2232 proelium
1455 2177 1548 2219 fore
1584 2178 1701 2220 vide-

213 2234 310 2277 bat:
343 2245 485 2277 tamen
506 2233 861 2276 committendum
893 2249 977 2276 non
1000 2233 1202 2291 putabat,
1238 2243 1302 2283 ut,
1335 2235 1469 2293 pulsis
1487 2235 1699 2287 hostibus,

211 2293 294 2336 dici
316 2302 472 2351 posset,
503 2310 573 2335 eos
603 2292 660 2334 ab
697 2309 739 2335 se
769 2309 846 2351 per
876 2292 1002 2335 fidem
1031 2293 1072 2334 in
1106 2292 1338 2350 conloquio
1365 2294 1695 2339 circumventos.

253 2431 377 2462 Debere
391 2442 423 2462 se
433 2433 605 2473 suspicari.
640 2431 745 2462 Plane
760 2430 809 2462 sic
825 2430 916 2462 Grae-
1030 2430 1213 2461 obs-errari.
1232 2431 1279 2462 al.
1294 2430 1430 2463 servm-i.

203 2485 276 2505 cus.
321 2475 467 2506 Faernus
483 2475 516 2505 ere)
530 2474 642 2507 debere
656 2475 803 2506 delebat.
1029 2475 1080 2505 Ad
1095 2479 1227 2522 nostros.
1261 2476 1546 2517 Praepositionem
1557 2489 1575 2510 a
1587 2478 1695 2510 Scali-

204 2534 206 2536 ’
252 2529 315 2562 Qui
341 2529 416 2559 nisi.
472 2529 521 2559 lta
549 2529 648 2560 codd.
679 2534 711 2559 et
742 2528 818 2558 edd.
847 2532 918 2559 vet.
979 2528 1243 2594 {eg‘sst‘ffiffsffi
1254 2530 1272 2550 e
1286 2521 1385 2551 codd·
1396 2521 1543 2554 restituit
1557 2522 1692 2555 Clarke·

200 2580 304 2620 vulgo
324 2579 505 2639 Q¹{0‘l⁷²¹⁸‘·
539 2632 560 2638 ..
618 2635 623 2640 Ι
709 2635 714 2640 ,
823 2644 830 2650 .
1027 2606 1238 2647 Finemfecit.
1253 2607 1298 2638 al.
1305 2607 1401 2648 facit.
1425 2590 1465 2641 ut*
1475 2608 1565 2641 solet
1578 2616 1693 2642 noster

248 2634 448 2665 Decesszsset.
494 2633 563 2665 Alu
588 2633 784 2665 descesscsset.
812 2643 912 2664 veces-
976 2656 1111 2691 tempus
1127 2657 1266 2682 mutare·

196 2678 295 2709 sisset·
708 2726 712 2729 ,
1025 2695 1092 2726 Per
1106 2695 1221 2733 fidem,
1245 2700 1383 2735 propter
1399 2695 1500 2727 fidem
1522 2697 1635 2729 datam
1657 2704 1692 2730 et

246 2731 392 2763 Meritos.
408 2730 454 2761 al.
469 2736 637 2763 merentes.
976 2744 1173 2779 acceptam,
1196 2745 1232 2769 ut
1246 2739 1278 2769 in
1294 2738 1355 2769 ina
1367 2739 1514 2772 formula
1525 2741 1668 2773 solemni
1682 2754 1690 2774 ε

249 2785 422 2815 Arvernos.
469 2783 523 2814 Sic
540 2783 617 2815 fasti
639 2783 862 2824 triumphales
879 2788 913 2815 et
976 2792 1019 2813 ‘ne
1031 2786 1166 2822 propter
1177 2787 1206 2813 {1³
1215 2783 1354 2821 fidemve
1366 2787 1460 2814 mam
1471 2785 1690 2826 captusfwu-
1730 2793 1733 2795 ’

197 2826 268 2858 alia
284 2838 462 2866 marmora,
486 2838 554 2858 non
574 2829 728 2866 Avernas,
755 2834 792 2859 ut
810 2828 910 2859 codd.
976 2827 1137 2866 datusque
1159 2827 1237 2856 sim.-
1265 2826 1357 2866 apud
1378 2825 1454 2858 Cic.
1477 2829 1519 2859 de
1541 2829 1632 2861 offic.
1658 2832 1691 2869 3,

198 2871 354 2912 plurimi.
982 2871 1033 2900 17.
1058 2870 1108 2900 M.
1154 2869 1297 2901 Hotom.
1311 2869 1385 2901 vult
1407 2881 1466 2912 per
1480 2873 1584 2912 fidem
1597 2874 1676 2905 collo

247 2917 274 2946 Α
300 2915 385 2947 Fab,
406 2916 502 2947 Max,
525 2915 597 2947 vid,
622 2915 753 2954 Strabo,
776 2915 801 2946 l,
817 2916 850 2954 4,
874 2925 910 2956 p.
976 2915 1058 2955 quii.
1082 2923 1150 2944 non
1166 2923 1266 2954 opus.
1313 2913 1455 2946 Gemina
1470 2915 1611 2954 habent„⁴
1643 2917 1677 2950 iv

204 2959 278 2997 191,
301 2964 335 2990 et
356 2959 502 3000 epitom.
518 2959 595 2991 Liv.
615 2960 639 2991 l.
657 2962 711 2999 61,
733 2958 794 2992 ubi
811 2959 910 3002 hujus
982 2960 1011 2995 l,-
1026 2959 1058 2987 9-
1074 2957 1198 2998 persas
1212 2958 1506 3006 defidemtdecepti.
1551 2960 1606 2993 Sal
1623 2971 1677 2994 ust

197 3002 353 3035 victoriae
367 3002 496 3036 mentio
512 3004 561 3036 fit.
586 3005 637 3036 M.
972 3000 1094 3042 sffigm·
1116 3000 1158 3033 L·
1178 3002 1206 3033 Ῑ·
1229 3001 1289 3034 0¹⁸·
1305 3001 1397 3034 ΡῙΠῙ·
1414 3005 1455 3034 '¹5
