1946 3261
714 241 1133 289 LATINITATIS.

183 372 363 404 AErarium
376 374 536 409 sanetius,
549 372 587 404 C.
607 375 635 413 1,
654 374 702 406 14.
726 373 882 415 pecunia,

226 416 258 448 in
290 427 332 447 eo
361 417 518 458 reposita,
543 418 586 448 ad
617 417 755 450 ultimos
784 428 881 449 casus

227 461 435 493 servabatur.
479 460 554 492 Liv.
571 463 625 500 27,
647 464 681 493 10

184 505 329 537 AEraria
345 509 488 543 sectura,
505 507 536 537 3.
553 508 592 536 21

185 549 260 587 AEs,
273 549 346 590 ejus
361 560 441 580 usus
456 549 490 579 in
504 548 712 581 fabricandis
725 548 881 586 navibus,

226 595 260 630 4,
284 595 338 623 31.
366 597 475 625 oerata
502 595 610 631 navis,
638 604 714 634 quae
742 597 884 625 rostrum

224 641 362 667 aeratum
400 635 513 673 habet,
553 642 610 666 aut
644 638 740 668 aereis
773 635 884 668 clavis

223 684 414 720 compacta,
439 678 648 719 omninoque
662 690 727 711 aere
742 679 883 716 munita,

223 723 369 754 sortasse
385 722 489 754 etiam
511 722 646 754 laminis
675 723 770 756 aereis
796 727 885 755 tecta

224 771 288 805 est,
316 772 354 797 ut
382 766 486 798 hodie
509 776 748 808 nonnunquam
775 777 881 808 cupro

224 815 382 851 teguntur
414 815 448 841 et
479 810 686 849 muniuntur,
720 811 759 842 C.
789 814 823 849 2,
853 813 884 842 3.

227 853 347 896 Veget.
362 855 404 885 de
416 864 452 886 re
466 853 565 886 milit.
584 857 614 893 5,
632 858 663 893 4,
675 857 793 887 utilius
808 865 886 886 con-

216 899 402 939 finqimtur
423 898 578 939 (navigia
590 898 758 938 Liburna)
782 900 887 931 clavis

224 944 332 981 oereis,
346 952 451 983 quam
459 943 582 983 ferreis

185 984 328 1025 AEslim,
342 986 483 1026 (castra)
497 992 714 1028 opponuntur
729 986 887 1025 hiber-225⁸,

228 1031 261 1067 8,
277 1031 310 1059 6.
326 1031 368 1061 46

183 1072 412 1111 AEstuarium,
428 1077 460 1113 2,
477 1076 530 1105 28.
548 1076 578 1112 3,
593 1076 612 1105 9

185 1116 314 1155 AEslus,
329 1116 441 1148 fluxus
454 1123 487 1148 et
502 1118 648 1149 refluxus
661 1118 774 1157 maris,
790 1121 821 1157 4,
834 1120 887 1150 29.

228 1164 260 1199 5,
278 1163 306 1192 1.
331 1160 442 1193 fluxus
458 1161 569 1200 maris,
595 1163 629 1201 4,
646 1164 698 1193 23.
722 1168 821 1195 oestus
834 1164 888 1193 in-

225 1205 321 1235 sulas
347 1204 474 1244 efficere
510 1207 601 1244 solet,
640 1207 670 1244 6,
701 1208 753 1240 31.
790 1211 889 1238 oestws

227 1247 356 1286 (fluxus
370 1248 486 1288 maris)
509 1260 550 1280 ex
564 1251 631 1282 alto
651 1250 767 1290 (mari)
788 1260 821 1281 se
836 1252 890 1280 in-

227 1293 318 1331 citat,
348 1292 444 1324 irruit
473 1303 552 1324 cum
579 1293 627 1331 vi,
661 1296 762 1332 3,12.
791 1298 890 1326 oeslus

226 1338 351 1368 minuit
365 1336 433 1376 (se)
448 1336 534 1368 ibid.
549 1337 595 1369 cf.
611 1338 759 1369 decessus

185 1378 330 1420 Africus,
358 1386 489 1420 ventus,
514 1381 601 1412 inter
621 1381 833 1413 occidentem
857 1386 891 1411 et

228 1423 407 1455 meridiem
423 1425 564 1466 spirans,
583 1429 613 1462 5,
631 1428 650 1456 8

186 1468 278 1507 Aqer
308 1469 511 1506 Helveticus,
538 1468 702 1511 quidquid
731 1475 891 1503 terrarum

231 1516 282 1542 est
298 1511 466 1543 Helvetiae
479 1512 632 1552 ditionis,
652 1517 678 1553 1,
693 1517 712 1544 2

158 1555 163 1561 ”
188 1556 297 1596 Aqere
311 1557 495 1593 cuniculos,
526 1559 556 1596 3,
572 1559 627 1588 21.
659 1561 690 1596 8,
706 1560 760 1590 41.
791 1568 891 1601 ayere

231 1609 402 1641 ayyerem,
418 1601 458 1631 A.
473 1601 525 1631 73.
551 1601 597 1632 Η.
611 1603 642 1632 7.
656 1604 781 1642 vineas,
797 1605 892 1641 2,12.

231 1643 279 1674 H.
296 1645 328 1675 7.
357 1654 457 1686 ayne
487 1647 609 1685 copias,
641 1647 774 1684 ducere,
805 1649 836 1684 8,
860 1647 890 1676 7.

232 1687 286 1718 Af.
309 1689 361 1719 26.
401 1686 494 1728 Virg.
524 1689 600 1720 AEn.
626 1693 657 1727 5,
687 1691 762 1720 833.
792 1700 893 1731 ayere

230 1731 366 1769 bellum,
392 1741 521 1772 gerere,
553 1735 585 1770 3,
607 1735 661 1764 28.
691 1743 790 1773 ayere
817 1735 894 1765 ..cub-

231 1775 326 1813 Zia-as,
357 1774 506 1816 adigere,
541 1778 572 1814 4,
600 1777 649 1808 17.
687 1777 731 1808 cf.
756 1778 891 1816 fistuca.

234 1818 300 1850 Illo
313 1823 449 1850 auctore
462 1824 492 1851 et
505 1823 633 1860 aymte,
648 1820 772 1852 dicitur
785 1822 825 1852 de
838 1831 892 1858 eo,

231 1861 293 1902 qui
320 1861 483 1903 interpres
504 1863 648 1894 duorum
669 1870 702 1895 et
726 1870 895 1906 sequester

232 1910 295 1945 est,
321 1906 359 1937 C.
384 1909 409 1945 1,
430 1908 484 1937 26.
512 1918 627 1948 ayere,
657 1907 822 1949 cogitare,
851 1909 891 1940 de

235 1949 344 1988 bello,
356 1950 394 1982 C.
416 1953 443 1989 1,
459 1952 502 1981 26

190 1995 316 2035 Α99εη·,
345 1999 434 2025 terra
462 2000 587 2043 egesta,
615 2006 690 2036 quae
720 2006 786 2027 una
815 2006 891 2027 cum

235 2036 323 2068 fossa
333 2043 442 2068 castra
454 2037 559 2079 cingit
570 2039 768 2071 munimenti
778 2049 892 2078 causa,

237 2083 269 2119 3,
285 2085 315 2112 5.
361 2081 425 2112 Sed
451 2087 485 2113 et
513 2082 599 2113 alius
625 2093 728 2124 agger
749 2090 812 2120 est,
834 2084 893 2125 qui

226 2127 371 2166 Jacltur,
389 2129 420 2158 2.
441 2127 489 2156 12.
510 2131 567 2157 aut
581 2129 778 2166 exslmitur,
793 2130 824 2166 2,
841 2130 894 2159 30.

235 2174 293 2200 aut
321 2170 515 2208 instruitur,
551 2172 582 2208 8,
606 2171 659 2201 4l.
696 2181 774 2203 cum
810 2177 894 2203 terra

236 2211 383 2254 egeritur
409 2219 443 2244 et
469 2215 712 2253 accumulatur,
738 2220 774 2246 ut
797 2215 830 2246 in
856 2227 895 2247 ea

235 2262 403 2298 ponantur
454 2263 778 2299 promoveanturque
824 2270 897 2291 ma-

238 2301 348 2334 chinae
365 2303 663 2343 oppugnandarum
687 2303 834 2342 urbium,
861 2310 898 2335 ut

241 2348 273 2383 2,
286 2348 338 2376 30.
353 2355 478 2387 α99ενη>
491 2350 652 2378 exstructo
668 2350 771 2379 tum-is
780 2351 899 2380 comti-

241 2391 358 2421 tuilur.
402 2389 455 2420 Cf.
472 2391 502 2427 3,
520 2393 571 2421 21.
588 2390 627 2421 C.
645 2394 676 2429 2,
695 2393 722 2421 1.
738 2402 897 2432 aqqerem

232 2432 339 2473 serre,
358 2439 476 2474 petere,
500 2439 716 2475 comportare,
737 2437 899 2476 conferre,

240 2476 310 2508 i.e.
341 2476 482 2518 lapides,
511 2478 619 2519 palos,
648 2478 793 2519 cespites
817 2490 899 2510 con-

241 2520 338 2559 ferre,
370 2521 454 2552 unde
489 2530 592 2562 agger
620 2521 670 2553 fit:
708 2532 786 2554 nam
814 2528 898 2554 terra

241 2570 355 2605 egesta
369 2564 472 2596 habet
486 2564 575 2606 ligna
591 2564 704 2605 infixa,
727 2572 764 2598 ut
781 2567 899 2599 dense-

241 2613 305 2647 tur,
331 2610 362 2647 3,
377 2612 430 2640 25.
460 2607 498 2639 C.
519 2611 545 2646 l,
560 2609 613 2640 42.
643 2611 683 2641 A.
701 2612 755 2641 73.
775 2622 899 2653 α99ε>η2

241 2654 370 2690 vestire,
397 2658 484 2683 terra
508 2653 720 2685 accumulata
745 2654 898 2693 obruere,

243 2696 276 2733 7,
292 2697 345 2726 23.
361 2706 484 2737 ayyere
497 2696 669 2738 (congesta
684 2698 786 2734 terra)
797 2700 900 2740 palu-

244 2739 521 2781 demea-plme,7,
535 2742 587 2778 58,
602 2742 655 2777 85,
670 2743 723 2772 86.
748 2741 786 2772 C.
804 2745 830 2780 1,
844 2744 898 2774 40.

243 2793 399 2825 ayqerem
432 2784 568 2822 (terram
604 2786 813 2826 congestam)
847 2789 900 2818 in-

241 2828 342 2858 iicere
356 2826 518 2866 trabibus,
541 2833 578 2859 ut
595 2838 678 2869 pons
692 2828 764 2868 fiat,
789 2830 830 2861 A.
844 2832 901 2861 29.

241 2869 292 2902 Cf.
312 2871 465 2912 adjicere.
508 2873 674 2916 qumem
697 2882 808 2916 agere,
830 2873 900 2908 vid.

239 2915 338 2948 adA.
356 2917 410 2948 73.
437 2915 483 2948 Η.
501 2917 519 2947 7

1558 238 1641 282 639

949 374 1084 414 Aquam-e
1109 381 1193 409 rem,
1216 370 1257 401 de
1272 379 1313 401 ea
1332 367 1492 411 cogitare,
1512 366 1643 399 delibe-

961 434 964 435 ν
988 426 1074 453 rare,
1088 414 1284 463 colloqui,''
1272 425 1298 451 ι,
1312 417 1332 444 2

947 458 1284 502 ¹19men,exercitus
1306 457 1367 488 iter
1382 456 1526 489 faciens:
1555 456 1644 487 unde

990 505 1027 534 in
1043 505 1178 543 aqmine
1203 502 1373 539 demicare,
1397 501 1431 532 in
1446 500 1579 538 itinere,
1604 501 1646 530 A.

991 548 1046 577 43.
1073 548 1210 584 α97ηῖηε
1226 545 1384 586 impediti,
1399 544 1472 586 qui,
1486 542 1647 585 quoniam

992 588 1130 630 agmine
1145 588 1315 627 incedunt,
1328 597 1394 619 non
1411 587 1561 629 expediti
1572 590 1648 618 sunt

991 634 1034 664 ad
1060 631 1230 674 proelium,
1260 634 1292 669 3,
1309 634 1360 664 24.
1393 634 1423 669 7,
1444 634 1497 663 66.
1523 640 1648 674 aqmen

993 677 1214 718 quadratum,
1228 674 1295 705 vid.
1311 678 1343 714 8,
1359 678 1390 706 8.
1407 677 1648 717 lonyissimum,

992 720 1177 762 opponitur
1191 719 1354 757 conferto,
1371 722 1401 756 5,
1418 721 1470 750 30.
1506 718 1558 750 Cf.
1572 728 1647 758 cap.

994 767 1047 796 33.
1061 764 1232 806 lonqiludo
1247 764 1404 806 ayminis.
1419 764 1649 798 novissimum,

991 810 1238 846 extremum,l,
1256 811 1294 839 15

952 852 1071 891 Αίανὶἰ,
1101 851 1230 893 pedites
1251 857 1285 883 et
1310 850 1440 892 equites
1469 848 1651 886 sociorum,

992 896 1049 937 qui
1078 895 1112 926 in
1137 896 1200 927 alis
1225 900 1385 937 pugnant,
1415 897 1443 933 1,
1463 896 1516 925 51.
1542 892 1602 925 ubi
1629 903 1649 923 a

993 939 1160 971 militibus
1176 939 1380 981 legionariis,
1396 939 1419 971 i.
1429 950 1459 970 e.
1476 936 1653 975 Romanis,

993 983 1243 1026 distinguuntur
1257 983 1354 1015 alarii
1368 995 1395 1015 s.
1412 982 1510 1014 socii.
1532 971 1654 1013 alarin}

995 1029 1150 1067 cohortes,
1182 1028 1220 1060 C.
1255 1030 1282 1067 l,
1310 1029 1364 1058 73.
1402 1026 1464 1057 ubi
1494 1025 1653 1057 cohortes

994 1071 1158 1113 (pedites)
1181 1071 1297 1104 alariae
1321 1081 1343 1102 a
1367 1069 1567 1102 cohortibus
1583 1069 1654 1099 Ro-

996 1116 1104 1147 manis
1129 1128 1157 1147 s.
1179 1114 1374 1158 legionariis
1395 1113 1652 1155 distinguuntur.

997 1159 1160 1192 Similiter
1182 1161 1222 1192 C.
1243 1163 1268 1199 l,
1294 1162 1347 1191 83.
1376 1163 1407 1197 2,
1435 1161 1484 1190 18.
1530 1156 1654 1188 Omnes

997 1204 1061 1235 viri
1078 1204 1170 1236 docti
1185 1205 1322 1236 laudant
1345 1210 1380 1234 et
1403 1201 1558 1244 probant,
1579 1210 1655 1242 quae

997 1248 1039 1278 de
1059 1248 1122 1280 alis
1150 1247 1183 1279 in
1198 1247 1345 1279 exercitu
1363 1248 1521 1278 Romano
1540 1244 1657 1286 dispu-

999 1291 1082 1323 tavit
1098 1291 1253 1323 Schelius
1277 1292 1319 1323 ad
1334 1290 1460 1332 Hygin.
1476 1291 1518 1320 de
1532 1294 1657 1320 castra-

998 1341 1112 1367 metat.
1130 1347 1163 1377 p.
1177 1338 1230 1367 66.
1247 1342 1278 1367 et
1295 1334 1434 1376 Lipsius
1446 1335 1487 1365 de
1503 1332 1606 1364 milit.
1623 1335 1656 1369 2,

1000 1381 1032 1411 7.
1078 1380 1163 1411 Add.
1183 1379 1442 1411 Drakenborch.
1458 1378 1499 1409 ad
1512 1377 1587 1409 Liv.
1606 1378 1657 1413 10,

999 1425 1053 1455 40.
1097 1423 1295 1455 Confectum
1311 1429 1372 1461 est,
1387 1422 1517 1464 equites
1532 1420 1658 1453 alarios

999 1477 1073 1498 esse
1111 1467 1244 1509 equites
1281 1467 1467 1506 sociorum,
1503 1466 1659 1497 cohortes

998 1510 1121 1543 alarias
1142 1523 1224 1543 vero
1249 1511 1379 1554 pedites
1400 1510 1584 1543 sociorum.
1613 1509 1657 1541 cf.

1002 1555 1103 1587 Gesn.
1118 1556 1225 1587 Thes.
1298 1592 1302 1595 ,

962 1599 1057 1631 Alere
1087 1600 1246 1641 aliquem,
1276 1598 1307 1631 ei
1337 1600 1496 1631 alimenta
1531 1608 1663 1636 curare,

1001 1653 1116 1685 agrum
1131 1644 1203 1685 ejus
1217 1654 1319 1675 causa
1333 1645 1458 1681 colere,
1472 1645 1505 1681 4,
1524 1645 1552 1674 1.
1568 1645 1661 1674 alere

1001 1690 1180 1726 cie-itatem,
1204 1687 1396 1720 humaniter
1420 1692 1604 1719 sustentare
1627 1692 1661 1718 et

1000 1731 1171 1772 adjuvare,
1186 1733 1218 1771 7,
1235 1735 1276 1763 33

960 1776 1116 1807 Alienum
1130 1786 1223 1808 mens
1238 1775 1395 1807 tribuitur
1407 1775 1452 1814 ei,
1466 1775 1524 1818 q'ui
1540 1774 1660 1807 mentis

1001 1829 1069 1850 non
1084 1826 1134 1851 est
1147 1830 1301 1861 compOS,
1327 1822 1357 1857 6,
1372 1822 1412 1851 41

960 1863 1094 1895 Alienus
1110 1865 1192 1904 (non
1209 1865 1549 1905 opp01·tunus)locu.s,
1576 1866 1604 1902 1,
1623 1865 1659 1894 15

961 1908 1054 1938 Alius
1067 1919 1081 1944 ,·
1102 1918 1203 1946 wrm,
1218 1910 1318 1946 alius,
1331 1910 1457 1945 tertius,
1485 1909 1512 1943 l,
1534 1910 1560 1938 1.
1606 1908 1660 1938 In-

1001 1952 1135 1982 terdum
1160 1951 1326 1983 omittitur
1339 1953 1427 1983 alius
1451 1951 1485 1982 in
1501 1951 1659 1982 alterutro

1001 2002 1181 2033 commate,
1206 1995 1266 2027 ubi
1291 1995 1346 2027 bis
1369 1996 1563 2037 ponendum
1577 2000 1660 2032 erat,

1006 2040 1034 2075 1,
1051 2041 1071 2069 8

961 2080 1109 2114 Altitudo
1123 2093 1230 2123 parra
1239 2082 1356 2124 fl,m÷ii
1386 2086 1412 2122 l,
1429 2086 1449 2114 8

960 2126 1077 2165 Alata,
1093 2127 1193 2167 pellis
1208 2127 1400 2166 bestiarum,
1422 2132 1494 2159 arte
1508 2131 1662 2168 tractata,

1005 2175 1042 2200 ut
1072 2170 1209 2202 mollior
1235 2175 1269 2202 et
1296 2171 1428 2203 tenuior
1452 2172 1580 2211 fiat,3,
1612 2175 1664 2215 13

1005 2213 1094 2245 Hinc
1111 2215 1196 2246 corii
1211 2215 1377 2247 tenuioris
1390 2225 1496 2258 genus
1511 2222 1562 2247 est

963 2259 1154 2297 Ambaclzc-,s
1169 2261 1257 2298 6,15

964 2301 1200 2334 Ambulatmvia
1225 2306 1340 2342 ίαν-τῖς,
1366 2305 1404 2335 Α.
1420 2307 1452 2335 2.
1497 2303 1665 2345 Impositae

1006 2346 1137 2378 fuerunt
1158 2347 1250 2385 rotis,
1271 2358 1412 2388 quarum
1437 2358 1502 2389 ope
1526 2359 1663 2389 promo—

1007 2389 1078 2421 veri
1108 2401 1150 2422 eo
1180 2393 1260 2423 loco
1294 2392 1325 2423 in
1355 2392 1468 2423 locum
1499 2398 1662 2436 poterant.

1007 2433 1195 2476 Descripsit
1224 2435 1388 2476 Vegetius
1415 2437 1458 2467 de
1483 2447 1517 2470 re
1541 2437 1614 2469 mil.
1631 2441 1664 2476 4,

1013 2480 1060 2510 17.
1090 2478 1229 2520 Lipsius
1245 2479 1393 2511 Poliorc.
1412 2482 1441 2519 1,
1456 2484 1486 2513 4.
1510 2486 1541 2521 2,
1555 2484 1575 2513 4

963 2522 1146 2555 Amemum
1176 2525 1335 2563 trassuloe,
1371 2524 1492 2563 lorum,
1527 2525 1664 2566 tragulae

1005 2567 1167 2605 adfixum,
1196 2568 1291 2608 cujus
1317 2578 1383 2609 ope
1410 2570 1539 2610 tragula
1563 2569 1664 2600 vehe-

1006 2610 1151 2642 mentius
1164 2611 1296 2643 vibrata
1309 2610 1443 2653 longius
1463 2613 1616 2651 mittitur,
1631 2619 1665 2645 et

1006 2654 1106 2685 altius
1122 2655 1270 2696 infigitur
1283 2655 1430 2696 corpori,
1447 2661 1477 2694 5,
1492 2657 1534 2687 48

964 2699 1122 2730 Amitlere
1163 2701 1364 2740 szqamorem
1405 2700 1525 2739 locum,
1564 2701 1664 2743 dejici

1008 2748 1135 2779 monte,
1164 2753 1242 2773 eum
1273 2752 1338 2773 non
1369 2743 1522 2776 obtinere
1550 2755 1663 2787 posse,

1009 2789 1041 2823 8,
1062 2788 1098 2816 13

965 2829 1158 2871 Amplitudo
1171 2839 1348 2868 cornuum,
1365 2832 1395 2869 6,
1411 2833 1453 2862 28

966 2874 1122 2914 Amplius*
1135 2873 1246 2914 (plus)
1261 2873 1423 2914 obsidum,
1447 2877 1478 2915 6,
1492 2875 1511 2906 9

966 2917 1107 2960 Amplus
1129 2927 1249 2961 yemere
1268 2922 1299 2951 et
1320 2921 1433 2962 copiis,
1462 2921 1494 2959 6,
1510 2922 1561 2953 15.
1591 2929 1666 2955 am-
