1946 3261
624 199 740 245 LIB.
773 198 859 245 ῙῐῙ.
924 201 1064 246 CAP.
1096 202 1286 253 25—29.
1643 203 1698 246 77

212 321 388 366 dedidit
408 322 664 382 obsidesque
688 324 808 367 ultro
834 322 973 366 misit:
1008 339 1095 380 quo
1120 324 1163 366 in
1185 340 1364 369 numero
1393 325 1570 370 fuerunt
1592 326 1699 370 Tar-

212 382 335 433 belli,
376 383 669 442 Bigerriones,
709 382 922 432 Preciani‚
963 381 1164 431 Vocates,
1199 384 1449 436 Tarusates,
1486 385 1700 437 Elusates,

213 442 404 492 Garites,
422 443 569 492 Ausci,
583 443 812 492 Gammni,
830 442 1073 490 Sibuzates,
1099 442 1344 487 Cocosates.
1372 445 1522 488 Paucae
1538 445 1702 489 ultimae

210 500 421 551 nationes,
438 501 538 544 anni
555 510 752 560 tempore
768 499 950 551 confisae,
966 499 1085 558 quod
1107 500 1242 544 hiems
1253 504 1443 554 suberat,
1460 504 1539 548 hoc
1560 505 1701 549 facere

210 559 511 617 neglexerunt.

267 619 340 660 28.
374 618 542 662 Eodem
580 619 673 662 fere
708 628 906 676 ternpore
943 620 1102 668 Caesar,
1140 619 1220 660 etsi
1256 636 1392 678 prope
1425 631 1575 665 exacta
1608 625 1698 682 jam

208 685 331 719 aestas
351 687 463 727 erat,
488 687 650 727 tamen,
671 677 789 735 quod
810 678 925 721 omni
950 677 1097 722 Gallia
1116 687 1271 736 pacata
1294 679 1461 722 Morini
1487 681 1699 742 Menapii-

207 750 294 792 que
312 746 585 794 supererant,
617 737 691 794 qui
721 737 765 779 in
794 738 924 780 armis
951 746 1089 780 essent
1118 753 1257 795 neque
1287 739 1342 781 ad
1374 755 1473 782 eum
1496 757 1700 797 umquam

206 793 374 852 legatos
392 795 448 838 de
470 812 574 855 pace
603 796 827 846 misissent,
857 797 1112 846 arbitratus,
1135 795 1179 838 id
1205 797 1365 841 bellum
1385 798 1583 841 celeriter
1604 816 1701 843 con-

207 852 278 896 fici
302 871 440 914 posse,
470 871 520 897 eo
546 856 785 898 exercitum
812 855 1019 898 adduxit:
1054 855 1128 913 qui
1160 855 1286 914 longe
1316 857 1401 900 alia
1439 858 1621 908 ratione,
1651 877 1700 902 ac

207 913 363 971 reliqui
387 914 523 963 Galli,
547 915 708 958 bellum
727 931 857 973 agere
879 915 1175 958 instituerunt.
1240 917 1357 959 Nam
1380 917 1498 974 quod
1531 917 1700 961 intelle-

207 972 386 1031 gebant,
418 974 622 1016 maximas
645 974 854 1023 nationes,
882 990 978 1031 quae
1006 974 1162 1033 proelio
1185 976 1522 1026 contendissent,
1554 977 1701 1035 pulsus

206 1042 515 1091 superatasque
536 1050 639 1082 esse,
662 1034 1018 1091 continentesque
1041 1034 1168 1076 silvas
1193 1051 1240 1076 ac
1260 1035 1441 1093 paludes
1463 1036 1700 1088 habebant,

203 1106 255 1134 eo
276 1108 318 1133 se
340 1109 501 1150 suaque
523 1093 666 1135 omnia
683 1092 973 1135 contulerunt.
1009 1092 1081 1135 Ad
1103 1109 1288 1150 quarum
1306 1095 1473 1137 initium
1493 1095 1701 1139 silvarum

206 1166 338 1208 quum
363 1152 507 1194 Caesar
529 1152 794 1210 pervenisset
816 1160 1042 1210 castraque
1071 1152 1239 1194 munire
1270 1153 1537 1203 instituisset,
1561 1171 1701 1214 neque

204 1209 338 1252 hostis
360 1210 534 1254 interim
556 1212 670 1253 visus
686 1220 814 1261 esset,
835 1210 900 1253 dis
919 1212 1037 1253 )ersis
1068 1211 1111 1254 in
1129 1227 1260 1270 opere
1282 1214 1453 1263 nostris,
1482 1214 1628 1257 subito
1649 1231 1701 1258 ex

205 1269 403 1312 omnibus
438 1271 637 1328 partibus
669 1270 787 1313 silvae
824 1228 1110 1314 evolaverunt
1146 1280 1191 1313 et
1227 1272 1268 1314 in
1302 1282 1468 1316 nostros
1506 1273 1700 1332 inpetum

205 1328 418 1370 fecerunt.
484 1328 636 1371 Nostri
669 1329 872 1372 celeriter
907 1345 1027 1374 arma
1053 1340 1265 1396 ceperunt
1293 1348 1450 1389 eosque
1483 1333 1525 1375 in
1557 1333 1701 1383 silvas,

206 1387 463 1445 repulerunt
494 1396 555 1438 et,
578 1387 874 1446 compluribus
899 1388 1156 1436 interfectis,
1179 1389 1348 1448 longius
1370 1391 1702 1450 inpeditioribus

202 1445 307 1489 loeis
326 1447 478 1496 secuti,
495 1463 653 1505 paucos
674 1464 727 1489 ex
747 1447 832 1489 suis
846 1446 1208 1505 deperdiderunt.

264 1505 336 1548 29.
372 1505 570 1563 Reliquis
589 1505 793 1564 deinceps
812 1505 965 1548 diebus
989 1506 1133 1549 Cresar
1162 1507 1290 1550 silvas
1317 1508 1481 1552 caedere
1511 1511 1700 1554 instituit

202 1573 263 1614 et,
303 1580 354 1607 ne
387 1565 483 1621 quis
514 1565 748 1607 inermibus
780 1564 1200 1622 imprudentibusque
1229 1566 1440 1609 militibus
1472 1570 1529 1612 ab
1566 1570 1702 1613 latere

203 1624 377 1683 inpetus
413 1622 503 1665 fieri
538 1632 696 1682 posset,
717 1639 887 1667 omnem
924 1639 1017 1665 earn
1048 1624 1291 1672 materiam,
1330 1642 1426 1682 quae
1458 1638 1551 1670 erat
1580 1646 1700 1679 caesa,

204 1698 453 1726 conversam
475 1682 530 1725 ad
554 1682 720 1725 hostem
746 1683 1004 1726 conlocabat
1038 1692 1082 1725 et
1112 1700 1192 1742 pro
1226 1684 1341 1727 vallo
1373 1684 1428 1727 ad
1465 1696 1700 1746 utrumque

202 1742 316 1785 latus
345 1743 614 1785 exstruebat.
657 1741 907 1786 Incredibili
938 1741 1161 1785 celeritate
1196 1759 1352 1801 magno
1383 1746 1524 1812 spatio
1558 1749 1703 1805 paucis

203 1801 356 1844 diebus
377 1802 592 1851 confecto,
613 1818 747 1859 quum
772 1802 859 1860 jam
889 1818 1017 1860 pecus
1037 1810 1169 1859 atque
1191 1812 1386 1846 extrema
1408 1805 1702 1863 lnpedimenta

202 1861 259 1904 ab
281 1861 438 1904 nostris
461 1870 730 1910 tenerentur,
754 1862 832 1919 ipsi
853 1860 1073 1904 densiores
1094 1861 1224 1904 silvas
1249 1871 1464 1920 peterent,
1489 1865 1699 1923 ejusmodi

203 1929 480 1979 tempestates
502 1929 603 1963 sunt
623 1931 878 1970 consecutae,
906 1921 970 1962 uti
995 1937 1103 1979 opus
1135 1922 1370 1964 necessario
1393 1923 1702 1967 intermittere-

204 1988 277 2021 tur
313 1989 373 2029 et,
407 1979 728 2022 continuatione
766 1980 985 2029 imbrium,
1023 1979 1188 2021 diutius
1217 1981 1297 2023 sub
1323 1980 1510 2039 pellibus
1544 1983 1701 2026 milites

203 2039 413 2081 contineri
443 2054 527 2082 non
554 2048 740 2097 possent.
806 2037 960 2096 Itaque
981 2039 1158 2081 vastatis
1177 2040 1377 2082 omnibus
1395 2057 1545 2083 eorum
1567 2042 1700 2101 agris,

203 2097 307 2139 vicis
326 2096 601 2155 aedificiisque
621 2098 813 2148 incensis,
848 2098 992 2141 Caesar
1009 2099 1247 2140 exercitum
1272 2098 1446 2142 reduxit
1467 2109 1511 2142 et
1533 2101 1574 2143 in
1610 2103 1700 2145 Au·

200 2155 324 2200 lercis
362 2154 664 2215 Lexoviisque,
710 2157 888 2215 reliquis
925 2158 1027 2200 item
1062 2157 1328 2208 civitatibus,
1366 2175 1462 2218 quae
1500 2161 1700 2218 proxime

201 2215 367 2259 bellum
391 2217 597 2267 fecerant,
621 2217 664 2260 in
684 2216 875 2260 hibernis
891 2216 1150 2260 conlocavit.

985 2318 1163 2354 (ταμεν-ων,
1190 2312 1268 2354 quis
1295 2323 1360 2346 non
1387 2313 1480 2346 videt
1505 2326 1578 2347 esse
1602 2316 1700 2348 inler—

986 2359 1254 2398 pretanrentuni?
1280 2360 1330 2390 M.
1369 2360 1463 2391 Adde
1482 2359 1556 2391 Liv.
1579 2363 1628 2398 10,
1648 2363 1700 2392 31.

987 2400 1132 2439 Quintil.
1154 2403 1204 2440 10,
1230 2404 1255 2433 1.

256 2313 415 2352 Tarbelli,
429 2320 496 2345 etc.
544 2313 684 2345 Plurimi
714 2313 833 2345 horum
855 2324 919 2354 po-

206 2355 365 2397 pulorum
389 2363 424 2388 et
447 2358 584 2389 aliunde
605 2364 678 2389 sunt
701 2357 784 2389 noti.
834 2359 918 2389 Pre-

204 2402 331 2439 carmos,
347 2401 577 2434 diversimode
593 2402 740 2443 scriptos
768 2401 800 2433 in
817 2402 917 2433 codd.

205 2453 305 2476 nemo
323 2445 430 2477 novit.
479 2449 612 2479 Garieps
632 2446 663 2478 in
681 2447 781 2478 Com.
803 2447 919 2477 Gaure

204 2488 325 2529 quaerit
347 2489 487 2529 Sanson,
515 2491 746 2533 adstipulante
767 2489 919 2522 Valesio.

209 2533 382 2565 Sibuzates
398 2544 476 2566 cum
495 2534 598 2566 Plinii
614 2536 835 2576 Sibyllatibus
845 2545 918 2566 esse

205 2577 356 2614 eosdem,
385 2583 485 2619 negat
514 2579 703 2611 D’Anville.
759 2578 917 2610 Valesius

207 2620 240 2651 in
259 2622 412 2659 Sobusse,
426 2621 489 2654 sita
505 2622 589 2655 inter
606 2624 681 2654 Dax
697 2629 731 2655 et
746 2623 918 2664 Bayonnc,

204 2674 329 2696 nomen
346 2667 561 2698 Sibuzaeium
577 2678 754 2708 superesse
770 2672 881 2708 putat.

253 2709 389 2741 Beuum
403 2721 518 2751 ayere.
565 2711 617 2742 Ex
633 2711 817 2743 observatt.
832 2711 918 2743 Gro-

205 2762 285 2785 nov.
302 2757 335 2792 2,
351 2756 382 2793 3,
404 2764 489 2796 quas
504 2753 673 2786 Cellariun
698 2761 733 2786 et
758 2754 918 2788 Davisius

200 2798 272 2839 jam
289 2797 533 2837 indicaverunt,
557 2800 626 2830 duo
643 2799 802 2841 exempla
817 2799 917 2842 hujus

207 2842 371 2883 phraseos
389 2843 456 2874 huc
474 2843 643 2880 transtuli,
665 2854 685 2874 e
701 2843 794 2875 Curt.
812 2846 844 2883 4,
866 2846 917 2876 10.

203 2892 238 2917 et
255 2887 426 2929 Pompon.
441 2887 544 2919 Mela.
562 2890 590 2926 1,
606 2889 657 2919 16.
674 2887 843 2920 cellarius
858 2889 917 2920 ad-

204 2930 290 2963 didit
316 2931 452 2963 Cornel.
477 2931 627 2964 Hannib.
652 2942 730 2974 cap.
746 2935 779 2964 8.
824 2933 916 2975 Ergo

203 2974 344 3009 alteram
363 2976 428 3010 h.l.
449 2975 642 3015 lectionem,
659 2977 783 3011 bellum
798 2987 915 3019 qerere

1034 2446 1316 2487 Depenliderunt.
1340 2447 1372 2478 al
1379 2446 1400 2478 ii
1415 2448 1702 2490 disperdiderunt.

987 2489 1194 2521 oxoniensis
1251 2492 1543 2524 desiderat-erunt.
1603 2492 1701 2534 cujus

987 2534 1088 2566 lectio
1106 2535 1239 2575 vulgata
1256 2535 1365 2567 forsan
1382 2536 1494 2575 glossa
1511 2541 1572 2567 est.

1032 2579 1103 2610 Sub
1132 2579 1290 2620 pellibus.
1323 2590 1354 2610 v.
1390 2580 1461 2611 Ind.
1521 2580 1698 2612 Summam

985 2633 1062 2665 cap.
1082 2626 1124 2654 ῐ28
1152 2630 1186 2654 et
1214 2625 1254 2654 ‘29
1283 2623 1421 2655 tradidit
1448 2622 1515 2654 Dio
1533 2624 1627 2655 Cass.
1645 2626 1700 2662 39,

1033 2711 1203 2743 Pras-ime.
1252 2712 1289 2743 In
1325 2710 1496 2753 plerisque
1535 2712 1633 2744 codd.
1665 2718 1702 2744 et

984 2755 1064 2786 edd.
1075 2761 1143 2786 vet.
1156 2761 1218 2793 est,
1235 2758 1403 2787 maxime:
1426 2765 1492 2786 non
1510 2757 1610 2789 male.
1647 2757 1700 2788 De

983 2809 1020 2830 re
1037 2799 1080 2830 cf.
1096 2810 1127 2830 c.
1142 2801 1174 2830 9.
1193 2800 1242 2831 Μ.
1290 2799 1428 2831 Graecus
1445 2800 1556 2840 νεωστί,
1573 2806 1610 2832 ut
1626 2803 1701 2834 vul-

983 2850 1111 2886 gutum.

1033 2889 1170 2920 Bellum
1183 2887 1352 2928 fecerant.
1399 2886 1478 2920 Non
1494 2889 1560 2920 hoc
1583 2899 1626 2921 ex
1643 2900 1699 2921 so-

986 2932 1125 2970 loecum,
1135 2941 1196 2963 nec
1215 2930 1373 2971 insolens,
1385 2938 1423 2964 ut
1438 2932 1575 2965 Senecae
1588 2933 1699 2966 visum

984 2987 1040 3018 ep.
1053 2978 1125 3010 114.
1144 2975 1186 3008 V.
1198 2974 1334 3011 Cellarii
1346 2987 1444 3012 curas
1457 2983 1584 3020 poster.
1597 2981 1697 3020 p.91.
