1946 3261
598 205 718 253 LIB.
751 204 834 252 IV.
895 205 1036 251 GAP.
1067 203 1231 252 8—10.

1597 205 1659 257 83

158 334 398 393 exspectari
431 334 600 394 equites
637 343 771 395 atque
808 334 900 395 ejus
932 333 999 377 rei
1035 345 1183 380 caussa
1221 331 1387 382 moram
1420 333 1658 397 interponi,

157 394 472 438 arbitrabatur.

226 454 291 496 lo.
325 461 355 480 ‘⁶
382 454 508 497 Mosa
529 453 712 513 profluit
743 465 798 497 ex
829 459 976 496 monte
1009 450 1200 511 vosego,
1236 453 1312 511 qui
1343 462 1408 498 est
1437 452 1482 499 in
1502 454 1660 502 finibus

161 519 190 538 “
216 512 478 571 Lingonum,
509 522 570 562 et,
604 522 729 572 parte
758 512 947 571 quadam
979 526 1033 554 ex
1065 510 1219 554 Rheno
1253 522 1429 571 recepta
1456 528 1553 573 quae
1583 516 1660 559 ad-

161 578 191 597 “
214 571 405 629 pellatur
427 571 618 621 Vahalis,
649 572 830 614 insulam
859 570 990 614 efficit
1013 570 1297 620 Batavorum,
1329 587 1468 630 neque
1489 574 1661 635 longius

160 637 190 656 “
212 630 269 673 ab
288 646 340 673 eo
361 630 534 673 milibus
554 647 753 689 passuum
775 631 939 674 LXXX
960 629 1004 672 in
1025 629 1245 672 Oceanum
1265 631 1435 673 transit.
1483 632 1662 679 Rhenus

158 695 189 716 ‘⁸
209 696 355 731 autem
386 688 529 732 oritur
558 705 611 732 ex
643 689 883 748 Lepontiis‚
917 689 991 747 qui
1024 688 1160 747 Alpes
1200 688 1413 739 ineolunt‚
1446 698 1491 732 et
1529 692 1663 753 longo

161 755 191 776 ‘⁶
210 747 357 808 spatio
394 763 475 807 per
506 747 609 792 fines
642 749 937 799 Sarunetium‚
972 747 1298 799 Helvetiorum,
1341 749 1661 808 Sequanorum,

164 876 325 918 Rhenum
349 885 383 917 in
405 885 491 919 fines
507 882 761 928 Sigambrorum
781 896 876 919 rece-

164 929 254 972 pisse·
281 933 316 961 et
343 940 379 962 se
407 931 619 973 conjunxisse
644 941 722 964 cum
750 931 804 970 iis,
832 933 875 964 ad

161 983 249 1017 quos
262 973 388 1014 Caesar,
411 981 448 1007 ut
463 986 498 1007 se
514 977 684 1013 dederent,
712 983 786 1017 post
803 976 874 1008 haec

162 1018 257 1051 misit
285 1019 421 1052 nuntios
452 1021 497 1060 (c.
531 1021 607 1060 16.).
662 1020 831 1063 Sigambri
855 1031 875 1052 a

162 1056 264 1096 Mosa
305 1064 452 1096 nimium
498 1064 681 1103 distabant,
728 1065 875 1106 proximi

166 1108 289 1140 Rheno
303 1108 351 1147 (c.
369 1109 441 1148 35.)
456 1115 489 1140 et
506 1109 608 1141 Ubiis
622 1109 784 1141 contines.
823 1111 874 1142 Ad

163 1155 224 1184 ees
236 1158 342 1195 ponte
352 1159 550 1185 constructo
562 1154 675 1186 Caesar
687 1154 878 1186 transduxit

163 1204 362 1229 exereitum.

212 1238 323 1280 Mosa,
338 1246 406 1273 etc.
428 1242 554 1274 Totum
569 1242 634 1274 hoc
647 1249 747 1285 caput
764 1243 878 1281 agios-

165 1289 275 1317 satore
286 1295 363 1317 esse
376 1287 542 1318 intrusum
552 1287 736 1319 arbitratur
752 1287 878 1319 1.C.11.

164 1330 245 1371 quia
262 1329 375 1361 turbat
391 1330 485 1362 filum
509 1331 672 1363 orationis
697 1338 730 1363 et
751 1332 880 1363 mendis

167 1380 286 1410 scatet,
301 1384 411 1416 neque
433 1375 618 1416 quidquam
640 1376 681 1406 ad
702 1386 771 1407 rem
789 1376 880 1407 facit.

169 1417 268 1456 Quod
300 1419 342 1449 ad
368 1419 508 1450 mendas
538 1419 681 1457 adtinet,
711 1426 794 1460 puto
823 1429 879 1451 me

168 1462 343 1494 sustulisse
362 1463 554 1504 primariam
575 1464 616 1494 de
638 1464 880 1503 Nantuatibus,

167 1507 351 1549 dequibus
367 1507 472 1538 videri
498 1507 599 1538 debet
625 1507 815 1545 D'Anville,
845 1519 878 1548 p.

168 1553 244 1582 472.
272 1551 356 1582 Dein
369 1551 652 1582 Mediomatricos
664 1559 696 1582 et
707 1552 880 1592 Sequanos

166 1595 208 1627 ad
243 1593 401 1626 Rhenum
441 1600 594 1636 tempore
624 1594 766 1626 Caesaris
804 1606 879 1636 per-

167 1639 320 1678 tinuisse,
342 1639 536 1670 verosimile
552 1639 683 1670 videtur
703 1645 737 1670 et
762 1639 878 1670 D'An·

168 1684 263 1715 villio
285 1688 319 1714 et
344 1683 538 1722 Manneitm
561 1689 654 1714 erant
677 1690 786 1715 tamen
804 1684 881 1715 Me-

167 1727 360 1760 diomatrici
374 1727 404 1759 in
418 1728 493 1759 loco
505 1735 615 1759 nostin
629 1728 885 1769 postTribucos

167 1771 327 1815 ponendi.
357 1771 409 1804 De
424 1772 591 1813 Sequanis
605 1772 748 1804 conferri
769 1778 881 1814 potest

166 1815 370 1860 &choepffini
394 1817 524 1848 Alsatia
546 1817 711 1848 illustr-ma
738 1822 760 1848 t.
789 1819 816 1848 l.
844 1828 880 1859 p.

168 1863 224 1893 ⁴0.
269 1860 378 1892 Cerdo
400 1863 446 1892 rei
468 1868 619 1893 versatur
646 1861 676 1892 in
696 1871 752 1899 ρο,
782 1861 881 1893 Mosa

165 1914 207 1938 an
239 1902 382 1937 Mosella
410 1911 500 1937 recte.
529 1912 735 1937 memoretur
763 1905 881 1947 capite

168 1950 399 1991 praecedente3
438 1950 465 1981 si
507 1951 661 1989 Mosella,
698 1950 880 1981 manifesto

167 1999 279 2025 totum
305 1994 371 2025 hoc
393 1998 497 2035 caput
522 1995 564 2026 de
581 1994 680 2026 Mosa
699 2000 735 2025 et
758 1995 881 2026 Rheno

166 2037 304 2070 cuidam
319 2038 428 2070 sciolo
439 2038 594 2070 debetur.
628 2039 663 2070 ld
679 2048 745 2070 non
759 2039 882 2078 obstat,

167 2083 259 2125 quod
289 2078 425 2115 Mosam
446 2093 465 2114 e
497 2081 634 2126 Vosego
664 2091 779 2115 monte
804 2095 881 2125 pro·

170 2125 274 2158 fluere
290 2127 403 2158 Caesar
423 2126 527 2166 dicit;
550 2128 666 2169 utique
690 2129 780 2159 enim
807 2129 881 2170 ejus

169 2171 296 2203 montis
324 2171 452 2203 radices
482 2171 515 2202 in
541 2171 734 2214 Lingonum
758 2172 881 2204 tinibus

169 2215 219 2247 ibi
236 2221 323 2253 sunt,
337 2215 397 2247 ubi
413 2216 513 2248 Mosa
526 2215 646 2248 oritur.
692 2217 746 2248 Cf.
767 2217 882 2249 D'An-

168 2259 262 2300 ville,
279 2271 313 2302 p.
329 2262 404 2292 46¹1.

222 2305 359 2347 Voseqo.
403 2304 458 2336 Sic
489 2314 509 2336 e
536 2306 635 2336 codd.
664 2304 881 2347 inscriptione

169 2349 315 2390 quadam
325 2356 360 2381 et
371 2348 476 2381 medii
491 2349 556 2381 aevi
568 2349 794 2391 scriptoribus
809 2348 883 2381 edi-

169 2393 292 2424 derunt
313 2392 431 2425 Davis.
450 2399 484 2425 et
505 2394 725 2436 Oudendorp.
771 2395 806 2425 ln
823 2394 882 2425 Gr.

171 2436 342 2477 metaphr.
356 2442 408 2469 est
423 2439 559 2475 Βοσῆνως,
573 2449 640 2480 qua
657 2439 763 2470 forma
787 2439 884 2469 saxe-

169 2488 236 2523 φας
260 2481 463 2522 exprimitur
492 2483 542 2514 M.
592 2483 649 2514 Cf.
677 2482 882 2524 Schmpflini

172 2524 246 2556 Ais.
262 2525 312 2556 ill.
335 2530 359 2556 t.
380 2527 408 2556 1.
431 2537 464 2567 p.
482 2528 515 2557 4.
563 2525 696 2559 Dicitur
727 2528 884 2568 l'oyesu-s,

179 2570 338 2610 Vacemus,
361 2570 526 2609 Vesanus.

219 2614 276 2644 Ex
291 2614 419 2645 Rheno.
443 2614 498 2646 Sic
507 2613 883 2648 constantissimeMSS.

172 2657 238 2689 Sed
258 2658 368 2689 mrem·
383 2658 416 2689 in
432 2659 687 2691 recentioribus.
707 2659 860 2691 eademi.

225 2703 378 2733 fabalis.
424 2702 515 2733 Idem
545 2713 668 2735 nomen
707 2703 739 2734 in
769 2702 885 2735 Tacit.

171 2746 259 2778 Ami.
276 2749 308 2784 2,
324 2748 342 2777 6
358 2746 517 2785 occurrit,
541 2747 603 2779 ubi
626 2748 694 2778 fere
714 2747 786 2778 haec
802 2746 878 2788 ipsa

171 2789 214 2821 de
234 2790 355 2823 Rheno
372 2791 483 2823 tradit.
530 2791 685 2823 Varietas
702 2791 878 2832 scripturae

170 2835 316 2874 (Wadi-s,
339 2837 445 2875 Vatis,
467 2837 583 2874 Valus,
601 2837 760 2873 Vacalus,
775 2835 879 2866 Βάκα-

172 2884 234 2914 λος,
265 2879 431 2917 Vae-ulus)
450 2890 562 2912 rursus
583 2890 626 2911 ex
648 2890 690 2911 eo
712 2885 776 2918 est,
798 2879 880 2920 quia

174 2921 326 2955 Romani
350 2930 465 2956 extera
489 2923 625 2956 nomina
650 2924 881 2956 immutarunt.

172 2964 288 2999 Litera
309 2969 353 2999 W
367 2968 470 3002 facile
481 2969 593 3012 arguit
615 2969 785 3012 originem
799 2968 883 3002 Ger-

173 3010 355 3045 manicam.
377 3013 430 3046 M.

990 886 1047 924 Et,
1057 890 1156 928 parte
1166 885 1416 928 quadam—
1428 889 1565 920 tramit.
1586 887 1662 920 Ou-

942 931 1042 961 dend.
1075 930 1106 962 in
1136 931 1237 962 codd.
1266 931 1353 963 bene
1384 931 1504 964 multis
1532 934 1661 975 reperit

943 974 1127 1007 lectionem
1143 982 1351 1017 sequentem,
1365 986 1467 1018 quam
1484 982 1518 1008 et
1529 978 1663 1020 recepit

944 1018 978 1051 in
995 1025 1137 1052 textum.
1163 1021 1261 1052 Mosa
1277 1037 1322 1043 —
1336 1026 1366 1053 et
1388 1027 1486 1062 parte
1507 1021 1661 1063 quadam

944 1074 987 1096 ez
1024 1065 1140 1096 Rheno
1174 1070 1319 1106 recepta,
1354 1075 1429 1107 quae
1465 1065 1663 1107 adpellatw·

953 1109 1108 1147 saltabit,
1138 1110 1357 1151 faculamque
1384 1110 1481 1151 efficit
1513 1111 1663 1143 Batavo-

942 1163 1035 1192 rum,
1064 1156 1101 1184 in
1120 1154 1292 1185 Oceanum
1313 1154 1439 1195 influit,
1462 1165 1572 1196 neque
1589 1157 1664 1186 lon-

942 1199 1022 1238 91'11-5*
1065 1198 1110 1229 ab
1145 1198 1276 1229 Oceano
1318 1198 1455 1229 milibus
1493 1209 1663 1240 passuum

948 1242 1090 1273 LXXX
1130 1243 1167 1273 in
1202 1242 1361 1274 Rhenum
1391 1245 1523 1275 tramit.
1577 1243 1663 1285 Ejus

944 1285 1104 1317 lectionis
1120 1291 1249 1327 partem
1267 1287 1430 1328 priorem,
1452 1291 1483 1318 ct
1501 1292 1601 1329 parte
1615 1304 1661 1310 —

942 1330 1071 1370 infime,
1082 1337 1173 1361 recte
1184 1341 1219 1361 se
1230 1331 1357 1362 habere
1370 1338 1472 1372 puto3
1491 1331 1664 1372 posterior

945 1383 1027 1404 vero
1059 1384 1147 1414 pars.
1178 1385 1285 1415 neque
1316 1376 1452 1415 lonqiws
1469 1379 1665 1415 —tramit,

946 1416 1037 1448 haud
1064 1417 1169 1448 dubie
1187 1418 1308 1449 vitiosa
1329 1424 1389 1449 est.
1437 1418 1528 1450 Mihi
1547 1419 1661 1461 placet

944 1462 1052 1492 altera
1068 1461 1185 1499 lectio,
1207 1472 1284 1503 quae
1301 1462 1333 1493 in
1349 1463 1426 1493 edd.
1440 1463 1543 1503 vulg-o
1561 1474 1662 1506 repe—

945 1504 1042 1543 ritur,
1068 1511 1114 1544 et,
1137 1505 1166 1536 si
1182 1506 1260 1547 quis
1280 1511 1431 1537 naturam
1456 1517 1661 1550 cursumque

947 1548 1108 1585 fluminis,
1134 1560 1235 1590 quam
1260 1549 1413 1588 codices,
1439 1551 1534 1592 sequi
1550 1553 1662 1592 malit,

947 1592 980 1623 in
1006 1593 1204 1624 universum
1231 1593 1439 1634 praer'erenda
1465 1600 1525 1626 est.
1572 1595 1661 1633 Quae

945 1646 1023 1667 cum
1050 1637 1095 1667 ab
1113 1636 1188 1678 ipso
1204 1636 1269 1668 situ
1296 1643 1422 1669 naturae
1443 1641 1662 1671 commenda-

946 1682 1074 1712 tionem
1090 1681 1162 1712 veri
1189 1681 1326 1720 habeat,
1348 1681 1420 1714 acci
1452 1682 1476 1713 it
1497 1684 1601 1715 etiam
1619 1695 1663 1717 ex

944 1735 987 1756 eo
1017 1726 1272 1764 auctoritatem,
1301 1725 1381 1768 quia
1410 1693 1526 1759 (lima
1556 1734 1664 1760 meta-

947 1769 1081 1811 phrasis
1109 1780 1186 1802 eam
1214 1770 1356 1802 verbum
1393 1771 1434 1802 de
1465 1772 1572 1803 verbo
1603 1783 1662 1805 ex-

945 1814 1079 1855 pressit.
1104 1816 1154 1846 M.
1213 1815 1309 1847 Hanc
1345 1815 1526 1848 lectionem
1561 1817 1663 1850 Mora

945 1858 1124 1932 probatam
1149 1859 1275 1900 recepi.
1322 1859 1456 1891 Similia
1474 1860 1540 1893 fere
1559 1862 1662 1894 tradit

977 1903 1084 1934 acitus
1110 1904 1150 1935 Α.
1175 1907 1207 1941 2,
1235 1906 1266 1934 6.
1312 1903 1369 1935 Cf.
1400 1903 1576 1937 Mensonis
1601 1906 1662 1939 Al-

948 1947 1044 1987 tingii
1062 1947 1141 1979 Not.
1155 1947 1270 1979 Germ.
1287 1947 1347 1978 inf.
1361 1947 1402 1979 Τ.
1421 1948 1445 1980 1.
1462 1958 1495 1990 p.
1519 1951 1567 1981 16.

993 1993 1062 2024 Per
1087 1995 1173 2033 fines
1192 1994 1428 2024 Sarumtium.
1478 1992 1588 2036 Vulgo
1614 1994 1663 2027 le·-

944 2035 1035 2078 gitur
1058 2037 1298 2075 Nantuatium,
1324 2036 1413 2078 turpi
1435 2047 1559 2076 errore,
1583 2038 1660 2071 Cae-

946 2080 1011 2112 sari
1036 2090 1100 2111 non
1127 2080 1322 2121 inputando.
1362 2082 1565 2121 Nantuates,
1593 2081 1660 2116 Va-

945 2124 1038 2156 lesiae
1052 2129 1203 2166 gentem,
1219 2125 1359 2156 Rhenus
1369 2124 1464 2158 nullo
1480 2128 1582 2158 modo
1598 2129 1661 2160 ad-

946 2168 1057 2210 tingit.
1104 2168 1222 2210 Neque
1244 2169 1375 2200 vulneri
1403 2171 1581 2203 medentur
1610 2172 1661 2204 in-

944 2218 1119 2254 terpretes,
1144 2214 1224 2244 dum
1250 2212 1418 2245 Vaudiam
1440 2215 1491 2252 (le
1509 2226 1601 2258 pays
1618 2218 1661 2250 de

953 2257 1072 2294 saud)
1092 2257 1293 2299 intelligunt,
1314 2268 1334 2290 a
1348 2268 1413 2300 qua
1428 2260 1537 2301 magis
1550 2260 1658 2293 etiam

950 2301 1092 2333 Rhenus
1107 2301 1219 2333 distat.
1265 2302 1413 2334 Codices
1427 2305 1574 2344 variant‚·
1598 2315 1658 2337 ex-

947 2345 1067 2377 hibent
1084 2344 1296 2385 Vatuatium,
1308 2348 1553 2388 Mam-uatium,
1570 2351 1659 2382 unde

945 2390 1129 2422 Glareanus
1148 2391 1354 2431 AEcuatium,
1378 2397 1416 2423 ut
1439 2392 1541 2434 vulgo
1563 2395 1657 2435 apud

943 2434 1157 2468 Strabonem.
1178 2445 1212 2476 p.
1233 2436 1305 2466 192.
1353 2435 1442 2468 Mihi
1457 2448 1658 2478 persuasum

943 2484 1005 2516 est,
1021 2479 1200 2520 legendum
1217 2481 1450 2512 Sar-carterium.
1482 2481 1659 2515 Librarios

944 2523 1093 2565 decepit,
1106 2524 1197 2564 quod
1212 2523 1332 2556 horum
1350 2534 1417 2556 non
1431 2524 1515 2556 alibi
1528 2526 1657 2558 mentio

942 2567 1034 2609 apud
1048 2568 1216 2600 Caesarem
1240 2573 1367 2607 exstat;
1391 2574 1424 2600 et
1443 2570 1534 2610 quod
1551 2581 1657 2612 supra

944 2614 977 2650 3,
1013 2614 1040 2644 l.
1069 2623 1179 2644 sermo
1208 2613 1251 2643 de
1278 2612 1505 2644 Nantuatibus
1534 2613 1656 2647 faetus.

945 2656 1132 2698 Aptissime
1158 2655 1288 2688 Plinius
1315 2659 1347 2694 3,
1370 2659 1412 2688 20
1438 2657 1513 2696 (24)
1547 2659 1657 2692 Saru-

943 2707 1033 2733 uetes
1053 2707 1146 2733 ortas
1164 2701 1276 2733 Rheni
1298 2702 1464 2738 accolunt,
1488 2701 1548 2733 ubi
1571 2703 1658 2736 Har-

945 2745 1071 2776 duinus
1085 2754 1262 2786 perperam
1276 2744 1373 2776 malit
1390 2745 1565 2778 Suanetes.
1601 2748 1658 2781 Cf.

946 2789 1127 2821 D'Anville
1153 2788 1233 2819 Not.
1255 2789 1297 2819 de
1324 2789 1357 2819 la
1381 2787 1489 2820 Gaule
1518 2801 1552 2832 p.
1577 2789 1657 2825 583.

947 2833 1064 2866 Gentis
1098 2832 1299 2873 memoriam
1337 2832 1506 2875 hodieque
1546 2842 1660 2870 servat

950 2880 1118 2919 Surgam.
1144 2876 1222 2907 Vid.
1240 2876 1428 2916 D'Anvilie,
1442 2889 1478 2920 p.
1489 2880 1566 2911 472.
1598 2875 1657 2914 Nil

949 2922 1061 2954 obstat
1086 2922 1128 2952 de
1144 2926 1272 2959 cetero,
1295 2922 1388 2963 quod
1406 2923 1497 2964 apud
1520 2924 1658 2958 Strabo-

948 2977 1026 2998 nem
1050 2966 1074 2997 l.
1087 2976 1117 2997 c.
1136 2968 1244 3006 primi
1258 2968 1412 2998 onmium
1433 2967 1482 2998 ad
1499 2969 1660 3003 Rhenum

899 3039 902 3044 .
951 3011 1107 3044 habitare
1137 3010 1297 3044 dicuntur
1329 3011 1532 3051 Nantuates,
1562 3015 1659 3056 apud

1417 3054 1483 3089 ΟΞ
