1946 3261
172 239 259 281 380
638 231 721 274 DE
754 227 957 272 BELLO
991 227 1201 272 CIVILI.

174 364 231 407 ad
252 363 436 406 duorum
472 356 638 400 milium
669 370 848 398 numero
882 370 934 396 ex
958 353 1231 413 Pompeianis
1249 352 1448 396 cecidisse
1468 352 1655 411 reperie-

175 424 338 469 bamus,
381 425 579 460 evocatos
623 414 995 469 centurionesque
1043 413 1301 472 complures.
1384 412 1435 454 In
1477 428 1527 454 eo
1569 411 1655 454 fuit

176 494 352 523 numero
383 475 583 518 Valerius
611 473 805 523 Flaccus,
842 472 890 514 L.
913 471 1043 521 filius,
1078 473 1183 529 ejus,
1216 471 1292 529 qui
1318 471 1486 514 Praetor
1508 471 1655 512 Asiam

177 538 445 581 obtinuerat:
479 534 686 592 signaque
707 540 807 574 sunt
839 546 910 573 sex
941 529 1148 573 militaria
1180 531 1332 573 relata.
1398 529 1551 573 Nostri
1572 543 1658 571 non

174 594 358 653 amplius
380 593 535 652 viginti
555 592 752 634 omnibus
771 598 871 633 sunt
897 589 1060 647 proeliis
1087 589 1331 632 desiderati.
1396 587 1484 631 Sed
1507 588 1549 630 in
1570 603 1658 630 cas-

176 654 282 696 tello
301 669 426 696 nemo
444 652 529 694 fuit
545 650 718 694 omnino
739 649 940 696 militum,
964 649 1070 704 quin
1087 648 1416 698 vulneraretur;
1448 655 1658 705 quatuor-

177 729 262 772 que
283 728 337 755 ex
356 727 442 754 una
461 710 637 754 cohorte
657 708 944 751 Centuriones
960 707 1105 750 oculos
1126 707 1375 750 amiserunt.
1429 706 1505 756 Et,
1524 721 1659 764 quum

177 771 338 815 laboris
372 770 437 812 sui
478 769 746 827 periculique
789 765 1083 808 testimonium
1115 765 1286 809 adferre
1324 765 1502 815 vellent,
1543 763 1662 806 milia

178 831 438 889 sagittarum
472 828 644 870 circiter
682 825 880 883 triginta,
917 825 960 866 in
997 824 1218 867 castellum
1255 825 1465 883 conjecta,
1502 822 1664 865 Caesari

180 895 589 932 renumeraverunt:
613 894 823 942 scutoque
841 883 895 926 ad
913 899 1009 925 eum
1030 883 1168 925 relato
1188 883 1346 926 Scaevae
1366 880 1663 931 Centurionis,

181 947 356 991 inventa
376 955 474 989 sunt
495 947 539 988 in
559 961 610 988 eo
632 944 842 986 fcramina
864 942 1001 985 CXX.
1067 942 1207 991 Quem
1231 942 1391 991 Caesar,
1424 949 1474 983 ut
1495 947 1589 982 erat
1610 938 1664 980 de

182 1023 225 1049 se
244 1006 425 1049 meritus
453 1013 499 1048 et
527 1004 581 1046 de
606 1003 865 1062 Republica,
900 1001 1110 1043 donatum
1142 1000 1317 1043 milibus
1337 999 1534 1043 ducentis
1553 998 1665 1047 aeris,

185 1066 241 1108 ab
275 1065 436 1108 octavis
468 1063 689 1107 ordinibus
722 1060 777 1103 ad
801 1061 989 1119 primum
1022 1060 1161 1118 pilum
1193 1076 1235 1101 se
1269 1059 1544 1102 transducere
1566 1071 1666 1115 pro-

187 1123 427 1167 nunciavit:
463 1123 554 1181 ejus
574 1121 686 1163 enim
708 1136 842 1178 opera
863 1119 1084 1161 castellum
1104 1133 1258 1175 magna
1279 1135 1331 1160 ex
1355 1125 1481 1176 parte
1503 1131 1668 1158 conser-

188 1190 340 1226 vatum
361 1199 446 1224 esse
469 1180 711 1223 constabat:
746 1178 1051 1236 cohortemque
1075 1185 1225 1236 postea
1256 1176 1422 1236 duplici
1449 1173 1669 1275 stiffendio

189 1242 462 1284 frumentove
501 1248 545 1282 et
587 1237 804 1297 speciariis
851 1236 1199 1294 militaribusque
1243 1235 1367 1279 donis
1391 1232 1670 1291 *ampissime

183 1299 374 1343 donavit.

198 1421 356 1452 magnam
374 1415 514 1451 stragem
529 1410 648 1442 edidit.
695 1409 748 1441 Sic
776 1409 897 1440 codem

201 1462 352 1496 ternpore
376 1465 415 1486 ac
441 1454 495 1485 die.
516 1461 550 1488 et
566 1456 606 1486 ad
623 1465 738 1486 muros
754 1454 900 1494 Dyrrha-

201 1499 273 1530 chii
290 1505 324 1530 et
346 1499 387 1530 ad
415 1504 521 1530 castra
544 1498 686 1531 Caesaris
713 1503 899 1539 pugnatum

203 1549 267 1575 est.
283 1543 354 1574 vid.
372 1543 517 1585 Appian.
531 1549 563 1573 et
578 1543 645 1574 Dio
655 1544 748 1574 Cass.
761 1543 796 1572 d.
808 1542 831 1572 1.
849 1543 900 1572 M.

249 1589 301 1620 Ad
328 1589 473 1619 duom-m
498 1588 569 1618 mil.
593 1585 855 1623 (multitudinem
875 1597 903 1617 s.

201 1632 384 1669 summam)
430 1641 585 1662 numera.
651 1630 711 1660 Sed
750 1630 902 1670 plerique

202 1675 302 1708 MSS.
318 1675 452 1707 habent.
477 1674 522 1706 ad
543 1674 610 1704 «Iun
637 1675 728 1704 ‘milia
753 1684 903 1704 mmrrro.

205 1721 257 1751 M.
303 1719 358 1751 Sic
385 1725 419 1750 et
445 1717 575 1749 llirtius
602 1717 636 1748 b.
676 1717 744 1747 Afr.
773 1719 826 1747 78.
857 1717 903 1747 ml

205 1769 352 1805 quatuor
376 1764 471 1794 milia
495 1772 644 1793 numm-0.
684 1761 740 1790 sed
770 1759 905 1790 Sisenna

205 1809 297 1849 apud
314 1807 465 1839 Nonium
481 1806 522 1836 de
548 1805 689 1836 honeste
714 1802 836 1835 dictis:
860 1804 904 1835 ad

202 1852 315 1883 binum
331 1853 471 1883 ‘millium
491 1860 640 1880 ramera.

252 1897 428 1928 Ez-ocatos.
474 1895 553 1925 Post
580 1892 645 1924 hoc
674 1891 814 1922 verbum
832 1891 907 1921 edd.

205 1941 332 1971 addunt
361 1945 390 1970 et
420 1938 660 1979 manipulares.
706 1936 771 1967 Sed
799 1936 910 1966 Cacsar

207 1984 280 2015 vult
297 1981 518 2023 mone1⁴e,qni
536 1981 569 2012 in
587 1979 680 2012 omni
695 1979 754 2010 illo
770 1989 908 2010 numero

205 2027 329 2059 suerint
344 2025 596 2058 memorabiles.
643 2024 734 2064 Ergo
752 2034 816 2054 non
840 2034 911 2054 ma-

206 2071 390 2113 nipulares,
407 2071 442 2102 h.
457 2081 485 2101 e.
504 2069 677 2110 gregarios
694 2067 833 2108 quosvis
847 2066 912 2098 mi-

203 2116 295 2153 lites,
310 2116 432 2146 addere
451 2114 571 2155 potuit.
598 2114 646 2144 M.

260 2160 332 2190 t'al.
353 2161 504 2190 Flaccus.
552 2157 676 2188 Vossio
702 2162 753 2187 est
778 2156 848 2187 ille.
871 2156 913 2187 de

204 2214 275 2245 quo
302 2213 379 2244 cap.
405 2205 459 2233 48.
489 2211 590 2242 quem
621 2201 765 2242 Appian.
792 2199 912 2231 Mithr.

201 2259 232 2279 c.
261 2252 292 2279 5.
331 2252 363 2277 et
386 2246 425 2277 C.
454 2246 482 2283 1,
508 2247 560 2275 75.
607 2244 770 2276 Consules
796 2244 912 2275 Cinnae

204 2292 380 2333 collegam
393 2289 491 2321 dicit.
529 2289 710 2330 Glandorp.
725 2294 757 2319 et
773 2289 912 2319 Hotom-

204 2346 280 2367 eum
315 2346 388 2366 esse
419 2338 547 2375 putant,
575 2343 674 2374 quem
706 2332 828 2364 Cicero
859 2333 915 2363 de-

195 2379 313 2411 sendit.

250 2425 355 2455 Milia
386 2425 517 2454 circiter
547 2422 666 2453 XXX.
714 2421 760 2451 Ita
787 2420 914 2461 alisque.

207 2467 313 2500 dubio
329 2477 465 2508 quoque
481 2466 658 2507 legendum
674 2465 763 2505 apud
779 2463 915 2495 Sueton.

207 2523 237 2543 c.
258 2514 309 2543 68.
325 2510 385 2543 ubi
401 2511 504 2551 vulgo
522 2509 643 2550 legitur
657 2509 792 2540 CXXX
809 2510 914 2539 oro-ilia.

207 2556 333 2587 Contra
349 2566 390 2586 ex
405 2553 568 2586 Suetonio
583 2552 830 2584 emendandum
845 2562 916 2583 esse

156 2597 163 2601 ⁴
205 2601 375 2632 Caesarem
389 2598 567 2641 judicabat
582 2596 735 2629 Ursinus.

258 2645 579 2675 Renumerarerunt.
627 2640 696 2672 Alii
723 2650 919 2671 remum-rt:-

207 2693 338 2725 rerum,
350 2689 644 2718 rmnmciatwwntt.
676 2684 729 2715 Cf.
744 2684 785 2715 N.
799 2683 917 2714 lleins.

205 2733 343 2763 Advers.
366 2733 393 2769 1,
414 2733 462 2761 ll.

257 2778 394 2807 Smer-(1³.
441 2775 551 2816 Hujus
570 2773 798 2805 fortitudinem
811 2772 919 2802 Luca-

210 2829 273 2851 nus
299 2821 330 2851 G.
361 2821 417 2850 141
444 2831 514 2860 sqq.
536 2829 603 2849 non
632 2818 704 2848 sine
727 2817 760 2848 vi
788 2815 919 2858 poetica

211 2862 400 2903 descripsit.
463 2862 560 2893 Cont'.
593 2864 730 2893 Sueton.
764 2860 834 2891 Jut.
867 2863 919 2891 08.

210 2906 380 2938 Numerus
419 2906 578 2938 CCXXX
616 2905 690 2947 (qui
725 2905 823 2947 vulgo
862 2903 918 2936 hic

966 1407 1105 1447 legitur)
1126 1407 1227 1438 fidem
1243 1405 1391 1444 excedit,
1405 1412 1438 1437 et
1454 1405 1581 1438 habent
1596 1404 1673 1447 qui-

967 1453 1044 1484 dam
1068 1452 1146 1484 libri
1163 1452 1275 1486 CXX.
1299 1458 1334 1482 ut
1349 1450 1515 1482 cellarius
1535 1459 1673 1491 quoque

967 1497 1073 1527 edidit
1095 1507 1137 1526 ex
1155 1497 1294 1527 Sueton.
1312 1495 1346 1525 d.
1363 1495 1386 1526 l.
1401 1501 1435 1526 et
1453 1494 1564 1525 vater.
1579 1493 1673 1525 Max.

969 1543 1000 1573 3.
1015 1545 1046 1572 9.
1093 1540 1188 1571 Nihil
1203 1551 1281 1581 ergo
1297 1539 1377 1570 certi
1392 1538 1459 1570 dici
1478 1543 1598 1580 potest.
1622 1538 1675 1570 M.

969 1585 1032 1616 Sed
1065 1595 1145 1616 sana
1171 1584 1255 1616 ratio
1286 1584 1414 1617 suadet.
1439 1582 1676 1624 praeferendam

970 1629 1151 1660 lectionem
1177 1629 1277 1659 codd.
1302 1627 1373 1658 Pal.
1391 1627 1496 1667 Bong.
1523 1632 1556 1657 et
1578 1625 1674 1657 Leid.

968 1673 1027 1713 qni
1043 1673 1206 1704 minorem
1222 1682 1397 1703 numerum
1416 1670 1552 1702 liabent.
1584 1669 1677 1707 Quid

969 1719 1062 1758 quod
1093 1723 1125 1747 et
1157 1718 1247 1748 Plut.
1279 1716 1362 1746 Cas.
1394 1725 1426 1746 c.
1463 1716 1511 1745 16.
1550 1713 1677 1745 habeat

975 1762 1112 1793 CXXX
1143 1770 1208 1791 non
1239 1761 1392 1790 ducenta.
1439 1759 1570 1799 Sequor
1595 1767 1677 1799 ergo

974 1804 1173 1835 collarium.
1220 1804 1272 1834 (λ’.
1289 1810 1321 1834 et
1338 1803 1465 1834 Duker.
1481 1802 1523 1832 ad
1539 1802 1628 1832 Flor.
1646 1805 1677 1839 4,

970 1851 1002 1887 2,
1021 1850 1072 1880 41.

1021 1893 1114 1923 sEris
1143 1893 1173 1923 in
1194 1902 1261 1922 uno
1282 1891 1356 1922 cod.
1373 1891 1538 1931 Bongars.
1555 1895 1619 1929 est3
1645 1889 1677 1921 in

975 1936 1095 1967 ceteris
1124 1947 1184 1977 pro
1209 1947 1250 1966 eo
1274 1935 1394 1974 legitur
1423 1940 1535 1976 atqve,
1560 1934 1592 1964 in
1617 1933 1679 1965 Ur-

975 1980 1108 2011 siniano
1125 1990 1166 2011 ne
1182 1980 1246 2011 hoc
1262 1979 1412 2020 quidem.
1451 1979 1486 2009 ln
1504 1978 1564 2009 illo
1580 1977 1682 2018 igitur

977 2030 1076 2065 atqve
1091 2024 1209 2055 vitium
1225 2030 1286 2061 est,
1298 2029 1331 2053 et
1349 2028 1423 2063 post
1433 2023 1581 2054 «lucentis
1593 2022 1683 2053 mili-

978 2069 1037 2099 bus
1052 2068 1257 2109 intelligetur
1271 2068 1465 2099 sestertium.
1482 2066 1534 2097 M.
1572 2065 1685 2097 Marc-

979 2112 1096 2142 landus
1120 2124 1151 2153 p.
1166 2124 1195 2143 c.
1211 2111 1372 2153 expungit
1392 2113 1470 2142 ceris
1486 2115 1519 2141 et
1535 2109 1569 2140 τὸ
1583 2114 1684 2151 atque

978 2156 1104 2197 accipit
1121 2167 1180 2197 pro
1194 2158 1314 2188 statim.
1364 2153 1511 2196 Respice
1535 2154 1576 2185 ad
1596 2153 1635 2184 C.
1656 2155 1684 2192 l,

975 2203 1028 2231 42.

1027 2246 1256 2286 Pvimiyzv'lum.
1303 2242 1359 2275 Sic
1375 2241 1510 2284 quidem
1527 2241 1685 2282 codices3

980 2290 1037 2320 sed
1091 2289 1222 2320 malunt
1269 2286 1459 2324 Manutius,
1507 2285 1688 2325 cellarius,

980 2333 1150 2365 (llarkius.
1163 2335 1312 2374 primum
1327 2332 1448 2373 pilum,
1462 2329 1541 2371 quia
1555 2331 1688 2372 primus

978 2380 1066 2419 pilu-s·
1082 2383 1132 2408 est
1150 2377 1277 2418 primus
1291 2376 1385 2413 ordo,
1400 2375 1442 2405 ad
1456 2384 1556 2415 quem
1573 2373 1687 2406 Scaeva

981 2421 1025 2453 ab
1041 2427 1164 2452 octavo
1187 2426 1361 2462 promotus
1381 2425 1449 2458 θεῖς
1476 2418 1689 2459 pn'me'pilum

982 2476 1060 2496 vero
1089 2465 1133 2502 (si
1158 2465 1260 2496 modo
1284 2464 1425 2495 verbnm
1453 2462 1518 2494 hoc
1541 2461 1686 2503 probum

982 2516 1050 2540 est:
1074 2508 1142 2540 vid.
1168 2509 1238 2539 lnd.
1262 2508 1295 2539 in
1320 2509 1427 2549 pilus)
1455 2511 1505 2537 est
1527 2504 1688 2537 Centurio

983 2553 1057 2594 ipse
1082 2552 1181 2594 primi
1209 2552 1283 2594 pili.
1311 2553 1361 2583 M.
1408 2550 1545 2591 Absque
1559 2548 1690 2588 codice,

981 2608 1084 2638 quem
1102 2597 1278 2628 Manutius
1294 2595 1452 2637 inspexit.
1466 2594 1494 2626 si
1511 2593 1608 2631 foret,
1623 2603 1689 2625 non

984 2642 1142 2672 auderem
1173 2640 1266 2681 sequi
1296 2639 1500 2674 Cellarium;
1537 2638 1593 2669 sed
1623 2637 1688 2668 ista

984 2686 1184 2716 auctoritate
1199 2685 1292 2715 salva
1306 2695 1359 2715 res
1376 2689 1436 2715 est.
1480 2682 1580 2713 Cous.
1595 2680 1688 2722 Lips.

985 2729 1090 2760 milit.
1117 2729 1217 2760 Rom.
1243 2732 1274 2766 ¹2,
1299 2730 1330 2760 8.
1362 2734 1394 2759 et
1416 2727 1556 2759 Manut:
1575 2724 1689 2763 Quaes.

987 2784 1044 2814 per
1059 2773 1157 2813 epist.
1172 2777 1205 2807 2.
1222 2776 1252 2804 3.

1034 2819 1222 2859 Speciariis.
1282 2817 1368 2848 Cum
1401 2816 1434 2848 in
1460 2816 1535 2857 jure
1561 2813 1690 2846 vinum.

988 2863 1113 2895 oleum.
1127 2861 1274 2893 triticum
1291 2867 1325 2891 et
1337 2860 1419 2899 alia,
1433 2859 1562 2902 species
1575 2857 1691 2888 dican-

988 2912 1060 2937 tur:
1101 2911 1269 2947 putarunt.
1298 2916 1371 2936 esse
1397 2904 1559 2946 sper-faria
1589 2901 1689 2936 (Iona.
