1946 3261
255 213 347 257 310
724 210 808 251 DE
841 208 1041 250 BELLO
1076 206 1285 249 CIVILI.

269 335 563 383 aestimatione,
587 333 809 391 pecuniam
831 347 911 390 pro
934 332 982 374 iis
1004 332 1132 375 rebus
1154 331 1363 374 dissolvit.
1434 331 1736 386 Quascumque

271 402 421 454 postea
439 392 749 434 controversias
769 391 882 433 inter
903 408 944 433 se
967 391 1122 434 milites
1144 389 1390 437 habuerint,
1415 404 1491 430 sua
1510 395 1662 445 sponte
1683 387 1739 429 ud

272 453 482 496 Caesarem
517 450 560 492 in
586 449 657 506 jus
685 449 899 492 adierunt.
964 448 1158 491 Petreius
1189 458 1320 504 atque
1355 446 1574 495 Afranius,
1606 460 1740 501 quum

269 507 527 566 stipendium
562 509 618 551 ab
655 507 894 566 legionibus
920 523 1039 566 paene
1074 507 1279 549 seditione
1311 506 1427 549 facta
1454 504 1740 562 flagitaretur,

272 567 393 624 cujus
421 566 486 608 illi
517 565 630 609 diem
662 566 850 609 nondum
884 566 1042 608 venisse
1076 565 1284 613 dicerent,
1315 565 1458 608 Caesar
1485 572 1535 604 ut
1568 576 1743 619 cognos-

275 632 408 673 ceret,
429 624 680 682 postulant3
719 641 855 681 eoque
878 624 1068 680 utrique,
1101 624 1216 680 quod
1243 623 1411 672 statuit,
1442 620 1633 664 contenti
1653 619 1747 661 fue-

274 690 390 727 runt.
454 683 584 725 Parte
615 683 784 725 circiter
815 684 944 725 tertia
973 682 1184 724 exercitus
1204 697 1252 723 eo
1277 681 1411 724 biduo
1434 679 1618 728 dimissa,
1640 677 1747 719 duas

272 741 461 799 legiones
495 757 590 783 suas
627 740 896 790 antecedere,
937 742 1126 797 reliquas
1162 739 1361 797 subsequi
1397 738 1538 797 ¹jussit,
1576 745 1626 779 ut
1662 750 1747 778 non

274 802 406 857 longo
422 800 534 842 inter
551 815 593 841 se
608 800 750 857 spatio
767 808 907 841 castra
925 801 1115 842 facerent
1131 813 1141 846 ;
1173 799 1298 855 eique
1313 797 1486 856 negotio
1506 796 1560 844 Q.
1576 794 1748 837 Fufium

282 858 491 901 Calenum
529 857 744 915 Legatum
771 858 963 915 praeficit.
1030 858 1128 901 Hoc
1155 857 1243 914 ejus
1276 855 1530 914 praescripto
1564 869 1617 895 ex
1651 852 1751 895 His-

281 916 411 975 pania
431 916 484 958 ad
507 916 671 958 Varum
692 916 849 959 flumen
870 926 933 960 est
953 917 1036 960 iter
1055 916 1217 958 factum
1239 925 1371 972 atque
1392 914 1452 956 ibi
1468 912 1638 970 reliqua
1655 925 1753 969 pars

280 974 493 1018 exercitus
513 974 696 1017 dimissa.

328 1095 493 1126 Dissolvit.
539 1094 587 1125 Ita
609 1093 696 1126 Scal.
724 1105 742 1125 e
769 1093 865 1125 bonis
881 1095 979 1126 codd.
1049 1101 1176 1134 rentur,
1201 1100 1235 1125 ut
1251 1095 1295 1125 sit
1309 1093 1508 1135 stipendium
1531 1101 1640 1123 accus.
1665 1098 1757 1125 casu,

284 1138 396 1175 Vulgo
410 1139 511 1169 Solvit·
1050 1140 1139 1180 quod
1163 1137 1364 1180 elegantius,
1387 1137 1443 1168 sed
1465 1140 1579 1168 contra
1602 1134 1700 1165 codd.
1724 1137 1758 1164 et

334 1182 534 1213 Habuerint.
589 1180 667 1222 Log.
699 1181 893 1214 habuerunt.
940 1182 989 1213 M.
1054 1183 1126 1213 edd.
1144 1189 1207 1213 vet.

291 1225 406 1257 Davis.
424 1225 623 1255 habuerant.
1102 1228 1140 1261 Q.
1162 1228 1295 1266 Fufium
1317 1226 1389 1257 Cal.
1433 1222 1507 1254 Cic.
1525 1221 1652 1262 Philip.
1677 1223 1709 1257 8,
1725 1220 1757 1249 4.

334 1270 378 1300 In
397 1271 457 1308 jus
487 1267 656 1300 adierunt.
702 1269 757 1301 Sic
788 1270 940 1307 Vossius,
972 1280 990 1300 e
1061 1272 1110 1303 10.
1125 1274 1157 1300 2.
1187 1271 1235 1307 11,
1252 1272 1282 1300 6.
1313 1271 1361 1305 12,
1376 1271 1406 1298 2.
1439 1268 1611 1298 Cellarias.
1647 1263 1696 1294 De
1709 1273 1759 1294 re-

286 1312 479 1353 conjectura
511 1310 590 1341 Jani
620 1311 794 1344 Guilielmi
836 1315 928 1354 (cap.
959 1318 991 1344 2.
1058 1314 1134 1349 bus,
1149 1313 1312 1344 hactenus
1328 1312 1359 1342 in
1373 1310 1537 1351 Hispania
1551 1307 1665 1350 gestis,
1679 1317 1761 1348 pau-

288 1353 523 1392 Quaestionum
543 1353 575 1385 in
587 1355 795 1387 Aululariam
809 1356 843 1387 in
858 1357 990 1387 Gruter.
1059 1356 1197 1388 cissima
1227 1357 1377 1397 leguntur
1404 1355 1436 1385 in
1460 1352 1629 1384 Plutarch.
1674 1351 1760 1382 Caes.

288 1399 394 1438 lamp.
409 1403 432 1427 t.
450 1399 481 1444 3ἰ
506 1408 540 1437 p.
559 1400 650 1437 344.)
677 1399 832 1438 restituit,
856 1411 930 1431 cum
957 1401 990 1431 in
1058 1411 1133 1441 cap.
1153 1402 1210 1431 36:
1235 1400 1335 1441 paulo
1354 1399 1449 1439 plura
1464 1398 1495 1428 in
1513 1395 1660 1438 Appian.
1683 1394 1762 1426 Civ.

292 1440 501 1488 MSS-bonis
518 1441 681 1482 legeretur
701 1446 788 1476 imm
811 1444 993 1481 adimunt,-
1062 1449 1092 1474 2.
1111 1455 1143 1485 p.
1161 1445 1235 1474 453.
1247 1447 1322 1475 454.
1347 1442 1531 1480 Diligenter
1543 1438 1683 1472 narravit
1694 1438 1761 1471 Dio

281 1485 325 1515 'in
340 1484 419 1516 alhs
433 1483 535 1526 paulo
548 1484 690 1519 minoris
703 1486 995 1528 pretii,intro‹ln.1·-
1061 1488 1155 1520 Cass.
1172 1490 1224 1525 41,
1242 1488 1382 1518 20-24.
1406 1485 1492 1518 Addi
1511 1490 1621 1526 potest
1635 1481 1764 1516 Lucani

291 1534 387 1560 erunt
402 1540 415 1565 ,·
439 1528 474 1559 in
491 1537 570 1567 uno,
586 1540 693 1572 eoque
710 1532 855 1572 optimo.
873 1534 996 1571 justius·
1064 1532 1213 1563 pharsal.
1233 1535 1263 1567 4,
1285 1532 1420 1562 1—401.
1447 1530 1495 1560 Μ.

293 1573 459 1603 adierunt.
483 1572 533 1603 Μ.
573 1573 647 1606 Cic.
662 1575 755 1606 Verr.
772 1578 803 1608 4.
821 1577 875 1605 65.
913 1577 997 1606 Cum
1110 1577 1262 1615 Praficit.
1296 1575 1405 1615 Vulgo
1420 1573 1576 1615 praefecit.
1600 1571 1665 1603 Sed
1679 1570 1764 1604 istud

293 1617 340 1648 ad
359 1616 544 1648 Praetorem
558 1617 593 1647 νή,
605 1621 657 1657 jus
673 1620 866 1649 adissemus.
1067 1619 1146 1650 boni
1161 1619 1257 1650 codd.

339 1660 583 1700 Flasll'la7·elu⁷··
622 1661 741 1694 Clarke
758 1661 998 1704 dedit-sluffse'la-
1116 1665 1276 1695 Dimissa.
1324 1662 1434 1702 Vulgo
1451 1661 1575 1692 addunt
1590 1663 1646 1690 est.
