1946 3261
276 219 359 262 596
726 212 778 255 C.
810 209 976 255 JULII
1012 208 1294 254 CAESARIS

286 340 467 388 Senatui
507 337 679 398 roganti
713 336 766 380 de
806 337 1035 388 Marcello,
1075 352 1127 380 ne
1157 337 1179 360 ³¹⁵
1203 335 1383 379 hominis
1410 333 1585 393 quidem
1621 349 1765 378 caussa

284 395 711 460 negaturum—Cic.
736 397 793 439 ad
811 396 971 440 Fama.
994 396 1038 446 4,
1061 395 1104 438 4.
1129 396 1185 438 ad
1201 395 1293 438 Ser.
1318 393 1578 452 Sulpicium.

344 504 571 550 Demetrio
596 505 741 564 Megae
773 503 925 547 Siculo
949 503 1181 547 Dolabella
1199 513 1359 561 rogatu
1384 519 1478 546 meo
1505 503 1725 546 civitatem
1746 518 1773 546 a

288 567 460 609 Caesare
481 564 761 623 impetravit:
794 579 883 620 qua
903 563 944 605 in
966 579 1012 605 re
1043 579 1124 621 ego
1153 563 1344 606 interfui.
1407 563 1563 619 Itaque
1586 577 1697 605 nunc
1721 561 1770 604 P.

290 622 520 668 Cornelius
557 630 757 666 vocatur.
836 621 1070 679 Quumque
1111 631 1291 680 propter
1332 621 1539 681 quosdam
1577 619 1775 664 sordidos

287 683 494 732 homines,
527 681 603 740 qui
627 680 805 724 Caesaris
841 678 1051 723 beneficia
1084 680 1348 732 vendebant,
1377 680 1588 731 tabulam,
1623 680 1667 722 in
1687 694 1776 738 qua

289 741 462 786 nomina
493 740 668 784 civitate
705 739 966 782 donatorum
1004 739 1135 782 incisa
1172 749 1325 789 essent,
1368 739 1519 782 revelli
1559 739 1773 782 'ussissetz

287 799 426 844 eidem
455 799 712 850 Dolabellae,
745 814 813 841 me
846 797 1064 850 audiente,
1102 799 1244 841 Caesar
1272 798 1409 841 dixit:
1463 804 1490 823 “
1518 754 1643 840 Nihil
1668 813 1776 845 esse,

292 866 324 886 “
346 858 466 917 quod
485 857 540 901 de
566 857 701 916 Mega
722 866 969 904 vereretu1·;
999 856 1255 899 beneficium
1275 873 1400 900 suum
1421 856 1463 899 in
1485 871 1536 899 eo
1555 858 1775 900 manere.”

295 916 444 962 —Cz‘c.
467 917 525 961 ad
544 914 667 960 Fam.
697 916 765 966 13,
786 915 859 959 36.
883 916 940 958 ad
961 914 1170 958 Acilium.

691 1040 776 1083 DE
810 1040 861 1083 C.
896 1039 1084 1083 JULIO
1119 1038 1397 1083 CAESARE.

297 1137 394 1179 Snn
436 1142 596 1183 tamen,
638 1133 793 1181 Brute,
831 1130 974 1189 inquit
1007 1131 1197 1181 Atticus,
1230 1131 1284 1173 de
1318 1131 1487 1174 Caesare
1515 1140 1558 1174 et
1590 1131 1681 1189 ipse
1723 1130 1785 1173 ita

292 1195 456 1253 judicO,
477 1201 522 1235 et
542 1192 596 1234 de
617 1190 697 1236 hoc
718 1190 846 1249 hujus
867 1190 1035 1247 generis
1055 1191 1262 1233 acerrimo
1282 1191 1539 1232 aestimatore
1558 1189 1785 1247 saepissime

295 1253 442 1303 audio,
471 1251 596 1294 illum
625 1250 817 1294 omnium
846 1249 936 1291 fere
966 1259 1188 1291 oratorum
1219 1249 1373 1291 Latine
1405 1249 1524 1306 loqui
1558 1247 1785 1306 elegantis-

295 1313 416 1361 sime,
448 1326 526 1353 nec
559 1309 601 1352 id
635 1309 774 1352 solum
809 1308 1042 1350 domestica
1080 1307 1409 1361 consuetudine,
1447 1317 1497 1349 ut
1531 1306 1698 1350 dudum
1733 1306 1787 1349 de

299 1370 533 1414 Laeliorum
563 1377 607 1411 et
633 1367 880 1410 Muciorum
906 1367 1075 1409 familiis
1093 1366 1388 1417 audiebamus,
1411 1366 1500 1415 sed,
1523 1381 1786 1424 quamquam

300 1429 345 1472 id
381 1445 468 1487 quo
503 1444 556 1470 ue
588 1426 716 1470 credo
747 1425 890 1474 fuisso,
929 1435 1069 1468 tamon
1108 1434 1153 1467 111
1194 1435 1303 1467 esset
1335 1426 1531 1484 perfecta
1572 1424 1644 1467 illa
1682 1424 1789 1467 bene

298 1488 461 1546 loquen
498 1487 509 1529 i
540 1487 648 1535 laus,
680 1485 827 1527 multis
855 1484 1026 1533 litteris,
1056 1493 1097 1526 et
1125 1484 1171 1525 iis
1189 1483 1364 1541 quidem
1394 1483 1625 1527 reconditis
1652 1492 1699 1526 et
1719 1498 1789 1525 ex-

301 1546 596 1606 quisitis—est
613 1553 880 1594 consecutus,
903 1544 1123 1586 ctu—laic
1147 1542 1233 1585 (fise.
1259 1543 1301 1583 in
1331 1543 1483 1590 Bruto,
1506 1557 1539 1585 c.
1563 1542 1633 1585 72.

363 1656 453 1700 Sed
477 1670 628 1715 perge,
662 1653 889 1712 Pomponi,
926 1653 980 1694 de
1021 1654 1205 1702 cassat-o,
1239 1662 1283 1695 et
1313 1652 1445 1695 redde
1484 1669 1584 1711 quae
1617 1659 1796 1694 restant·

304 1716 459 1760 Solum
478 1712 672 1773 quidem,
698 1713 838 1770 inquit
856 1712 945 1759 ille,
965 1721 1009 1753 et
1026 1713 1146 1768 quasi
1166 1713 1490 1754 fundamentum
1508 1712 1691 1754 oratoris
1710 1718 1795 1751 etc.

309 1777 450 1819 Caesar
478 1782 624 1816 autem
654 1772 865 1814 rationem
897 1770 1119 1818 adhibens,
1157 1770 1508 1812 csmsuetudinem
1525 1770 1720 1812 vitiosam
1752 1777 1799 1810 et

306 1842 566 1891 com-uptam
592 1847 702 1889 pura
723 1838 768 1871 et
790 1829 1045 1886 inconrupta
1067 1829 1374 1871 consuetudine
1396 1827 1610 1870 emendat.
1648 1829 1795 1886 itaque

311 1908 450 1951 quum
461 1891 516 1934 ad
537 1888 923 1945 hanoelegantiam
949 1887 1184 1929 verborum
1206 1887 1477 1935 Latinorum,
1501 1903 1613 1943 quze,
1635 1887 1799 1930 etiamsi

310 1960 462 1995 orator
499 1964 583 1992 11011
612 1948 680 1999 sis,
714 1956 757 1989 et
786 1947 841 1988 sis
864 1946 1073 2004 ingennus
1105 1946 1209 1987 civis
1233 1946 1465 1989 Rmnanus.
1500 1954 1640 1988 tamen
1660 1961 1798 1989 neces·

313 2010 427 2053 saria
448 2016 530 2057 est,
553 2005 752 2065 adjungit
771 2005 847 2047 illa
869 2004 1057 2047 oratoria
1073 2014 1324 2046 ornamenta
1342 2004 1534 2046 dicendi:
1571 2013 1664 2047 tum
1684 2004 1802 2047 vide-

315 2077 390 2111 tur
413 2064 631 2124 tamquam
656 2063 826 2106 tabulas
853 2064 960 2106 benc
992 2062 1126 2120 pictas
1156 2063 1381 2105 conlocare
1414 2062 1455 2105 in
1481 2063 1593 2106 bono
1614 2062 1801 2111 lumine:

315 2126 425 2169 hanc
446 2141 581 2183 quum
612 2123 771 2165 habeat
801 2122 1061 2180 praecipuam
1096 2122 1265 2164 landem
1301 2123 1339 2164 in
1374 2122 1685 2173 communibus,
1716 2138 1802 2166 non

319 2185 463 2235 video,
499 2182 568 2224 cui
596 2182 752 2224 debeat
781 2180 956 2222 codex-e:
991 2180 1254 2237 splendidam
1284 2180 1517 2237 quamdam
1547 2181 1806 2239 minimeque

321 2241 631 2288 veteratoriam
675 2239 885 2282 rationem
924 2238 1094 2281 dicendi
1139 2248 1271 2287 tonet,
1319 2255 1438 2289 voco,
1480 2249 1618 2290 motu,
1666 2239 1805 2282 forma

324 2303 458 2346 etiam
484 2297 727 2357 magnifica,
764 2307 809 2339 et
842 2313 1047 2355 generosa
1074 2297 1408 2355 quodammodo.
1472 2298 1583 2341 Tum
1615 2297 1802 2342 Brutus:

328 2360 564 2404 Orationes
595 2356 771 2415 quidem
803 2357 894 2414 ojus
921 2365 1002 2398 etc.
1024 2366 1158 2414 atque
1186 2357 1314 2399 otiam
1335 2358 1662 2400 cmnmentarios
1681 2372 1808 2415 quos-

326 2421 426 2464 dam
441 2415 612 2475 scripsit
630 2430 773 2458 rerum
792 2431 964 2458 suarum
983 2415 1109 2457 valde
1125 2415 1315 2472 quidem.
1337 2415 1526 2473 inquam,
1544 2415 1806 2473 probandos:

329 2477 435 2522 nudi
452 2476 564 2519 enim
583 2483 698 2524 sunt,
720 2474 845 2523 recti,
876 2483 917 2516 et
943 2474 1128 2521 venusti,
1151 2475 1265 2516 omni
1289 2485 1445 2516 ornatu
1477 2474 1682 2517 orationis
1701 2483 1807 2516 tam-

329 2551 461 2595 quam
494 2542 610 2577 veste
637 2532 850 2575 detracta.
887 2533 976 2580 sed,
1009 2533 1113 2575 dum
1142 2532 1284 2574 voluit
1318 2533 1423 2575 alios
1455 2532 1613 2575 habere
1643 2541 1809 2591 parata,

331 2595 449 2638 unde
481 2599 713 2639 sumerent,
750 2591 824 2647 qui
860 2591 1021 2633 vellent.
1053 2591 1238 2634 scribere
1271 2591 1508 2640 historiam,
1530 2593 1686 2649 ineptis
1710 2607 1809 2649 gra-

332 2663 428 2697 tum
465 2652 643 2695 fortasse
676 2649 794 2698 fecit,
831 2650 906 2707 qui
926 2651 1078 2692 volunt
1100 2651 1173 2692 illa
1192 2650 1444 2692 calamistris
1473 2651 1661 2698 inurere,
1686 2659 1814 2692 'sanos

368 2711 512 2754 uidem
551 2708 744 2752 homines
785 2724 810 2751 a
854 2708 1078 2752 scribendo
1112 2709 1340 2757 deterruit,
1379 2709 1598 2752 eta—Ex
1632 2707 1724 2751 Cic.
1762 2709 1808 2751 in

381 2777 492 2820 rato,
517 2784 553 2811 c.
576 2768 649 2818 74,
671 2782 736 2824 sq.

1915 1861 1940 1956 2⁸6„

470 2863 492 2886 *
519 2863 583 2892 Sic.
623 2860 784 2891 Victorius
807 2857 919 2892 edulii.
942 2866 1085 2901 Pumqnc
1106 2864 1230 2892 secutus
1260 2858 1453 2896 Lambinus,
1482 2860 1537 2890 cni
1559 2863 1671 2890 tumen
1696 2861 1818 2891 ominis

384 2906 561 2948 emendum
579 2904 722 2939 ridetur.
746 2905 854 2945 ipsum
872 2902 955 2935 ride.
