1946 3261
636 236 756 283 LIB.
788 237 846 282 V.
910 236 1049 282 CAP.
1077 232 1271 282 41—43'.

1623 236 1703 281 123

218 369 321 420 Qua
338 367 517 428 quidem
536 382 592 411 ex
609 382 658 410 re
676 366 897 410 hominum
922 365 1162 409 multitudo
1181 365 1380 434 cognosci
1401 364 1568 434 potuit:
1600 379 1700 408 nam

214 429 356 472 minus
376 427 491 470 horis
512 427 656 470 tribus
674 426 841 470 milium
861 425 1041 469 decem
1030 440 1074 467 m
1096 426 1281 468 circuitu
1299 425 1581 469 munitionem
1601 440 1700 484 per-

218 488 439 531 fecerunt:

486 486 752 544 reliquisque
791 486 945 528 diebus
984 491 1128 526 turres
1168 484 1225 526 ad
1263 485 1538 527 altitudinem
1577 484 1700 534 valli,

217 547 346 590 falces
367 545 706 603 testudinesque,
735 561 842 604 quas
862 544 992 587 iidem
1012 542 1178 602 captivi
1199 542 1453 594 docuerant,
1477 559 1632 603 parare
1651 560 1702 588 ac

217 605 360 648 facere
379 612 622 662 coeperunt.

275 664 348 706 43.
384 663 584 721 Septimo
605 661 942 721 obpugnationis
960 662 1048 712 die,
1070 660 1256 705 maximo
1277 667 1427 704 coorto
1447 670 1595 712 vento,
1619 662 1703 705 fer-

214 730 366 767 ventes
385 722 502 764 fusili
534 737 588 765 ex
613 722 772 780 argilla
804 722 981 781 glandes
1001 721 1146 798 fundis
1177 729 1223 764 et
1244 720 1482 764 fervefacta
1497 721 1670 780 jacula'
1659 737 1704 765 111

216 858 308 890 vult:
332 858 488 889 manibus
502 858 712 900 traqulisque
723 858 810 897 (sive
822 857 929 901 jaculi

217 903 367 944 quodam
377 912 510 943 genere,
521 912 554 933 v.
562 903 651 942 lnd.)
660 904 852 941 exhaurire,
869 903 891 934 i.
899 914 930 934 e.

218 947 383 985 effodere,
405 946 604 988 confertque
622 957 665 978 ex
681 948 801 979 Horat.
820 948 931 990 Epod.

221 995 253 1032 5,
272 993 326 1022 30.
347 995 474 1023 terram
495 991 663 1033 liqnnibus
681 993 873 1031 exhaurire,
897 997 931 1023 et

219 1035 348 1066 Lucan.
374 1037 406 1074 4,
429 1037 508 1074 294,
536 1035 660 1077 ῃῐαιίἰίε
675 1035 793 1077 fodere>
813 1038 932 1069 solum.

218 1079 423 1121 Conjectura
459 1085 510 1111 ωε
540 1079 639 1111 valde
670 1080 842 1121 speciosa.
881 1081 933 1112 M.

191 1158 194 1160 ,
220 1123 303 1156 Scil.
323 1123 410 1155 inter
424 1123 519 1155 varia
535 1125 678 1156 telorum
693 1130 729 1156 et
739 1125 932 1166 jaculorum

221 1178 344 1210 genera
359 1168 492 1200 Gellius
513 1170 563 1207 10,
577 1171 631 1199 25.
648 1175 797 1200 recenset
813 1175 846 1200 et
862 1175 934 1201 tru-

219 1213 334 1255 φιίαε,
356 1218 390 1244 et
406 1218 522 1244 noster
538 1213 677 1254 passim,
698 1224 730 1244 v.
747 1214 818 1245 lnd.
867 1213 935 1244 Vix

222 1255 310 1288 mihi
332 1263 498 1298 tempero,
519 1257 602 1298 quin
624 1264 741 1289 nostro
767 1258 833 1291 hoc
853 1259 933 1290 loco

223 1310 388 1342 reponam
405 1303 627 1344 trayulisque.

270 1345 411 1376 Milium
429 1346 540 1377 decem
565 1357 612 1377 sc.
637 1357 817 1387 passuum:
841 1347 935 1388 quod

225 1388 369 1420 verbum
385 1389 489 1430 vulgo
514 1390 661 1421 additur.
705 1390 770 1421 Sed
796 1390 935 1421 omnino

225 1443 296 1465 non
312 1438 363 1464 est
383 1440 474 1465 cena
491 1433 592 1475 hujus
616 1432 684 1465 loci
700 1433 804 1466 lectio
828 1434 861 1465 in
876 1436 937 1466 de-

226 1477 373 1509 finienda
403 1488 575 1509 mensura:
613 1479 700 1509 adeo
730 1478 938 1512 dissentiunt

226 1521 540 1560 codices‚Orosius,
547 1527 580 1553 et
591 1522 873 1563 metaphrastes(
877 1534 938 1554 rae-

226 1576 302 1597 cus:
325 1565 406 1608 quia
423 1577 504 1597 vero
523 1566 610 1597 nihil
635 1566 794 1597 constitui
813 1572 938 1608 potest,

226 1608 322 1641 nolui
347 1609 430 1640 istas
450 1610 632 1641 varietates
654 1620 776 1641 enum«
778 1621 862 1642 rare
887 1612 939 1642 M.

225 1652 380 1693 Scilicet,
392 1654 496 1696 vulgo
510 1659 559 1685 est
575 1655 705 1686 mallum
718 1655 844 1696 pedum
859 1656 890 1686 A
901 1656 938 1686 Ι.

228 1696 368 1730 Plenius
405 1704 438 1729 et
478 1698 589 1729 forsan
625 1697 738 1729 verius
777 1698 844 1729 int(
848 1709 939 1740 ipses

225 1743 382 1773 Graecus.
416 1744 453 1774 in
477 1744 617 1774 co'rcur'm
644 1743 710 1774 LX
716 1743 786 1774 AA
815 1744 938 1780 stadia,

226 1787 407 1820 altitwli‘ne
434 1797 509 1819 tero
541 1787 573 1818 X
584 1787 612 1817 V
635 1787 747 1828 pedes.
793 1786 939 1819 Orosius

226 1831 292 1863 ita:
315 1833 373 1862 vix
385 1831 491 1863 tribus
506 1832 594 1863 horis
608 1833 738 1863 vallum
750 1832 875 1872 pedum
893 1833 940 1871 Χ,

219 1875 346 1918 fossam
356 1875 482 1917 pedum
502 1876 535 1906 X
544 1876 572 1905 V
587 1886 651 1917 per
665 1877 759 1907 milia
774 1886 939 1917 passuum

231 1921 265 1952 X
273 1920 301 1951 V
313 1922 351 1951 in
366 1921 505 1952 cir-mitit
521 1919 741 1962 perfecmcnt.

274 1964 326 1996 Ad
368 1964 500 1996 αἰτῆται.
543 1973 711 2005 congruas
753 1962 939 2002 altitudini,

229 2013 403 2048 aequantes
432 2007 659 2040 altitudinem.
705 2008 756 2039 De
792 2008 939 2040 falcibus

230 2062 261 2082 v.
276 2051 350 2083 Ind.
374 2053 422 2084 M.

279 2097 376 2128 Ferv.
391 2097 492 2145 fictili
512 2101 633 2138 etary.
648 2097 802 2140 ylamles.
849 2095 940 2136 Quia

230 2139 319 2171 nihil
342 2140 490 2182 reperire
514 2142 623 2182 potui,
651 2152 721 2183 quo
744 2142 941 2183 adqiiiesce-

229 2194 315 2223 rem,
339 2191 373 2217 et
394 2185 486 2226 quod
509 2196 589 2216 cum
609 2184 733 2226 linguae
756 2193 940 2217 consuetu-

231 2227 318 2267 dini,
327 2235 399 2260 tum
411 2235 534 2261 natulae
549 2228 595 2260 rei
606 2237 940 2272 congrueret‚quam-

227 2283 335 2314 quam
346 2274 473 2305 multos
484 2275 566 2305 artis
576 2274 704 2315 peritos
716 2274 919 2316 interrogavi
932 2287 939 2305 :

227 2317 411 2359 adscripsi,
437 2318 603 2359 quidquid
634 2318 773 2359 collegi,
802 2325 839 2350 ut
869 2319 939 2350 lec-

232 2361 365 2394 toribus
397 2362 481 2404 ipsis
510 2369 599 2394 esset
629 2363 740 2404 optio.
798 2363 941 2395 Orosius

213 2413 215 2415 ’
232 2415 313 2446 ergo
330 2406 379 2445 (6,
398 2407 452 2446 10)
467 2406 572 2438 dicit:
607 2407 872 2449 Nervios-randis
887 2409 939 2439 in-

230 2451 358 2481 torsisse
371 2451 646 2492 testas-ferventes,
657 2452 812 2493 adeoque
825 2453 939 2483 locum

233 2493 282 2524 sic
300 2493 481 2534 intellexit,
499 2501 535 2526 ut
546 2496 642 2537 glans
655 2506 696 2527 ex
709 2496 830 2538 argilla
846 2496 938 2528 fusili

229 2543 321 2569 esset
333 2542 432 2570 testa.
478 2539 513 2570 ln
537 2550 607 2581 quo
633 2540 746 2581 primo
772 2541 939 2572 faventem

232 2581 301 2613 sibi
317 2582 419 2614 habet
434 2594 533 2615 usum
547 2584 726 2626 loquendi;
751 2595 827 2616 nam
841 2585 941 2626 quid-

230 2626 313 2668 quid
329 2626 433 2658 funda
445 2627 606 2666 mittitur,
628 2627 662 2659 id
677 2629 773 2670 glans
787 2630 940 2670 adpella-

231 2675 297 2709 tur,
318 2670 384 2702 etsi
407 2681 475 2702 non
499 2677 551 2702 est
570 2672 731 2713 globulus
753 2680 810 2704 aut
832 2673 938 2715 lapis:

230 2714 354 2746 demde
367 2721 489 2747 natura
503 2715 552 2747 rei
568 2717 648 2756 ἴθι-ῖς
669 2727 749 2748 nam
765 2728 824 2749 vas
838 2717 941 2759 argil-

231 2758 364 2791 laceum
395 2765 508 2801 potest
535 2740 729 2799 cande'fieri,
755 2761 807 2792 uti
831 2762 942 2794 solent

231 2814 312 2835 vasa
341 2803 574 2836 chemicorum
602 2804 784 2846 concipere
810 2811 940 2838 tantam

234 2847 411 2889 ignearum
442 2848 685 2890 particularum
722 2849 874 2891 copiam,
904 2857 940 2883 ut

229 2894 398 2925 candeant
413 2892 492 2924 ferri
509 2904 601 2924 more
614 2905 622 2924 ε
645 2893 743 2924 tertio
758 2894 890 2936 argilla,
903 2895 939 2926 in

233 2936 323 2969 vasis
357 2938 500 2970 formam
537 2938 627 2977 ficta,
663 2940 856 2971 necessario
891 2945 941 2971 est

232 2981 376 3014 fusili„
413 2983 448 3014 In
481 2982 544 3014 hac
572 2989 688 3014 tamen
715 2983 942 3025 explicatione

235 3025 400 3060 Orosiana
427 3026 511 3061 illud
535 3026 622 3061 mihi
646 3026 785 3071 quidem
807 3039 941 3072 semper

995 2542 1072 2574 ·h.l.
1087 2543 1248 2575 candens.

994 856 1176 890 offensioni
1199 857 1276 897 fuit,
1300 857 1484 896 Caesarem,
1509 854 1607 888 unice
1630 867 1706 898 per-

996 903 1153 943 spicuam
1169 902 1382 944 scriptorem,
1397 903 1462 934 hoc
1476 901 1553 933 loco
1569 899 1616 932 rei
1630 911 1706 942 per-

996 947 1126 988 spicuae
1164 947 1392 988 descriptione
1436 945 1520 978 satis
1562 945 1707 977 obscura

997 1002 1097 1024 usum
1119 1002 1204 1022 esse.
1250 991 1389 1034 lipsius
1413 990 1578 1030 (Poliorc.
1603 994 1634 1028 5,
1658 990 1706 1031 2),

997 1036 1166 1078 probante
1196 1036 1238 1067 ad
1268 1036 1303 1068 h.
1322 1036 1346 1067 1.
1372 1035 1524 1073 Βηιῃῑίο,
1548 1034 1708 1075 intelligit

997 1092 1079 1112 vasa
1106 1079 1301 1122 argsslacea,
1326 1079 1467 1112 ferventi
1492 1078 1629 1110 materia
1655 1089 1708 1110 re-

1000 1126 1103 1167 pleta,
1117 1135 1224 1166 eaque
1235 1124 1402 1156 abusione
1409 1124 1557 1166 quadam
1568 1123 1708 1165 glandes

999 1169 1068 1201 dici
1090 1175 1214 1201 censet.
1261 1170 1313 1201 Ex
1330 1170 1394 1201 hac
1416 1180 1495 1209 ergo
1512 1167 1642 1200 ratione
1660 1167 1708 1201 vi-

1000 1215 1118 1245 dentur
1128 1213 1246 1246 Nervii
1256 1224 1314 1245 vas
1326 1213 1559 1255 argillaceum,
1572 1212 1708 1254 plenum

999 1258 1142 1290 materia
1157 1258 1312 1297 ferventi,
1329 1257 1533 1300 imposuisse
1547 1257 1657 1288 sundae
1673 1264 1709 1288 et

999 1314 1067 1345 ope
1079 1304 1192 1335 fundae
1202 1302 1325 1344 jecisse
1338 1303 1514 1335 materiam
1526 1302 1708 1334 ferventem

1000 1348 1171 1390 (glandem
1207 1348 1407 1387 ferventem)
1444 1357 1486 1378 ex
1523 1345 1708 1388 argillaceo

1000 1402 1080 1422 vase
1106 1392 1162 1428 (ex
1189 1391 1309 1432 argilla
1334 1390 1441 1429 fusili,
1466 1391 1537 1422 fusa
1561 1390 1595 1421 in
1621 1390 1710 1421 vasis

1003 1436 1176 1474 formam).
1221 1437 1333 1476 Atque
1347 1435 1419 1467 haec
1436 1434 1601 1466 sententia
1616 1435 1712 1465 tollit

1002 1479 1155 1521 aliquam
1183 1479 1438 1518 difficultatem3
1471 1489 1550 1510 nam
1580 1478 1608 1510 si
1634 1478 1709 1520 ipsa

1003 1534 1084 1555 vasa
1099 1524 1277 1555 candentia
1293 1522 1536 1564 imposuissent
1552 1521 1617 1571 ipsi
1635 1522 1711 1554 sun-

1004 1569 1055 1599 dae
1071 1567 1248 1605 coriaceae,
1266 1567 1400 1598 corium
1416 1566 1605 1599 necessario
1622 1565 1711 1608 ignis

1003 1611 1036 1643 vi
1050 1611 1265 1642 combustum
1277 1611 1412 1650 fuisset3
1433 1606 1527 1653 quod
1538 1621 1633 1642 secus
1647 1618 1710 1651 est,

1003 1655 1032 1687 si
1051 1655 1193 1686 materia
1209 1655 1350 1694 fervens,
1377 1655 1410 1686 in
1426 1666 1504 1687 vase
1517 1655 1632 1696 aliquo
1649 1655 1710 1687 ab·

1005 1699 1174 1738 scondita,
1198 1699 1308 1731 fundae
1324 1700 1460 1732 demum
1480 1699 1636 1742 imposita
1650 1705 1713 1732 est.

1007 1743 1151 1775 Vossius
1173 1744 1217 1774 ad
1234 1743 1303 1774 l1.l.
1319 1743 1416 1781 dicit,
1435 1744 1466 1775 id
1481 1744 1570 1785 quod
1588 1754 1712 1786 prope-

1005 1790 1145 1820 modum
1169 1787 1283 1819 cuivis
1305 1788 1424 1820 lectori
1451 1788 1594 1830 primum
1610 1788 1712 1820 offer-

1004 1839 1070 1872 tur,
1095 1832 1350 1871 intelligendum
1371 1833 1439 1864 sibi
1461 1833 1565 1866 videri
1579 1833 1711 1875 argillae

1005 1888 1124 1918 genus,
1154 1871 1242 1908 unde
1272 1877 1459 1908 hodienum
1489 1884 1606 1911 statuae
1637 1878 1712 1910 sun-

1006 1923 1142 1953 duntur.
1188 1922 1288 1953 Putat
1309 1931 1403 1961 ergo,
1429 1921 1587 1963 globulos
1608 1921 1714 1963 argil-

1006 1967 1137 2004 laceos,
1165 1976 1207 1997 ex
1239 1962 1363 2007 argilla.
1396 1966 1503 2004 fusos,
1533 1967 1712 1998 candentes

1005 2011 1120 2042 fundis
1147 2010 1271 2041 missos
1294 2021 1367 2041 esse
1388 2010 1618 2064 consentitque
1633 2021 1712 2042 cum

1006 2055 1235 2096 metaphraste
1256 2055 1387 2093 Graeco,
1411 2055 1472 2096 qui
1501 2055 1623 2099 walens
1651 2053 1712 2086 δια-

1004 2099 1118 2153 πόρους,
1143 2100 1171 2137 ἐξ
1187 2098 1338 2142 ἀογίλλης
1354 2111 1386 2129 τε
1388 2099 1534 2139 τηγμένης
1551 2111 1714 2131 κατεσκευ-

1007 2144 1126 2184 αμὲνας,
1155 2129 1260 2174 fuisse
1280 2142 1381 2174 dicit:
1408 2144 1465 2175 vix
1486 2144 1573 2175 enim
1599 2150 1713 2186 potest

1004 2188 1123 2229 argilla
1139 2187 1306 2227 τετηγμένη
1319 2187 1421 2219 aliter
1437 2188 1593 2230 intelligi,
1605 2199 1711 2231 quam

1003 2243 1082 2274 quae
1123 2233 1272 2272 quadam
1317 2238 1388 2264 arte
1433 2232 1479 2264 ita
1524 2233 1711 2266 tractabilis

1004 2275 1150 2315 (fusilis)
1172 2276 1300 2307 reddita
1317 2284 1379 2311 est.
1395 2283 1432 2309 ut
1457 2277 1490 2309 in
1514 2288 1628 2310 omnes
1643 2278 1711 2310 for-

1004 2331 1079 2352 mas
1097 2320 1178 2361 fingi
1203 2320 1324 2362 possit.
1367 2321 1525 2353 Ceterum
1546 2323 1639 2354 nulla
1662 2329 1712 2354 est

1004 2366 1123 2402 harum
1136 2365 1387 2404 sententiarum,
1398 2366 1480 2408 quin
1492 2367 1596 2398 etiam
1605 2367 1711 2399 alicui

1004 2419 1136 2447 eorum,
1165 2410 1254 2442 duos
1284 2409 1498 2452 interrogavi,
1525 2418 1643 2453 sponte
1674 2412 1708 2443 in

1002 2459 1152 2485 mentem
1165 2453 1308 2486 venerit.
1352 2455 1439 2487 Illud
1461 2462 1555 2488 extra
1575 2455 1710 2488 dubita-

1002 2497 1134 2530 tionem
1156 2499 1308 2540 positum
1323 2499 1469 2539 videtur,
1482 2500 1612 2542 servem
1635 2510 1709 2531 esse

1292 2543 1410 2576 Liceat
1427 2555 1560 2586 quoque
1575 2544 1710 2586 conjec-

1004 2593 1099 2619 turas
1111 2589 1154 2618 de
1168 2589 1377 2619 emendando
1395 2589 1497 2620 verbo
1504 2589 1616 2638 fusilis
1630 2587 1710 2637 pro'·

994 2642 1146 2673 ponere,
1159 2642 1202 2663 ne
1217 2632 1300 2674 quid
1315 2632 1433 2664 videar
1447 2632 1710 2675 praetermisisse.

1007 2677 1099 2718 Eigo
1124 2677 1318 2707 maluerunt
1337 2677 1404 2717 leo-i
1431 2678 1483 2708 vel
1502 2679 1624 2717 fictiles,
1654 2680 1710 2711 vell

998 2720 1132 2762 fossilis,
1147 2721 1202 2751 ’iel
1211 2723 1335 2762 fissilis,
1348 2718 1402 2752 vel
1418 2723 1558 2753 mtsxilu.
1594 2722 1707 2755 Hoto-

1007 2773 1152 2796 mannus
1164 2764 1269 2796 etiam
1283 2767 1404 2797 arm'na
1429 2776 1489 2807 pro
1503 2767 1627 2807 arqae'lla
1642 2767 1709 2810 legi

1009 2819 1088 2850 poss
1092 2819 1110 2839 e
1125 2809 1318 2849 suspicatus
1332 2815 1393 2840 est.
1418 2811 1468 2841 M.
1513 2809 1615 2848 Quod
1629 2811 1711 2844 Mo-

1008 2863 1064 2884 rus
1080 2853 1122 2884 ‹le
1139 2852 1241 2883 funda
1259 2860 1386 2892 monet,
1409 2855 1599 2886 necessario
1613 2866 1709 2888 com-

1007 2897 1118 2935 busta,
1135 2896 1162 2928 si
1178 2907 1257 2928 vasa
1274 2897 1306 2928 ei
1320 2898 1518 2930 candentia
1510 2909 1709 2941 inponeren-

1008 2947 1074 2980 tur,
1103 2951 1225 2983 parum
1251 2940 1396 2984 stringit,
1423 2949 1557 2986 poterat
1577 2945 1708 2987 quippe

1007 2985 1147 3018 laminis
1176 2985 1295 3017 ferreis
1323 2988 1447 3020 muniri
1476 2989 1548 3030 ejus
1576 2990 1708 3022 fundus.

1008 3030 1062 3063 Cf.
1076 3035 1146 3064 not.
1161 3030 1204 3063 ad
1220 3031 1251 3070 ⁷,
1268 3033 1322 3063 25.
1365 3032 1512 3067 Glandes
1531 3043 1551 3066 e
1566 3035 1710 3077 plumbo
