1946 3261
762 195 1187 240 LATINITATIS.

235 316 413 357 Decursio,
437 317 588 352 incursio
615 321 752 355 hostilis
776 322 811 354 in
826 333 939 364 agros,

277 362 309 397 8,
327 363 382 412 24.
421 363 461 394 A.
480 366 532 395 42.
571 365 703 407 Saepius
728 366 856 399 dicitur
884 369 939 398 in-

272 413 392 437 car-rw.

230 447 396 481 Decutere
417 452 616 490 mwside'um
646 455 740 488 colle.
794 454 849 485 Af.
877 456 936 485 60.

275 491 442 525 Usitatius
471 495 623 535 dejicere.

229 534 366 567 Dedere
394 547 439 576 se,
476 549 525 576 se,
555 550 607 570 res
638 551 714 572 suas
753 550 793 572 ac
825 539 934 571 vitam

272 578 375 628 plane
405 581 602 622 permittere
630 584 774 615 arbitrio
805 589 838 615 et
864 583 935 615 cle-

272 628 408 655 mentiae
431 624 596 657 victoris:
634 627 721 658 unde
747 628 869 659 deditio
899 632 934 659 et

270 665 433 698 dediticii.-
474 669 503 705 1,
530 670 586 700 27.
610 674 644 700 et
668 672 705 702 in
732 671 932 703 deditionem

270 710 393 747 venire,
424 711 467 741 de
481 721 547 752 qua
565 712 673 744 forma
689 713 848 756 loquendi
864 713 933 754 egit

273 752 427 797 Verheyk
441 755 484 786 ad
502 755 644 798 Eutrop.
664 761 697 796 2,
711 761 742 789 2.
763 758 884 790 dedere
901 768 934 789 se

270 799 423 832 amidtiae
438 800 590 840 alterius,
618 803 650 840 3,
665 805 719 832 22.
744 803 836 844 quod
867 800 934 833 ibi-

268 839 347 872 dem
363 850 424 883 est,
434 843 604 876 devovere.

224 883 401 920 Deducere
436 896 539 920 nat-es
566 899 587 920 e
616 888 715 920 litore
764 889 798 923 in
827 898 931 927 mare,

267 931 427 972 κατάγειν,
443 934 475 969 5,
490 935 524 963 2.
548 932 602 964 Af.
616 932 728 963 62.cf.
742 933 931 965 subducere.

265 972 434 1008 deducere
461 985 495 1006 se
528 986 546 1007 e
574 980 761 1018 conspectu,
797 977 843 1008 H.
880 978 929 1006 18.

265 1015 385 1050 aedua·
409 1022 445 1051 in
475 1020 624 1060 aliquem
653 1029 784 1058 casum,
815 1024 847 1058 2,
876 1022 929 1051 31.

263 1058 385 1094 deduci
398 1065 435 1094 in
444 1064 646 1104 periculum,
659 1063 700 1095 C.
717 1066 744 1101 l,
765 1065 813 1094 19.
827 1063 934 1095 dedu.-

266 1112 339 1136 cere
365 1117 448 1144 rem,
475 1106 518 1138 C.
545 1109 576 1144 4,
602 1108 656 1145 62,
681 1109 735 1137 70.
767 1107 932 1138 deducere

266 1145 490 1189 introducere,
524 1148 564 1180 C.
593 1153 620 1189 l,
640 1153 689 1182 19.
715 1152 746 1188 3,
763 1153 816 1182 31.
842 1150 883 1182 G.
901 1153 931 1188 4,

261 1195 316 1224 22.
333 1194 365 1231 7,
380 1195 422 1225 68

222 1235 398 1269 Deductus
417 1240 574 1279 praemio,
597 1237 669 1269 vid.
688 1239 796 1279 θιὼ-,7,
819 1239 872 1270 37.
888 1237 929 1269 C.

272 1282 299 1318 l,
313 1281 332 1311 7

222 1324 364 1356 Decesse
384 1329 562 1363 occasioni,
596 1335 636 1357 ea
657 1335 725 1357 non
751 1326 813 1364 uti,
835 1335 930 1358 com-

266 1368 400 1400 mittere
416 1369 672 1411 aliquid,quare
691 1369 849 1401 manibus
860 1370 929 1401 ela-

266 1411 377 1449 batur,
390 1413 430 1445 C.
448 1417 478 1452 3,
493 1414 532 1444 79
652 1415 657 1418 “

222 1455 409 1496 Defemlere
432 1457 568 1495 bellum,
593 1467 718 1495 arcere,
745 1457 929 1498 prohibere

265 1510 302 1531 se
318 1500 362 1531 ab
378 1500 508 1542 injuriis
523 1507 555 1531 et
572 1500 701 1542 impetu
717 1500 800 1532 belli
814 1502 930 1533 defen-

266 1543 354 1582 dere,
374 1547 401 1581 1,
415 1547 469 1577 4⁴.
494 1546 526 1582 6,
539 1546 593 1576 23.
617 1545 792 1586 defendere
805 1546 928 1578 hostem

265 1597 288 1618 a
300 1588 378 1626 loco,
390 1598 516 1626 arcere,
531 1591 562 1626 8,
578 1590 597 1619 9

220 1630 432 1671 Defensores,
475 1632 631 1670 sublicae,
677 1631 781 1663 veluti
819 1632 929 1674 paries

261 1681 377 1707 contra
401 1675 552 1708 fluminis
566 1675 638 1707 vim
656 1675 777 1714 infixae,
792 1680 823 1715 4,
841 1679 878 1707 17

218 1719 362 1758 Deficia
371 1720 556 1759 2·iribus,C.
571 1723 601 1758 3,
613 1722 670 1752 64:
682 1719 731 1751 sic
742 1719 836 1752 enim
848 1731 927 1752 cum

263 1763 507 1804 praepositione
519 1775 552 1802 a,
571 1764 601 1795 h.
620 1764 643 1795 l.
658 1763 808 1796 codices.
847 1764 925 1796 Usi-

263 1806 367 1839 tatius
378 1807 548 1841 omittitur
560 1818 595 1839 a.
609 1808 689 1840 Inde
701 1807 842 1848 defectus
859 1809 926 1847 (vi-

261 1850 385 1890 ribus),
397 1850 569 1892 fatigatus,
581 1850 621 1884 C.
639 1854 669 1889 3,
685 1853 738 1882 40.
750 1862 801 1883 res
815 1853 926 1891 deficit

259 1895 374 1934 alicui,
390 1897 421 1931 8,
437 1899 469 1927 5.
483 1895 589 1935 deficit
606 1898 717 1933 navis,
730 1906 805 1936 quae
819 1896 923 1927 rimas

262 1938 345 1979 egit,
360 1945 395 1970 ut
414 1939 554 1979 provehi
572 1945 728 1980 nequeat,
746 1940 785 1969 A.
807 1941 844 1970 13

219 1982 385 2021 Definire,
400 1983 513 2023 definit
524 1983 646 2021 locum,
669 1981 728 2024 qui
745 1993 823 2014 eum
842 1983 927 2015 facit

261 2025 456 2064 terminum,
482 2025 569 2057 ultra
595 2037 695 2067 quem
722 2035 788 2057 non
808 2037 926 2067 proce-

262 2070 371 2108 datur,
387 2071 419 2109 7,
433 2072 487 2101 81.
511 2070 558 2101 Η.
575 2071 614 2101 3ο

219 2112 422 2153 Deformata
434 2115 517 2146 urbs
529 2114 701 2150 incendite,
724 2113 764 2144 A.
779 2118 797 2146 2
806 2117 821 2145 4

220 2159 386 2198 Dejectus,
400 2157 564 2189 substant.
580 2161 612 2197 2,
624 2161 656 2196 8,
670 2160 711 2188 22

219 2203 389 2241 Deiectus,
407 2202 469 2243 qui
484 2213 593 2235 caesus
607 2200 798 2243 procubuit,
820 2203 852 2240 2,
867 2202 920 2233 27.

263 2245 304 2277 C.
346 2248 374 2285 1,
412 2248 466 2278 46.
517 2246 662 2286 deiectus
711 2256 777 2286 spe,
836 2247 864 2284 l,
890 2247 922 2277 8.

262 2291 406 2330 deiectus
435 2292 600 2332 opinione,
637 2294 670 2328 5,
697 2292 753 2320 48.
782 2289 924 2330 dejectus

262 2335 362 2372 locwt,
379 2333 531 2372 inferior,
543 2335 586 2365 ad
601 2333 733 2365 radices
747 2333 859 2372 collis,
884 2332 922 2363 C.

268 2380 295 2416 1,
310 2379 365 2410 46.
401 2377 455 2410 Sic
473 2383 508 2410 et
529 2379 693 2411 deductu-s
716 2382 749 2408 et
765 2378 924 2410 demissus

261 2422 396 2454 dicitur.

220 2469 333 2507 Dejici
369 2465 494 2498 dicitur
522 2465 631 2504 navis,
660 2476 735 2506 quae
765 2466 923 2497 deorsum

260 2510 377 2548 fertur,
390 2513 422 2548 4,
435 2512 489 2541 28.
513 2511 559 2542 cf.
575 2512 607 2547 4,
622 2511 676 2540 36.
697 2510 789 2549 infra
801 2510 924 2541 delam:

260 2559 339 2586 sunt
352 2564 466 2586 naves.
477 2554 621 2594 dejicere
626 2554 836 2595 proesidium,
851 2554 924 2594 pel-

261 2598 342 2637 lere,
378 2598 420 2629 C.
449 2599 480 2632 3,
508 2600 563 2628 23.
599 2598 742 2638 dejicere
771 2599 922 2639 aliquem

258 2642 380 2683 (equo)
395 2645 426 2680 4,
443 2644 479 2672 12

219 2688 390 2727 Deleqare
424 2685 604 2725 (tribuere)
635 2686 737 2717 alicui
773 2696 922 2723 causam,

261 2729 433 2772 conjicere
456 2730 594 2770 culpam
621 2728 656 2760 in
686 2740 776 2767 eum,
806 2732 838 2768 8,
867 2733 922 2760 22.

260 2774 338 2805 Liv.
365 2776 400 2813 9,
427 2776 483 2812 29,
511 2774 670 2814 deleqare
697 2775 924 2806 ministerium.

259 2819 378 2856 alicui,
402 2817 448 2849 ab
464 2828 500 2850 se
523 2817 674 2854 amoliri,
699 2822 734 2850 et
755 2815 790 2857 in
813 2816 923 2850 alium

257 2862 446 2902 transfeire.

1632 202 1715 245 647

1015 324 1217 356 Delibralus
1232 326 1472 366 decorticatus,
1484 327 1517 365 7,
1534 330 1575 360 73

1012 367 1180 406 Deliqare
1194 368 1375 411 (adligare)
1394 371 1439 403 ad
1459 374 1589 412 m'pam‚
1616 373 1644 411 l,
1660 374 1714 404 53.

1053 410 1204 450 debiam-e
1218 416 1360 452 saucios,
1376 415 1429 449 Af.
1446 417 1501 446 21.

1007 453 1216 492 Βεηιὶφτινρ
1231 455 1270 486 de
1286 458 1429 497 oppidis,
1446 461 1477 496 4,
1496 460 1533 489 19

1006 498 1214 529 Demae'nuere
1235 499 1275 530 de
1291 502 1470 541 voluptate,
1496 503 1524 540 l,
1541 504 1584 532 53

1006 539 1203 572 Dominum>
1216 544 1343 582 capitis,
1366 543 1408 575 C.
1424 547 1456 582 2,
1473 547 1512 575 32

1006 583 1180 615 Demessus
1203 585 1306 623 ἰοειις,
1323 586 1478 626 humilis,
1492 589 1524 627 7,
1538 589 1591 619 72.
1624 589 1664 620 C.
1683 592 1715 628 3,

1049 626 1104 659 49.
1119 625 1181 658 ubi
1197 637 1328 669 oppon.
1338 630 1458 662 editu-s.
1469 631 1614 665 demissa
1625 635 1714 675 ripa,

1049 679 1116 701 non
1135 670 1214 709 alta,
1237 671 1278 703 A.
1296 674 1338 703 29

1006 714 1193 746 Demittere
1211 720 1323 747 castra
1338 727 1364 746 ve
1388 722 1497 749 monte
1515 720 1551 749 in
1578 721 1714 760 vallem,

1050 759 1080 794 8,
1095 759 1148 788 36.
1177 758 1346 792 demittere
1361 770 1395 791 se
1409 763 1536 800 animo,
1558 762 1711 804 abjicere

1047 800 1213 840 animum,
1249 803 1279 839 7,
1305 804 1360 834 29.
1390 803 1565 836 demittere
1600 817 1712 846 arma,

1047 845 1110 875 clas
1130 846 1269 877 Gewelar
1285 847 1444 886 strecken,
1458 853 1576 881 mettre
1590 850 1649 882 bas
1664 852 1710 882 les

1045 897 1169 926 armes,
1190 888 1244 919 Af.
1261 892 1302 920 85

1002 931 1258 969 Demonstrare,
1273 942 1414 972 narrare,
1430 935 1592 976 indicare,
1609 939 1619 968 l
1628 961 1638 976 ,
1656 939 1709 970 ll.

1047 978 1078 1012 5,
1093 976 1147 1005 38.
1172 975 1358 1008 sexcenties
1382 984 1434 1009 est
1458 979 1491 1010 in
1519 979 1573 1012 liis
1598 979 1710 1021 libris,

1045 1019 1137 1059 quod
1167 1025 1270 1051 antea
1305 1021 1618 1064 denwnstrarimus,
1648 1036 1709 1066 pro

1041 1061 1200 1095 difinias.

1003 1106 1187 1138 Demorrm'
1199 1109 1271 1146 iter,
1288 1108 1424 1147 morari,
1446 1109 1626 1152 impedire,
1642 1114 1672 1150 3,
1689 1114 1708 1143 6

1002 1150 1166 1182 Demotus
1195 1150 1318 1190 (loco),
1348 1153 1470 1184 cedere
1494 1159 1644 1194 coactus,
1666 1155 1705 1187 C.

1043 1195 1075 1228 2,
1089 1195 1129 1224 32

1000 1237 1188 1275 Denarius,
1213 1243 1279 1269 tres
1295 1238 1433 1271 circiter
1455 1241 1565 1282 grossi
1591 1243 1709 1283 nostri,

1043 1282 1128 1312 seize
1140 1282 1215 1319 sols,
1243 1282 1284 1313 C.
1306 1284 1334 1320 Ι,
1350 1287 1389 1314 52

1001 1325 1171 1366 Denique,
1186 1324 1221 1355 in
1237 1336 1456 1365 summa,uno
1474 1327 1592 1368 verbo,
1608 1332 1638 1369 7,
1653 1332 1707 1363 64.

1042 1367 1098 1399 Sic
1115 1379 1265 1410 quoque,
1287 1373 1318 1409 2,
1333 1372 1387 1402 33.
1433 1370 1544 1403 Tacit.
1560 1374 1647 1405 Ann.
1679 1377 1707 1410 l.

1043 1413 1097 1450 26,
1112 1415 1166 1443 28.

1000 1456 1205 1496 Deperdere,
1226 1458 1377 1498 perdere,
1398 1457 1566 1499 amittere,
1596 1463 1622 1496 1.
1650 1463 1704 1496 43.

1043 1500 1073 1533 3,
1088 1502 1130 1530 ¹28

999 1544 1179 1618 Degmnere
1192 1544 1402 1586 (detrahere)
1416 1556 1522 1578 onera
1531 1551 1709 1589 jumentis.

1074 1611 1081 1617 .
1103 1588 1129 1626 1,
1146 1589 1186 1618 50

998 1632 1230 1673 Depopulare,
1244 1632 1290 1663 11.
1307 1634 1359 1664 42.
1375 1632 1598 1676 depopulatus
1613 1646 1704 1678 pass.

1046 1676 1074 1713 ι,
1093 1676 1127 1706 ιι

999 1719 1186 1760 Deprecari
1214 1720 1402 1759 dominum,
1432 1723 1600 1764 precando
1633 1725 1707 1766 pla-

1040 1773 1129 1801 care,
1157 1763 1292 1795 veniam
1319 1764 1365 1795 ab
1391 1775 1433 1796 eo
1450 1771 1577 1807 petere,
1592 1768 1633 1799 A.
1652 1771 1709 1800 32.

1038 1807 1214 1847 deprecari
1226 1809 1289 1839 sibi
1312 1810 1427 1846 vitam,
1446 1810 1500 1841 Af.
1517 1812 1557 1840 89

998 1851 1218 1891 Deprecalor,
1229 1850 1288 1892 qui
1305 1850 1406 1884 nobis
1419 1852 1571 1896 aliquem
1588 1856 1706 1887 conci-

1038 1893 1112 1931 liat,
1135 1904 1196 1934 pro
1210 1893 1311 1926 nobis
1327 1894 1520 1934 intercedit,
1536 1899 1564 1935 l,
1579 1899 1611 1929 9.
1638 1901 1668 1938 6,
1683 1902 1703 1933 4

997 1938 1196 1978 Deprimere
1211 1948 1345 1977 navem,
1373 1938 1498 1978 facere,
1523 1946 1560 1972 ut
1575 1952 1706 1983 merga-

1039 1987 1103 2018 tur,
1125 1982 1167 2012 C.
1189 1983 1216 2017 l,
1231 1984 1284 2012 58.
1317 1985 1349 2019 2,
1364 1984 1394 2020 6,
1416 1984 1606 2024 deprimere
1628 1987 1702 2026 sos·-

1037 2034 1124 2062 sam,
1150 2024 1278 2063 fodere,
1303 2025 1424 2065 facere,
1450 2030 1482 2066 8,
1506 2029 1538 2066 9,
1565 2032 1620 2060 40.
1647 2030 1706 2061 de-

1036 2067 1267 2108 primi,obteri
1284 2074 1316 2099 et
1330 2070 1539 2112 proculcari,
1551 2071 1591 2104 C.
1602 2077 1635 2112 2,
1649 2076 1703 2105 43.

1038 2112 1135 2143 rallc's
1155 2114 1193 2142 in
1207 2112 1423 2144 altitudinem
1443 2114 1610 2156 depressa,
1625 2127 1706 2158 pro·

1036 2155 1153 2194 funda,
1167 2158 1200 2193 8,
1213 2158 1232 2186 9

995 2201 1219 2241 Depuqnare,
1234 2209 1398 2240 pugnare,
1414 2202 1445 2240 7,
1461 2203 1515 2233 28.
1533 2202 1587 2235 As.
1606 2206 1638 2244 7,
1652 2206 1705 2244 29,

1039 2246 1094 2274 45.
1113 2242 1228 2284 Nepos
1244 2243 1368 2275 Them.
1385 2247 1405 2278 4

995 2289 1156 2320 Derectus
1181 2298 1214 2318 v.
1229 2296 1261 2318 c.
1279 2287 1402 2329 paries,
1425 2289 1486 2331 qui
1501 2291 1543 2322 ad
1559 2301 1705 2334 perpen-

1036 2330 1192 2362 diculum
1218 2331 1328 2363 factus
1355 2338 1416 2371 est,
1445 2333 1538 2366 linea
1555 2345 1703 2377 perpen-

1036 2374 1182 2406 diculari
1205 2374 1390 2414 descendit,
1423 2378 1454 2416 4,
1483 2380 1533 2417 17,
1550 2381 1581 2417 8,
1608 2381 1640 2411 9.
1657 2381 1702 2412 cf.

1036 2419 1192 2450 directus.

995 2465 1150 2495 Demere
1163 2463 1338 2505 oppidum,
1353 2463 1565 2504 comburere,
1580 2466 1624 2497 H.
1641 2469 1684 2498 27

995 2507 1190 2539 Describere
1204 2511 1369 2545 vecturas,
1390 2508 1534 2550 singulis
1551 2511 1703 2551 praescri-

1038 2551 1131 2591 bere,
1142 2550 1226 2592 quid
1242 2556 1275 2581 et
1289 2557 1454 2591 quantum
1465 2553 1601 2593 vehant,
1615 2555 1655 2587 C.
1672 2559 1704 2594 3,

1037 2598 1091 2627 41.
1127 2595 1310 2625 describere
1342 2598 1518 2635 pecunias,
1559 2597 1703 2639 singulis

1036 2637 1269 2680 praescribere,
1282 2637 1364 2679 quid
1388 2645 1422 2670 et
1445 2646 1610 2681 quantum
1632 2643 1702 2674 sol-

1036 2688 1128 2720 vant,
1144 2683 1184 2712 A.
1202 2683 1255 2712 51.

994 2728 1164 2759 Desecare
1179 2734 1292 2763 aures,
1308 2726 1339 2762 7,
1357 2727 1388 2756 4.
1428 2724 1560 2768 Saepius
1575 2728 1703 2764 dicitur

1035 2778 1203 2807 resecare,
1218 2778 1403 2810 praesecare

997 2816 1160 2846 Deserere
1187 2823 1234 2850 se,
1249 2812 1293 2842 ab
1320 2822 1381 2843 sua
1401 2812 1516 2846 indole
1534 2818 1704 2859 recedere,

1043 2857 1094 2890 sui
1110 2855 1317 2897 dissimilem
1331 2866 1418 2898 esse,
1433 2857 1474 2890 C.
1493 2860 1523 2897 1,
1541 2860 1581 2892 75
