1946 3261
734 168 853 214 LIB.
887 169 924 214 I.
988 170 1128 216 CAP.
1160 170 1292 215 7-9,
1680 174 1766 218 ⁴267

275 302 307 322 “
330 294 452 356 cujus
473 295 757 357 Imperatoris
776 299 915 342 ductu
935 314 1091 344 novem
1109 301 1229 345 annis
1251 301 1585 362 Rempublicam
1613 301 1768 346 felicis-

278 362 308 381 “
330 356 434 399 sime
457 358 667 416 gesserint
688 358 964 417 plurimaque
980 359 1137 418 proelia
1157 361 1344 404 secunda
1364 362 1562 413 fecerint,
1596 377 1767 406 omnem

275 422 305 441 “
332 416 525 460 Galliam
558 418 927 477 Germaniamque
946 419 1218 478 pacaverint,
1237 429 1286 463 ut
1303 422 1392 482 ejus
1408 421 1767 465 existimationem

276 480 306 500 “
329 474 678 535 dignitatemque
713 477 771 520 ab
807 478 987 521 inimicis
1013 478 1293 522 defendant.'‘
1355 481 1640 524 Conclamant
1661 481 1767 541 legi-

273 534 364 577 onis
399 535 530 587 XIII,
567 552 663 594 quae
684 536 854 588 aderat,
888 537 1063 588 milites,
1096 537 1224 593 (hanc
1255 539 1368 581 enim
1399 540 1523 582 initio
1553 540 1769 585 tumultus

272 603 560 644 evocave1·at;
591 595 772 652 reliquae
794 597 984 640 nondum
1005 601 1318 655 convenerant)
1346 615 1432 641 sese
1464 609 1640 658 paratos
1661 616 1768 652 esse,

273 651 557 711 Imperatoris
574 655 640 697 sui
662 654 1048 715 Tribunorumque
1070 657 1210 716 plebis
1232 656 1410 716 injurias
1426 657 1675 701 defendere.

333 713 376 754 8.
411 713 608 772 Cognita
635 714 821 757 militum
854 716 1100 767 voluntate,
1120 717 1367 760 Ariminum
1389 732 1490 760 cum
1517 733 1568 760 ea
1598 717 1768 775 legione

270 770 578 830 proficiscitur,
611 773 759 832 ibique
793 773 1013 819 Tribunos
1046 776 1205 836 plebis,
1273 776 1317 818 ui
1347 775 1402 818 ad
1432 792 1534 818 eum
1565 777 1767 835 confuge-

272 839 391 881 rant,
413 831 643 882 convenit;
676 833 868 892 reliquas
891 835 1083 894 legiones
1115 852 1170 878 ex
1201 793 1395 879 hibernis
1424 844 1579 879 evocat
1600 844 1646 879 et
1667 838 1766 880 sub-

269 890 395 949 sequi
433 892 575 951 jubet.
639 892 706 937 Eo
746 894 797 936 L.
835 895 982 939 Caesar
1020 895 1266 939 adolescens
1307 896 1444 945 venit,
1475 896 1599 955 cujus
1640 904 1769 955 pater

273 949 456 995 Caesaris
471 961 569 996 erat
593 951 798 1012 Legatus.
863 954 920 1005 Is,
955 954 1128 1014 reliquo
1162 971 1358 999 sermone
1394 955 1609 1006 confecto,
1646 956 1769 1014 cujus

270 1009 335 1053 rei
373 1027 522 1055 caussa
562 1022 758 1063 venerat,
798 1013 960 1058 habere
999 1031 1043 1057 se
1081 1030 1107 1057 a
1148 1015 1358 1074 Pompeio
1396 1014 1452 1058 ad
1484 1031 1583 1058 eum
1605 1015 1767 1074 privati

269 1069 401 1114 officii
433 1072 654 1123 mandata,
692 1073 989 1117 demonstrat:
1025 1082 1057 1100 “
1081 1075 1194 1118 velle
1232 1075 1486 1134 Pompeium
1522 1091 1565 1118 se
1606 1075 1768 1119 Caesari

271 1136 303 1157 “
324 1139 583 1190 purgatum,
622 1148 674 1175 ne
695 1150 761 1183 ea,
800 1150 896 1192 quae
932 1133 1205 1194 Reipublicae
1226 1151 1373 1178 caussa
1394 1134 1553 1194 egerit,
1587 1133 1630 1177 in
1650 1151 1770 1178 suam

271 1195 302 1216 “
322 1191 628 1235 contumeliam
649 1201 822 1243 vertat3
853 1210 1025 1253 semper
1055 1211 1099 1236 se
1131 1194 1403 1254 Reipublicae
1425 1194 1649 1238 commoda
1681 1194 1768 1253 pri-

271 1254 302 1276 “
325 1250 437 1293 vatis
457 1253 783 1296 necessitatibus
802 1252 1002 1297 habuisse
1016 1253 1221 1322 potiora:
1258 1255 1472 1298 Caesarem
1490 1270 1665 1313 quoque
1722 1270 1769 1297 ro

270 1315 302 1336 “
325 1325 402 1353 sua
422 1309 637 1369 dignitate
658 1311 824 1355 debere
845 1321 890 1355 et
909 1312 1103 1357 studium
1138 1323 1183 1356 et
1216 1313 1487 1357 iracundiam
1522 1330 1641 1357 suam
1665 1271 1767 1357 {gei-

271 1375 301 1394 “
326 1369 513 1428 publicae
529 1370 769 1422 dimittere,
794 1387 935 1430 neque
956 1372 1068 1416 adeo
1099 1373 1294 1433 graviter
1316 1373 1441 1416 irasci
1464 1373 1662 1423 inimicis,
1696 1389 1765 1423 ne,

271 1434 302 1454 “
325 1444 458 1486 quum
478 1429 566 1482 illis
594 1445 749 1473 nocere
780 1447 824 1474 se
845 1441 1011 1490 speret,
1047 1432 1321 1491 Reipublicae
1355 1436 1555 1475 noceat.'’
1620 1432 1767 1477 Pauca

269 1487 464 1544 ejusdem
487 1489 657 1548 generis
676 1490 813 1539 addit,
852 1507 951 1534 cum
983 1492 1256 1536 excusatione
1282 1491 1479 1552 Pompeii
1516 1492 1763 1550 conjuncta.

270 1547 437 1590 Eadem
473 1549 566 1591 fere
602 1558 647 1592 at
682 1565 735 1592 ue
772 1550 933 1593 eisdem
968 1552 1099 1594 rebus
1130 1552 1299 1595 Praetor
1331 1551 1513 1594 Roscius
1544 1553 1637 1610 agit
1666 1568 1765 1595 cum

270 1606 441 1650 Caesare
457 1607 628 1666 sibique
650 1565 912 1677 cll'ompeium
934 1625 1288 1654 commemorasse
1310 1610 1597 1653 demonstrat.

328 1665 370 1710 9.
408 1667 517 1718 Quae
538 1683 606 1711 res
628 1667 706 1710 etsi
741 1667 846 1712 nihil
879 1669 936 1711 ad
963 1669 1169 1714 levandas
1199 1669 1379 1728 injurias
1409 1669 1630 1729 pertinere
1650 1669 1766 1713 vide-

267 1724 457 1769 bantur:
492 1734 653 1776 tamen,
694 1727 868 1770 idoneos
905 1738 1058 1773 nactus
1079 1729 1286 1779 homines,
1326 1745 1403 1787 per
1425 1745 1535 1787 quos
1565 1745 1633 1779 ea,
1666 1745 1763 1796 quae

267 1785 421 1836 vellet,
456 1786 511 1829 ad
547 1803 646 1829 eum
683 1787 1006 1845 perferrentur,
1071 1787 1153 1830 etit
1175 1789 1232 1831 ab
1255 1797 1462 1845 utroque,
1507 1796 1535 1814 “
1557 1804 1764 1848 quoniam

268 1851 300 1870 “
327 1845 524 1904 Pompeii
557 1845 759 1888 mandata
781 1847 837 1889 ad
854 1863 898 1889 se
920 1803 1181 1897 detulperint,
1215 1862 1267 1890 ne
1290 1857 1528 1906 graventur
1561 1865 1638 1891 sua
1658 1864 1766 1907 quo-

269 1907 298 1930 “
321 1921 409 1963 que
445 1905 500 1948 ad
534 1921 632 1948 eum
667 1905 891 1964 postulata
923 1906 1126 1956 deferre;
1158 1907 1192 1950 si
1261 1923 1368 1950 arvo
1403 1906 1557 1950 labore
1588 1923 1764 1967 magnas

267 1970 298 1990 ‘⁴
322 1964 641 2008 controversias
678 1964 836 2008 tollere
866 1955 1001 2024 atqffie
1031 1982 1201 2010 omnem
1258 1966 1407 2009 taliam
1438 1975 1556 2009 metu
1574 1966 1764 2011 liberare

268 2030 298 2050 ‘⁶
322 2023 511 2084 possint:
544 2023 624 2068 sibi
644 2039 816 2084 semper
838 2023 1113 2085 Reipublicae
1134 2027 1319 2085 primam
1334 2025 1462 2069 fuisse
1482 2025 1761 2086 dignitatem,

317 2172 436 2215 Remp.
450 2177 574 2215 yerunt
589 2170 732 2211 milites,
755 2171 814 2214 qui
831 2182 906 2204 eam
924 2173 984 2204 de·
1053 2171 1118 2204 bus
1148 2171 1308 2209 serendis,
1337 2183 1441 2215 quam
1468 2173 1572 2206 armis
1603 2173 1761 2209 commit-

265 2216 417 2250 rendunt.
446 2217 499 2249 M.
1052 2216 1162 2248 tendis
1188 2218 1437 2251 controversias
1469 2219 1645 2263 componi.
1694 2219 1761 2253 Dio

316 2261 457 2294 Omnem
487 2262 720 2294 tantummodo
748 2261 790 2293 ad
828 2261 982 2294 Galliam
1051 2261 1146 2294 Cass.
1161 2263 1264 2301 4l‚5.
1289 2263 1341 2294 M.

267 2305 387 2339 referri
403 2312 527 2349 potest.
574 2307 626 2338 M.

316 2351 528 2384 Evocaverac
541 2349 707 2383 hibernis.
753 2349 808 2381 Sic
824 2361 856 2382 c.
871 2353 904 2382 8.
931 2351 982 2382 M.

317 2396 510 2427 Ariminmn
519 2398 753 2438 pratici-scitur.
785 2394 889 2427 Multi
907 2399 982 2425 sunt

269 2445 399 2472 veteres
414 2439 448 2472 in
469 2440 532 2472 hac
561 2451 596 2472 re
618 2440 794 2471 narranda.
842 2440 981 2471 Sueton.

269 2485 342 2516 Jul.
360 2486 414 2516 31.
433 2485 487 2515 32.
514 2483 686 2516 Plutarch.
702 2483 790 2516 Caes.
809 2487 862 2515 32.
885 2483 981 2515 Nunc

269 2539 351 2571 ergo
375 2538 550 2561 armorum
574 2527 733 2561 civilium
758 2527 895 2560 initium
912 2528 981 2560 fac-

267 2578 340 2605 tum
356 2577 419 2605 est.
458 2574 510 2605 M.

320 2619 487 2650 Tvibunos
500 2618 550 2659 pl.
572 2616 627 2649 Cf.
640 2627 672 2649 c.
687 2619 720 2648 5.
749 2617 801 2649 Μ.

316 2664 344 2695 Α
388 2663 546 2704 Pompeio
586 2661 765 2694 mandata.
827 2660 981 2703 Perpulit

273 2707 478 2750 Pompeium
504 2706 548 2737 ad
576 2705 642 2737 hoc
668 2704 855 2737 consilium
884 2705 979 2745 mite,

269 2752 364 2795 quod
390 2752 432 2783 de
448 2749 591 2783 Caesaris
616 2749 857 2782 molitionibus
872 2750 980 2782 multa

272 2795 472 2835 inaudierat,
488 2795 562 2837 ipse
577 2805 658 2826 vero
681 2794 870 2827 exercitum
894 2804 980 2827 non-

248 2842 354 2874 --dum
385 2841 580 2873 conlectum
620 2838 782 2878 habebat,
819 2840 979 2882 denique,

270 2885 332 2938 qui
347 2885 380 2921 ei
393 2885 563 2925 favebant,
576 2884 763 2920 maluerant
772 2884 983 2921 conditioni-

1100 2307 1371 2340 Necessitaubm.
1421 2306 1518 2340 Libri
1551 2308 1762 2351 antiquiores

1052 2350 1190 2390 liabent,
1220 2352 1540 2385 wcessicwle'nibus:
1580 2360 1759 2394 utrumque.

1052 2394 1219 2437 significat
1235 2395 1347 2437 idem;
1371 2398 1428 2428 sed
1445 2403 1574 2439 poterat
1589 2397 1760 2439 antiquior

1052 2440 1156 2473 lectio
1172 2440 1314 2472 servari.
1337 2441 1388 2472 M.
1432 2442 1581 2484 Respice
1595 2444 1636 2474 ad
1654 2445 1686 2480 8,
1703 2444 1758 2473 58.

1098 2486 1237 2517 Eisdem
1251 2486 1364 2517 rebus.
1389 2485 1471 2528 Leg.
1494 2488 1618 2519 eaedem
1633 2487 1673 2518 de
1686 2486 1758 2517 reb.

1052 2528 1124 2560 Nec
1156 2529 1268 2571 magis
1298 2530 1364 2561 hoc
1390 2530 1483 2573 rejici
1509 2536 1632 2573 potest,
1653 2539 1757 2571 quam

1049 2575 1141 2616 apud
1173 2573 1393 2606 Ciceronem:
1434 2577 1506 2608 hoec
1540 2581 1643 2615 atque
1673 2575 1760 2607 talia

1048 2624 1185 2651 narrat.
1210 2619 1287 2651 Alia
1301 2618 1414 2657 lectio,
1436 2620 1560 2651 eisdem
1574 2617 1703 2658 diebus,
1716 2628 1760 2650 ex

1048 2662 1286 2696 emendatione
1317 2663 1469 2695 Rubenii
1497 2667 1560 2694 est.
1606 2662 1660 2694 M.
1720 2663 1758 2694 In

1050 2707 1181 2740 Electis
1211 2709 1239 2746 1,
1270 2709 1302 2738 8.
1367 2709 1506 2740 Eaedem
1534 2706 1634 2739 rebus
1664 2706 1759 2739 dedit

1050 2751 1142 2784 Oud.
1171 2762 1191 2783 e
1217 2751 1318 2782 codd.
1348 2756 1382 2783 et
1410 2753 1505 2784 rebus
1533 2749 1663 2793 accipit
1693 2762 1755 2793 pro

1048 2798 1272 2839 argumentis,
1299 2801 1338 2827 ut
1362 2806 1393 2826 c.
1420 2801 1452 2827 9.
1476 2795 1600 2828 Clarke
1616 2795 1758 2829 volebat

1048 2843 1170 2875 verbis.
1208 2839 1266 2872 Sic
1280 2846 1314 2872 et
1330 2840 1496 2872 Jurinius.

1088 2887 1195 2929 *Reip-
1211 2888 1365 2928 primam
1371 2885 1403 2928 f.
1417 2886 1453 2918 d.
1477 2884 1588 2919 Codd.
1601 2885 1758 2929 quidam,
