1946 3261
268 721 523 766 INcER‘rtJM
551 726 775 764 auctorem
801 735 906 770 esse,
934 717 1159 765 didicimus
1176 736 1203 765 a
1225 719 1435 766 Suetonio
1453 721 1498 766 in
1517 722 1547 766 J
1552 722 1612 768 ul.
1633 725 1743 769 Caes.

263 814 301 842 c.
338 798 411 841 56.
473 797 596 856 Ergo
626 795 798 840 nomina
828 795 982 856 Oppii,
1015 797 1175 848 Hirtii,
1217 797 1410 849 Caesaris,
1441 798 1486 840 in
1520 798 1743 844 codicibus

264 874 460 936 praefixa,
480 873 552 917 vel
572 872 749 924 incerta,
780 872 849 916 vel
873 872 979 915 falsa
998 881 1112 916 sunt.
1175 872 1246 916 Cf.
1267 872 1323 916 ad
1344 872 1439 916 init.
1462 873 1565 918 libri
1596 875 1741 920 octavi

259 952 317 996 de
340 952 393 995 B.
415 952 473 994 G.
496 957 543 994 et
562 949 665 993 libri
685 948 740 992 de
764 949 818 992 B.
843 948 972 992 Alex.
1003 948 1033 992 J
1038 957 1134 992 usto
1156 947 1305 1008 Lipsio
1325 948 1486 1005 (Eleet.
1508 948 1553 999 2,
1572 949 1649 1008 22)
1668 949 1741 995 hic

256 1029 386 1078 liber,
425 1034 478 1070 ut
514 1026 721 1070 Brantius
755 1027 938 1077 monuit,
974 1025 1088 1069 inter
1120 1026 1332 1085 pleraque
1364 1025 1559 1070 Romana
1576 1027 1740 1087 scripta
1775 1015 1780 1019 ¹

255 1113 548 1173 simplicitate,
581 1112 774 1171 puritate
808 1119 855 1155 et
893 1111 1029 1156 omnis
1065 1111 1231 1171 generis
1273 1111 1509 1156 virtutibus
1547 1112 1736 1157 eminere

253 1192 367 1236 visus
388 1197 468 1239 est,
499 1196 546 1231 et
561 1188 733 1248 dignior
756 1189 942 1239 Caesare,
974 1204 1104 1247 quam
1141 1188 1224 1248 ipsi
1260 1187 1324 1231 illi
1357 1188 1654 1232 commentarii
1679 1188 1736 1233 de

250 1266 370 1310 bello
392 1263 565 1307 Gallico
594 1272 639 1307 et
659 1263 788 1307 civili.
853 1264 938 1307 Cui
971 1262 1194 1306 sententiae
1228 1262 1431 1321 equidem
1462 1263 1734 1308 subscribere

248 1358 335 1386 non
354 1341 559 1391 sustineo,
582 1339 658 1398 qui
677 1339 806 1398 plura
825 1339 975 1389 verba,
989 1354 1015 1381 a
1034 1338 1212 1382 Caesaris
1229 1338 1423 1382 oratione
1438 1337 1734 1390 abhorrentia,

248 1417 508 1462 anacolutha
538 1416 732 1466 duriora,
771 1415 1164 1474 negligentiamque
1202 1430 1287 1457 non
1324 1423 1494 1474 gratam
1528 1415 1568 1459 ei
1597 1415 1731 1460 inesse

247 1496 391 1540 sciam.
420 1493 509 1538 vid.
532 1510 568 1537 c.
594 1493 665 1535 25.
729 1492 815 1535 Vel
832 1491 944 1535 illud
964 1492 1137 1535 interim
1158 1507 1297 1535 nonne
1318 1491 1374 1534 ad
1395 1491 1570 1535 taedium
1590 1508 1726 1551 usque

247 1573 469 1618 occurrit?
530 1572 596 1614 Ao
617 1570 830 1631 profecto,
850 1570 883 1614 si
905 1570 1001 1628 quis
1017 1584 1160 1613 recens
1176 1586 1202 1612 a
1221 1569 1400 1614 Caaearis
1416 1569 1731 1614 commentariis

250 1650 307 1693 ad
327 1648 439 1690 hunc
458 1646 623 1689 librum
644 1646 885 1695 accesserit,
915 1645 964 1694 is,
986 1644 1157 1703 opinor,
1193 1643 1486 1700 diversitatem
1521 1660 1607 1688 non
1641 1644 1729 1687 exi-

249 1741 379 1787 guam
397 1723 595 1766 dictionis
615 1721 782 1765 sentiet.
848 1722 1156 1771 Guischardus,
1177 1722 1250 1779 qui
1272 1736 1357 1766 non
1378 1721 1632 1770 orationem,
1653 1721 1726 1764 sed

246 1818 338 1847 rem
354 1797 629 1850 examinavit,
651 1805 696 1839 et
717 1797 838 1856 cujus
874 1796 1130 1839 sententiam
1161 1796 1247 1838 suis
1284 1795 1386 1838 locis
1419 1795 1615 1845 indicavi,
1647 1795 1727 1838 etsi

245 1875 469 1936 scriptoris
486 1873 688 1933 peritiam
709 1871 927 1931 agnoscit:
963 1880 1103 1914 tamen
1125 1870 1275 1929 saepius
1295 1871 1349 1913 de
1370 1872 1554 1915 obscura
1583 1872 1726 1915 brevi-

246 1960 338 1997 tate
358 1956 614 2008 conquestus
636 1955 717 1997 est,
755 1946 894 1989 multa
913 1945 1218 1989 examinaturis
1237 1961 1328 1988 rem
1349 1945 1501 1988 relicta
1521 1945 1607 1988 esse
1629 1961 1725 1988 cen-

243 2029 347 2079 suit,
370 2034 414 2069 et
435 2023 632 2084 quaedam
653 2022 758 2065 adeo
777 2021 925 2065 alienae
944 2036 1092 2064 manus
1109 2020 1404 2064 additamenta
1419 2021 1500 2065 sibi
1517 2021 1724 2081 reperisse

242 2104 356 2147 visus
376 2110 453 2145 est.
517 2100 582 2143 Μ

292 2213 337 2244 Et
365 2210 446 2242 huic
469 2210 561 2241 libro
590 2206 694 2240 Hirtii
718 2216 841 2238 nomen
866 2217 950 2248 prae-
1016 2211 1143 2245 censet,
1160 2207 1269 2239 Hirtii
1281 2206 1347 2239 hoc
1363 2217 1452 2249 opus
1474 2216 1495 2238 a
1521 2207 1610 2239 Julio
1629 2207 1722 2239 Celso

250 2257 323 2290 fixit
361 2252 622 2294 Oudendorpius
664 2262 755 2283 more
795 2257 950 2292 recepto,
1017 2251 1211 2293 subpletum
1227 2257 1259 2283 et
1272 2250 1335 2283 sub
1347 2250 1503 2283 incudem
1515 2256 1720 2289 revocatum,

249 2310 423 2344 quumque
434 2298 534 2339 vulgo
550 2297 596 2327 ita
613 2296 708 2328 citari
722 2296 840 2329 soleat.
859 2295 951 2326 idem
1016 2295 1074 2337 qui
1091 2294 1171 2328 hinc
1189 2295 1267 2328 inde
1282 2295 1430 2328 barbara
1446 2294 1631 2328 miscuerit.

248 2345 336 2379 mihi
352 2342 545 2377 faciundum
562 2339 690 2382 putavi.
721 2339 951 2372 Guischardus
