1946 3261
587 194 706 239 LIB.
742 194 801 238 V.
865 193 1005 237 GAP.
1044 194 1081 243 1,
1109 194 1157 236 2.
1550 193 1626 238 101

135 319 288 379 magis,
316 319 438 378 quod
464 327 653 380 propter
691 319 867 362 crebras
897 316 1258 359 commutationes
1280 323 1464 360 aestuum
1488 316 1632 361 minus

136 395 314 438 magnos
334 380 396 423 ibi
417 379 576 423 fluctus
596 379 690 422 fieri
711 383 1004 437 cognoverat:
1049 374 1103 417 ad
1137 389 1270 417 onera
1289 381 1334 416 et
1353 376 1407 416 ad
1429 376 1631 419 multitu-

135 438 282 482 dinem
311 439 611 496 jumentorum
649 434 1034 496 transportandam
1077 433 1228 491 paullo
1268 432 1632 499 latioreanuam

135 498 297 555 quibus
317 498 361 540 in
382 498 562 555 reliquis
582 498 749 540 utimur
769 494 978 538 maribus.
1044 491 1138 534 Has
1157 507 1302 534 omnes
1322 501 1538 534 actuarias
1555 495 1633 538 im-

135 565 266 615 perat
292 556 404 606 fieri,
429 572 563 613 quam
596 555 653 598 ad
687 571 780 598 rem
807 553 998 597 multum
1034 549 1255 593 humilitas
1290 550 1487 609 adjuvat.
1551 551 1631 603 Ea,

134 630 233 672 quae
269 623 373 657 sunt
405 615 502 656 usui
530 614 586 657 ad
621 614 848 657 armandas
885 628 1031 660 naves,
1064 626 1119 652 ex
1159 608 1371 667 Hispania
1406 609 1635 668 adportari

130 673 274 732 jubet.
338 672 454 731 Ipse,
476 673 765 716 conventibus
788 671 945 715 Galliae
965 668 1178 713 citerioris
1200 668 1405 727 peractis,
1426 668 1469 710 in
1492 669 1635 727 Illyri-

134 747 236 774 cum
247 731 555 790 proficiscitur,
570 731 691 790 quod
704 748 729 774 a
746 732 929 774 Pirustis
942 730 1185 772 finitumam
1201 736 1374 786 partem
1398 727 1638 773 Provinciae

133 790 456 834 incursionibus
474 792 634 834 vastari
653 790 877 834 audiebat.
923 789 990 832 Eo
1008 803 1146 847 quum
1164 787 1366 836 venisset,
1385 786 1638 831 civitatibus

135 849 294 892 milites
324 850 513 909 imperat
545 858 806 908 certumque
837 850 879 892 in
907 849 1053 891 locum
1075 846 1308 890 convenire
1327 847 1470 905 jubet.
1537 846 1638 896 Qua

135 924 182 952 re
208 909 427 960 nunciata,
460 909 645 953 Pirustae
679 909 848 967 legatos
879 908 936 950 ad
965 923 1065 950 eum
1093 907 1294 955 mittunt,
1325 905 1402 963 qui
1434 904 1636 956 doceant,

136 967 243 1010 nihil
273 985 424 1011 earum
455 984 603 1012 rerum
635 968 818 1028 publico
848 967 1014 1010 factum
1035 965 1230 1014 consilio,
1262 980 1439 1022 seseque
1463 973 1640 1023 paratos

135 1043 224 1070 esse
253 1027 570 1078 demonstrant,
602 1028 803 1070 omnibus
833 1026 1077 1070 rationibus
1099 1025 1155 1067 de
1177 1024 1345 1083 injuriis
1369 1024 1635 1067 satisfacere.

138 1086 337 1146 Accepta
367 1088 562 1130 oratione
593 1103 761 1136 eorum,
796 1087 940 1129 Gaesar
972 1084 1144 1128 obsides
1175 1084 1365 1143 imperat
1396 1099 1557 1141 eosque
1579 1084 1637 1127 ad

138 1155 304 1190 certam
325 1146 441 1189 diem
460 1146 622 1189 adduci
640 1146 794 1203 jubet:
831 1146 909 1188 nisi
931 1146 991 1188 ita
1012 1144 1212 1192 fecerint,
1235 1160 1324 1186 sese
1347 1143 1467 1186 bello
1489 1143 1642 1186 civita-

137 1213 227 1248 tem
259 1214 598 1264 persecuturum
631 1205 916 1249 demonstrat.
983 1204 1065 1247 His
1093 1203 1149 1246 ad
1184 1202 1302 1245 diem
1335 1202 1554 1253 adductis,
1588 1211 1642 1246 ut

140 1264 450 1323 imperaverat,
480 1265 671 1308 arbitros
692 1266 806 1308 inter
836 1265 1035 1308 civitates
1054 1263 1147 1313 dat,
1171 1263 1249 1320 qui
1277 1263 1402 1306 litem
1426 1262 1642 1306 aestiment

142 1339 404 1382 poenamque
427 1324 710 1367 constituant.

200 1382 242 1424 2.
280 1382 362 1425 His
383 1382 591 1426 confectis
612 1383 743 1425 rebus
771 1381 1149 1438 conventibusque
1172 1379 1376 1439 peractis,
1399 1379 1442 1423 in
1466 1380 1640 1424 citerio-

141 1457 235 1484 rem
258 1441 451 1485 Galliam
472 1442 711 1485 revertitur
732 1450 866 1499 atque
882 1441 979 1484 inde
998 1441 1052 1483 ad
1069 1440 1310 1482 exercitum
1328 1439 1639 1496 proficiscitur.

144 1500 211 1544 Eo
235 1517 372 1559 quum
396 1501 596 1550 venisset,
619 1501 812 1544 circuitis
835 1500 1036 1544 omnibus
1064 1498 1271 1547 hibernis,
1295 1497 1508 1554 singulari
1527 1499 1642 1541 mili-

143 1568 239 1602 tum
271 1559 434 1609 studio,
469 1560 513 1602 in
541 1576 708 1602 summa
743 1560 937 1602 omnium
970 1574 1118 1600 rerum
1154 1557 1316 1615 inopia,
1347 1557 1521 1599 circiter
1553 1559 1640 1602 DC

140 1618 232 1676 ejus
295 1619 450 1668 eneris,
484 1619 608 1677 cujus
638 1635 774 1677 supra
805 1619 1215 1665 demonstravimus,
1246 1631 1377 1657 naves
1409 1624 1453 1658 et
1489 1616 1643 1675 longas

143 1677 227 1722 XX
277 1676 345 1720 III
369 1678 532 1721 invenit
553 1678 803 1727 instructas,
826 1693 968 1734 neque
992 1676 1182 1719 multum
1204 1675 1350 1718 abesse
1373 1675 1429 1717 ab
1448 1691 1515 1723 eo,
1535 1677 1644 1732 quin

144 1736 293 1805 paucis
322 1737 475 1781 diebus
505 1736 662 1781 deduci
694 1745 883 1796 possent.
949 1734 1238 1779 Conlaudatis
1269 1733 1483 1777 militibus
1510 1743 1646 1792 atque

145 1796 212 1846 lis,
242 1796 321 1853 qui
350 1797 529 1855 negotio
560 1797 843 1855 praefuerant,
877 1795 984 1854 quid
1017 1794 1110 1838 fieri
1140 1794 1262 1841 velit,
1293 1792 1483 1836 ostendit
1508 1802 1644 1851 atque

147 1856 285 1900 omnis
305 1856 360 1899 ad
390 1864 571 1914 portum
602 1855 736 1898 Itium
766 1856 998 1899 convenire
1015 1855 1160 1912 jubet,
1184 1869 1271 1911 quo
1293 1868 1346 1894 ex
1368 1861 1504 1911 portu
1526 1870 1642 1897 com-

147 1915 442 1958 modissimum
482 1915 525 1958 in
571 1915 842 1958 Britanniam
885 1914 1183 1958 transmissum
1225 1928 1314 1954 esse
1356 1921 1641 1970 cognoverat,

147 1974 321 2018 circiter
342 1974 512 2018 milium
532 1990 740 2034 passuum
761 1974 888 2018 XXX
910 1990 937 2016 a
957 1972 1209 2017 continenti.
1276 1970 1394 2013 Huic
1427 1972 1488 2013 rei
1520 1973 1644 2030 quod

197 2086 243 2117 In
257 2086 318 2117 rel.
339 2087 468 2118 utimur
480 2086 646 2118 maribus.
669 2084 730 2117 alii
747 2088 783 2117 in
798 2087 863 2118 alio

152 2130 221 2161 alio
235 2131 327 2162 mari
341 2132 391 2162 uli
401 2131 639 2163 adsueverant.
653 2131 710 2161 sed
722 2130 863 2161 alteram

152 2173 337 2206 lectionem
352 2175 431 2205 dant
448 2174 530 2206 boni
543 2175 643 2206 codd.
657 2181 690 2206 et
704 2175 783 2206 edd.
795 2180 863 2205 vet.

152 2218 273 2250 firmat.
292 2217 502 2257 Priscianus,
521 2219 543 2250 1.
561 2220 594 2250 7.
612 2230 648 2260 p.
664 2220 741 2251 770.

199 2264 388 2296 Actum-eas.
434 2262 520 2301 Quae
542 2262 630 2294 velis
646 2263 749 2295 simul
764 2268 798 2294 et
813 2273 864 2294 re-

152 2306 220 2338 mis
242 2307 438 2349 agebantur.
483 2306 563 2339 Isid.
590 2306 692 2349 Hisp.
718 2309 767 2346 19,
789 2309 817 2338 1.
832 2312 865 2339 et

154 2350 305 2383 Scheffer
318 2352 360 2383 de
376 2351 451 2383 mil.
467 2362 543 2384 nav.
561 2356 592 2386 2.
608 2355 639 2383 2.
656 2363 690 2393 p.
707 2353 761 2382 81.

203 2396 260 2427 Ex
285 2397 465 2438 Hispania.
512 2395 697 2428 Mirificum
723 2405 864 2437 proven-

156 2443 228 2471 tum
244 2439 347 2482 sparti
364 2439 397 2472 in
415 2440 582 2482 Hispania
597 2440 866 2480 esse,docebunt

155 2483 274 2516 Strabo
303 2486 334 2515 3.
357 2495 393 2526 p.
423 2486 496 2517 160.
530 2485 622 2516 Plin.
640 2486 686 2516 H.
702 2485 746 2516 N.
766 2486 817 2523 19,
845 2488 864 2515 2

155 2527 222 2568 (7).
249 2529 369 2560 Dacis.

203 2572 248 2603 Ιη
277 2573 470 2614 Illyricum.
516 2574 649 2615 Nempe
673 2573 786 2605 Caesar
809 2583 868 2604 ac-

155 2622 294 2658 ceperat
317 2617 525 2658 provinciam
551 2618 698 2650 Galliam
721 2616 869 2658 Cisalpi-

156 2671 249 2699 nam,
265 2660 403 2701 Illyrico
419 2661 572 2704 adjectoz
596 2674 628 2694 v.
644 2663 783 2693 Sueton.
797 2661 867 2693 Jul.

157 2716 189 2737 c.
211 2708 264 2736 22.
298 2704 448 2737 Pirustas
473 2717 546 2738 esse
571 2706 696 2748 lllyrici
719 2712 867 2747 gentem,

157 2760 275 2781 versus
286 2749 528 2782 Macedoniam
539 2750 746 2782 habitantem
750 2751 868 2789 ,docet

158 2794 367 2826 Ptolemaeus
384 2798 416 2833 2,
431 2796 480 2826 1²1.
493 2796 545 2826 Μ.
557 2801 592 2826 et
604 2794 742 2839 Πιςούσας
755 2800 866 2827 vocat.

159 2839 292 2878 Strabo,
316 2839 340 2870 l.
360 2840 390 2870 7.
406 2850 440 2880 p.
459 2840 535 2871 314.
570 2839 744 2884 Πειξούστας
768 2845 802 2871 et
823 2841 866 2872 ad

158 2882 371 2916 Pannoniam
385 2883 498 2916 refert.

205 2929 656 2962 Doceant—denwnstrant.
701 2928 869 2961 Consueta

159 2977 277 3011 nostro
289 2972 396 3014 modi,
412 2979 451 3010 ut.
465 2973 644 3018 temporis,
665 2972 820 3014 variatim
832 2979 871 3008 ut

931 2095 1024 2116 mox.
1057 2095 1086 2115 c.
1113 2087 1145 2114 9.
1169 2084 1581 2124 reliquit—proficiscitur.
1610 2095 1642 2116 c.

937 2131 987 2160 ll.
1004 2128 1286 2169 delevit—jubet.

978 2174 1290 2215 Acceptaoratione.
1315 2172 1369 2203 Al.
1390 2177 1555 2214 percepta.
1579 2172 1644 2204 Ur-

932 2218 1025 2249 sinus
1041 2228 1060 2248 e
1077 2222 1145 2248 vet.
1163 2217 1240 2248 cod.
1261 2219 1403 2255 ratione,
1423 2217 1514 2259 quod
1532 2217 1645 2258 placet

932 2263 1038 2294 Hadr.
1058 2260 1198 2292 Valesio
1216 2260 1249 2291 in
1270 2260 1384 2292 Vales.
1403 2272 1438 2303 p.
1460 2263 1532 2292 178.

979 2307 1174 2338 Insa-actas.
1221 2305 1386 2346 Propium
1402 2306 1434 2337 in
1453 2306 1515 2337 hac
1532 2316 1566 2337 re
1581 2315 1645 2338 no-

932 2361 1021 2382 men.
1044 2351 1099 2382 Cf.
1115 2361 1144 2382 c.
1163 2353 1195 2380 5.
1213 2354 1247 2380 et
1261 2348 1300 2380 C.
1319 2353 1348 2387 3,
1369 2353 1441 2382 100.

979 2397 1093 2427 Abesse
1106 2396 1150 2427 ab
1165 2405 1214 2426 eo.
1248 2393 1302 2425 Sic
1319 2394 1397 2426 Cic.
1420 2395 1523 2426 Tusc.
1543 2397 1572 2426 1.
1591 2397 1645 2427 31.

979 2441 1119 2472 Portum
1139 2440 1256 2471 Itium.
1302 2437 1354 2470 Cf.
1372 2442 1404 2477 4,
1419 2443 1473 2471 23.
1499 2440 1548 2470 M.

984 2485 1215 2526 ‘transjectum
1230 2492 1297 2513 esse
1312 2489 1519 2526 cognoverat.
1565 2483 1644 2515 Hoc

932 2528 1073 2560 verbum
1113 2531 1327 2568 transjectum
1365 2538 1439 2559 esse
1471 2527 1645 2569 glossema

932 2572 1026 2605 verbi
1049 2575 1293 2610 transmissum,
1313 2573 1405 2613 quod
1431 2582 1509 2603 mox
1533 2571 1647 2614 sequi-

934 2622 998 2656 tur,
1024 2623 1104 2660 post
1119 2617 1284 2647 Faernum
1308 2616 1547 2647 Hotomannus
1569 2627 1644 2648 mo-

934 2662 1022 2693 nuit.
1055 2662 1105 2693 M.
1143 2661 1248 2692 Bene·
1277 2660 1399 2692 delevi.
1447 2659 1481 2690 Si
1513 2671 1645 2694 servare

933 2706 1032 2745 velis,
1045 2706 1224 2748 legendum
1236 2711 1324 2736 esset
1333 2715 1409 2735 cum
1420 2704 1509 2735 Oud.
1533 2710 1645 2738 trans-

933 2752 1097 2783 massaris.
1145 2746 1259 2780 Vossii
1282 2750 1391 2780 codex
1415 2748 1520 2780 habet
1534 2754 1647 2783 trans-

934 2797 1109 2827 missums.
1165 2794 1241 2824 Vox
1263 2794 1474 2826 transmissus
1495 2794 1648 2827 occurrit

935 2845 969 2871 et
983 2850 1015 2870 c.
1037 2841 1086 2871 13.

985 2886 1021 2916 C.
1038 2894 1085 2914 m.
1098 2893 1261 2925 passuum
1278 2883 1400 2915 XXX.
1414 2883 1468 2914 Al.
1487 2883 1566 2916 XL.
1589 2885 1645 2918 Cf.

937 2927 1162 2972 Cannegieter
1173 2928 1215 2962 de
1228 2926 1468 2971 Brittenburgo
1484 2939 1519 2972 p.
1535 2929 1597 2974 70.
