1946 3261
307 218 392 264 608
596 217 922 263 MANTISSA
953 216 1506 262 OBSERVATIONUM

311 346 354 395 6,
376 345 445 388 38.
478 344 534 386 acl
554 344 772 388 Coesarem.
836 344 1017 402 Respice
1031 343 1086 386 ad
1103 352 1250 386 notata
1266 343 1320 386 ad
1343 345 1380 394 1,
1401 345 1471 386 31.

310 404 503 447 Animus.
527 418 612 446 non
633 403 794 446 anima.
841 402 975 460 Apud
1008 403 1224 460 Nepotem
1255 412 1404 445 contra
1431 404 1473 445 in
1501 403 1707 452 Eumene,
1733 403 1773 445 4.

372 475 499 517 quam
519 461 701 504 alterum
719 463 868 505 anima
887 461 1124 516 reliquerit.

314 520 356 569 6,
377 519 446 561 42.
470 519 694 562 indicavit.
759 522 938 562 Graecus
957 522 1063 569 ἔγνω.

313 578 355 628 7,
385 578 448 619 11.
480 585 530 620 ut
550 593 588 634 q.
606 594 651 635 p.
671 577 755 620 iter
774 577 1012 633 conficeret.
1075 577 1162 619 P10
1183 577 1411 632 conficeret
1433 577 1548 620 Oud.
1570 578 1782 637 conjectat

371 636 455 694 leg.
491 637 710 692 confieret,
737 645 788 679 ut
815 654 849 679 c.
884 636 952 677 58.
1025 635 1139 678 Hinc
1161 636 1302 678 Bentl.
1322 645 1523 679 consueta
1542 636 1719 680 audacia
1734 643 1784 679 ut

377 708 507 750 quam
523 696 775 738 maturrime
792 709 858 736 res
871 694 1086 749 confieret.

314 753 361 804 7,
382 752 452 794 20.
484 767 564 795 sua
580 753 729 797 salute.
793 753 941 796 Davis.
974 762 1018 795 et
1041 752 1201 795 Clarke
1227 767 1306 795 sua
1325 752 1465 796 laude.
1530 753 1671 796 Bentl.
1702 767 1781 796 sua

373 811 584 863 utilitate,
613 828 708 854 sane
729 812 885 869 inepte.

317 870 362 919 7,
382 869 451 912 27.
485 870 813 913 adscendissent.
877 868 1001 911 Adde
1021 869 1194 912 omnino
1213 869 1327 912 Oud.
1352 869 1405 912 ad
1428 871 1548 912 Suet.
1592 868 1685 911 Jul.
1708 869 1776 910 61.

317 928 361 978 7,
384 928 453 970 29.
485 935 747 972 sanaturum.
779 929 922 971 forsan
935 927 1194 970 sarciturum
1215 928 1357 971 Bentl.

317 987 362 1037 7,
385 986 455 1029 30.
486 987 723 1044 providere.
793 987 829 1029 E
867 986 1105 1044 longinquo
1138 986 1294 1029 videre.
1330 1003 1368 1030 v.
1412 987 1526 1030 Oud.
1564 987 1620 1029 ad
1657 988 1782 1029 Suet.

377 1046 449 1087 Au
522 1045 584 1087 10.

318 1104 364 1153 7,
384 1104 441 1146 33
444 1060 845 1146 ,gaetrzmentosum
881 1103 1020 1145 Bentl.
1042 1104 1185 1146 forsan
1208 1104 1462 1148 detrimento
1482 1104 1569 1150 Sibi
1576 1105 1695 1162 fore

318 1161 582 1204 Intermissis
595 1177 691 1217 ma0
673 1161 778 1203 cristi
780 1161 931 1204 atibus.
949 1178 972 1204 e
987 1170 1127 1204 mente
1140 1163 1169 1205 J
1174 1179 1225 1204 u1
1228 1162 1303 1205 inii
1315 1163 1495 1221 intellig.
1514 1163 1783 1206 vacantibus.

320 1221 363 1270 7,
387 1220 458 1262 35.
510 1220 650 1277 captis
668 1219 906 1276 quibusque
926 1220 1178 1263 cohortibus.
1241 1221 1381 1263 Bentl.
1409 1222 1581 1264 volebat
1606 1223 1788 1264 exemtis

376 1277 630 1334 qmbusdam
676 1278 928 1321 cohortibus.
989 1279 1017 1320 J
1024 1295 1187 1321 u11n1us
1233 1279 1399 1321 Claikii
1450 1279 1787 1322 emendationem

375 1337 527 1379 demtis
541 1336 791 1393 quibusdam
809 1337 896 1379 ooli.
915 1352 967 1394 pl
970 1337 1073 1379 obat
1084 1346 1127 1379 et
1138 1337 1277 1379 Vossii
1293 1338 1622 1395 explicationem
1633 1337 1786 1396 rejicit.

319 1395 364 1445 7,
385 1395 454 1437 36.
490 1402 633 1438 tamen
651 1394 825 1438 silentio
844 1395 993 1438 noetis,
1055 1395 1252 1437 Jurinius
1272 1397 1376 1438 velit
1393 1404 1586 1453 itaques
1605 1411 1648 1438 77.

319 1454 363 1504 7,
385 1454 455 1496 37.
486 1453 821 1510 disceptatorem.
866 1455 1020 1497 Utitur
1040 1454 1117 1496 hac
1139 1469 1241 1496 voce
1267 1454 1448 1497 Plautus
1470 1455 1659 1497 Mostell.
1680 1455 1723 1505 5,
1741 1456 1786 1505 2,

384 1513 447 1554 16.
482 1512 549 1555 Cf.
577 1513 712 1554 Gron.
735 1512 789 1554 ad
813 1512 906 1555 Liv.
929 1513 1001 1562 38,
1023 1514 1093 1555 35.

316 1571 361 1622 7,
384 1570 452 1614 39.
479 1572 757 1628 ffeiduoeerat.
797 1572 1016 1614 Dounaeus
1031 1571 1085 1613 ad
1103 1570 1321 1614 Demosth.
1345 1587 1407 1614 or.
1428 1572 1482 1614 de
1504 1587 1667 1630 pacep.
1694 1572 1787 1616 134.

377 1630 523 1672 mallet
543 1629 636 1671 heic
654 1631 927 1686 procluoeerat.
962 1630 1015 1671 cf.
1039 1630 1187 1672 Burm.
1211 1630 1265 1672 ad
1286 1631 1406 1673 Suet.
1433 1631 1587 1674 Claud.
1611 1632 1652 1672 4.

317 1689 361 1738 7,
384 1689 454 1730 45.
487 1687 887 1746 inpedimentorum.
958 1688 1156 1731 Ciaccon.
1204 1689 1363 1730 frustra
1409 1689 1580 1747 conjicit
1611 1691 1788 1746 y'umeu-

375 1754 526 1790 torum.

319 1807 442 1863 Eque
475 1806 531 1847 iis
562 1811 708 1847 stram.
740 1805 973 1847 detrahere.
1039 1804 1292 1862 Praepositio
1320 1820 1418 1846 mox
1451 1804 1644 1854 additur,
1685 1820 1786 1847 mox

372 1863 529 1906 deficit.
553 1879 592 1905 v.
625 1863 822 1905 Oudend.
854 1863 907 1905 ad
939 1865 1061 1905 Suet.
1098 1863 1228 1905 Dom.
1263 1862 1324 1904 10.
1356 1863 1408 1904 cf.
1437 1863 1526 1905 Cic.
1557 1863 1613 1905 ad
1632 1863 1684 1912 Q.
1706 1863 1778 1905 Fr.

380 1924 418 1972 1,
446 1924 479 1964 1.
504 1937 732 1980 perperam
759 1937 864 1980 ergo
892 1930 1021 1980 negat
1055 1921 1111 1964 D.
1138 1920 1314 1962 Vossius
1343 1921 1563 1964 detrahere
1613 1936 1668 1963 ea·
1694 1937 1782 1963 esse

378 1981 592 2023 Latinum.

319 2039 481 2083 Paullo
500 2053 647 2105 progr.
670 2038 754 2096 iiis.
790 2038 861 2080 Sic
881 2037 1004 2080 codd.
1027 2038 1160 2096 vulgo
1188 2037 1403 2094 paullum.
1467 2036 1552 2078 Sed
1584 2036 1640 2084 cf.
1675 2046 1720 2080 et
1743 2054 1780 2080 c.

300 2131 301 2134 η
374 2098 444 2139 51.
466 2098 536 2140 60.
554 2098 656 2139 item
680 2097 813 2139 Cmte
840 2096 894 2139 ad
915 2096 1091 2138 Sallust.
1127 2097 1232 2153 Jug.
1269 2095 1362 2138 106.
1396 2095 1546 2137 Burin.
1569 2094 1624 2136 ad
1654 2095 1786 2139 Ovid.

375 2172 428 2198 ex
450 2155 499 2197 P.
518 2156 561 2207 3,
582 2155 625 2204 4,
643 2154 713 2196 47.
736 2155 923 2213 ubipost
946 2162 1080 2197 tauto.

318 2215 361 2270 7,
383 2214 453 2257 47.
489 2228 574 2271 qua
607 2219 695 2255 tum
723 2220 817 2255 erat
845 2213 1084 2257 comitatus.
1152 2211 1268 2256 Oud.
1300 2211 1555 2271 conjiciebat
1576 2211 1784 2254 concomi-

378 2279 506 2316 tatus.

319 2333 364 2381 7,
388 2332 459 2374 50.
490 2330 651 2373 cleoetris
684 2330 872 2372 humeris
898 2330 1088 2373 (asertis.
1152 2331 1385 2372 Grassatur
1419 2329 1462 2371 in
1496 2328 1610 2371 hunc
1643 2328 1784 2370 locum

380 2389 602 2433 Bentleius
617 2388 809 2454 legitque
827 2397 957 2431 scutis
976 2390 1023 2431 777
1044 2389 1238 2431 humero-5
1259 2386 1448 2445 rejectis,
1475 2386 1632 2451 quod'
1623 2387 1785 2452 insigne

381 2448 558 2514 pacatis.
628 2447 655 2489 J
662 2461 825 2488 u11n1us
862 2447 1091 2489 modestior
1124 2447 1288 2488 deoetrzs
1324 2444 1560 2488 inermibus
1593 2446 1782 2488 eoesertis.

381 2506 688 2570 Videlipotest
709 2512 752 2546 et
774 2504 1054 2547 Parrhasius
1045 2521 1087 2547 ln
1109 2506 1240 2547 Grut.
1255 2504 1409 2561 Lamp.
1431 2503 1530 2546 Vol.
1556 2503 1593 2545 1.
1618 2518 1662 2560 p.
1682 2502 1784 2545 799.

321 2566 364 2615 7,
389 2565 458 2607 51.
492 2564 789 2608 constiterunt.
821 2562 1184 2606 311ἰθα877·.τθ77ι777
1207 2563 1327 2605 bene.
1350 2578 1389 2603 v.
1412 2561 1507 2604 Ind.

323 2625 366 2674 7,
390 2624 462 2666 53.
494 2624 550 2665 ad
575 2629 809 2665 eoetwmum
839 2621 1156 2664 oratz·one.111
1186 2621 1419 2680 poste1i01·e
1445 2620 1633 2662 editione
1662 2619 1780 2662 Oud.

380 2681 501 2724 dedit
518 2682 574 2723 acl
592 2687 824 2723 eoetremam
844 2694 892 2721 07
894 2687 1039 2722 7777077(
1042 2695 1096 2723 m.
1129 2679 1246 2737 quod
1266 2679 1368 2721 boni
1388 2678 1510 2720 codd.
1532 2677 1708 2721 habent.

322 2741 366 2789 7,
386 2740 457 2782 54.
488 2739 710 2782 rediment
740 2738 916 2780 Mavult
934 2738 1078 2780 Bentl.
1096 2739 1264 2780 redisse.
1287 2753 1372 2780 non
1390 2737 1515 2780 male.

323 2799 366 2849 7,
389 2799 456 2840 55.
487 2805 565 2841 aut
596 2796 766 2843 itineris
795 2810 958 2841 caussa.
1030 2797 1170 2840 Bentl.
1200 2803 1277 2841 aut
1306 2795 1446 2839 animi
1473 2808 1640 2838 caussa.
1680 2792 1783 2837 heus

378 2864 422 2900 et
443 2855 546 2902 ohe!
