1946 3261
643 164 763 210 LIB.
797 161 932 211 VIII.
993 164 1135 208 CAP.
1173 162 1357 208 10-13.
1671 160 1759 204 ‘233

257 291 314 335 ad
351 292 618 338 Trebonium
639 294 794 345 mittit,
829 303 896 344 ut,
934 309 1069 352 quam
1102 293 1326 337 celerrime
1347 298 1508 351 posset,
1535 289 1753 350 legionem

258 351 390 403 XIII,
424 370 523 412 quae
557 370 657 398 cum
683 354 737 396 T.
764 354 917 397 Sextio
941 353 1034 410 Leg
1036 360 1110 394 ato
1142 353 1185 396 in
1210 353 1486 412 Biturigibus
1518 350 1755 398 hiemabat,

257 422 511 464 arcesseret,
547 423 682 471 atque
705 414 766 457 ita
787 430 887 457 cum
910 411 979 455 III
1011 411 1256 470 legionibus
1277 428 1411 470 quam
1443 411 1610 470 magnis
1630 410 1755 453 itine-

256 470 381 515 ribus
401 473 458 515 ad
478 489 522 516 se
541 473 738 515 veniret·
770 473 862 540 ipse
894 472 1063 540 equites
1090 486 1134 513 111
1161 486 1299 513 Vlcem
1322 471 1563 514 Remorum
1583 486 1633 513 ac
1655 469 1756 512 Lin-

257 545 421 588 gonum
443 532 805 589 reliquarumque
826 532 1072 580 civitatum,
1086 545 1275 588 quoium
1287 545 1502 596 magnum
1523 544 1758 573 numerum

255 599 533 640 evocaverat,
567 590 768 648 praesidio
797 590 1160 649 pabulationibus
1181 588 1336 639 mittit,
1379 589 1455 647 qui
1477 590 1642 633 subitas
1658 588 1755 632 hos-

257 647 371 691 tium
392 649 656 692 incursiones
678 651 956 693 sustinerent.

321 707 388 749 12.
425 707 558 758 Quod
580 724 718 766 quum
739 710 937 767 quotidie
959 708 1102 758 fieret,
1136 723 1186 750 ac
1203 707 1292 767 jam
1310 708 1638 761 consuetudine,
1660 707 1756 751 dili-

288 767 407 810 entia
448 768 737 818 minueretur,
772 769 893 826 quod
941 768 1205 827 plerumque
1251 767 1411 810 accidit
1446 768 1756 816 diuturnitate,

256 782 499 878 {ellovaen
527 827 699 871 delecta
721 844 851 871 manu
875 828 1089 887 peditum,
1125 827 1312 881 cognitis
1331 826 1592 869 stationibus
1613 827 1758 883 quoti-

253 883 393 928 dianis
427 888 629 945 equitum
666 898 934 937 nostrorum,
973 886 1249 928 silvesnibus
1287 885 1391 928 locis
1423 886 1596 929 insidias
1613 885 1756 953 dispo-

255 953 394 994 nunt;
431 945 676 1005 eodemque
710 948 881 1005 equites
916 955 1093 1012 postero
1121 945 1192 988 die
1226 945 1427 994 mittunt,
1465 946 1542 1003 qui
1566 945 1757 1004 primum

253 1004 466 1048 elicerent
488 1015 657 1049 nostros
679 1007 856 1058 insidiis,
877 1004 1034 1050 deinde
1053 1005 1374 1047 ci1cumventos
1389 1005 1756 1061 adgrederentui.

258 1064 398 1123 Cujus
419 1065 522 1108 mali
543 1082 634 1108 sors
655 1065 811 1109 incidit
835 1064 1000 1132 RemUiS,
1039 1064 1202 1122 quibus
1222 1064 1294 1107 ille
1315 1063 1406 1107 dies
1424 1064 1634 1122 iungendi
1664 1081 1758 1107 mu-

255 1124 370 1167 neris
390 1125 648 1169 obvenerat.
715 1126 919 1181 Namque
942 1124 987 1173 ii,
1010 1140 1148 1182 quum
1172 1133 1357 1182 repente
1381 1123 1569 1167 hostium
1589 1124 1759 1182 equites

253 1183 446 1226 animum
477 1185 766 1228 advertissent
788 1201 838 1226 ac
863 1200 1044 1226 numero
1072 1183 1320 1242 superiores
1354 1183 1624 1241 Ρειιιοὶῐιῖεῐῐι
1658 1199 1758 1226 con-

255 1243 514 1294 temsissent,
548 1244 751 1302 cupidius
790 1243 986 1292 insecuti,
1014 1259 1040 1285 a
1075 1243 1302 1302 peditibus
1323 1243 1517 1301 undique
1552 1252 1655 1287 sunt
1677 1243 1758 1285 cir-

255 1302 474 1345 cumdati:
508 1319 600 1360 quo
623 1304 740 1345 facto
776 1302 1049 1361 perturbati,
1089 1303 1291 1351 celerius,
1330 1318 1462 1369 quam
1486 1302 1757 1346 consuetudo

253 1360 343 1404 fert
356 1362 571 1419 equestris
585 1362 746 1421 proelii,
767 1378 810 1404 se
834 1371 1112 1419 receperunt,
1136 1363 1290 1404 amisso
1312 1361 1530 1411 Ve1t1sco‚
1554 1362 1758 1421 Plincipe

254 1421 462 1471 civitatis,
505 1421 720 1464 Praefecto
753 1421 980 1479 equitum:
1016 1421 1092 1478 qui
1130 1436 1267 1478 quum
1305 1436 1330 1462 ι
1338 1420 1379 1461 ix
1416 1437 1532 1477 equo
1572 1431 1758 1480 propter

253 1489 428 1523 aetatem
458 1490 603 1539 posset
642 1482 724 1548 uti,
761 1490 922 1529 tamen,
966 1480 1279 1523 consuetudine
1319 1480 1570 1530 Gallorum,
1614 1497 1758 1539 neque

253 1540 393 1583 aetatis
414 1540 693 1583 excusatione
713 1541 753 1582 in
777 1540 1047 1597 suscipienda
1072 1540 1344 1582 Praefectura
1366 1556 1466 1581 usus
1482 1548 1594 1589 er‚at
1617 1557 1760 1599 neque

252 1599 453 1665 dimicari
474 1599 566 1641 sine
587 1615 631 1641 se
655 1615 681 1641 v
673 1599 872 1641 oluerat.
921 1597 1136 1642 Inflantur
1158 1608 1292 1656 atque
1315 1599 1552 1641 incitantm
1569 1599 1760 1643 hostium

251 1657 384 1702 animi
406 1658 595 1701 secundo
618 1659 794 1717 proelio,
822 1658 1027 1717 Principe
1050 1668 1096 1701 et
1122 1657 1189 1700 Pr·
1183 1658 1338 1700 efecto
1363 1657 1604 1702 Remorum
1625 1660 1759 1702 inter-

250 1719 385 1767 fecto,
424 1718 650 1785 nostiique
688 1717 955 1761 detiimento
989 1718 1298 1765 admonentur,
1319 1717 1576 1774 diligentius
1609 1719 1759 1778 explo-

252 1778 358 1822 ratis
380 1777 486 1820 locis
515 1778 724 1821 stationes
755 1778 985 1836 disponere
1007 1795 1057 1821 ac
1079 1776 1352 1820 moderatius
1386 1776 1613 1822 cedentem
1651 1780 1760 1822 inse·

251 1837 330 1898 qui
352 1837 535 1881 hostem.

317 1897 384 1940 13.
421 1897 525 1940 Non
563 1895 921 1940 intermittuntur
978 1896 1152 1940 interim
1202 1897 1459 1955 quotidiana
1514 1897 1674 1956 proelia
1715 1897 1760 1942 in

253 1965 489 2015 conspectu
508 1966 803 2013 utrorumque
825 1966 1085 2024 castrorum,
1121 1973 1220 2014 quae
1249 1957 1304 1999 ad
1325 1956 1437 1999 vada
1459 1957 1758 2016 transitusque

253 2015 418 2059 fiebant
450 2015 638 2073 paludis
705 2017 803 2066 Qua
826 2017 1106 2059 contentione
1131 2016 1358 2065 Germani,
1377 2033 1487 2075 quos
1509 2026 1759 2084 leopterea

255 2075 402 2120 Caesar
424 2075 733 2118 transduxerat
755 2075 976 2127 Rhenum,
995 2086 1045 2120 ut
1066 2076 1292 2134 equitibus
1311 2076 1557 2135 interpositi
1582 2077 1757 2136 proelia-

1089 2225 1289 2259 Oba-enema.
1319 2225 1391 2258 Alii
1404 2230 1555 2258 tenerae.

1095 2271 1250 2302 l‘m-tisco.
1312 2270 1370 2303 Sic
1408 2271 1486 2303 edd.
1523 2275 1590 2301 vet.
1636 2270 1757 2302 Celsus

1051 2316 1198 2346 reru'qo.
1233 2315 1303 2347 Alii
1326 2317 1476 2348 Ver-ulio.
1515 2315 1624 2357 Supra
1654 2319 1756 2354 5‚-·15.

1045 2362 1099 2391 49.
1123 2359 1272 2391 occurrit
1295 2361 1433 2392 sertim.

301 2224 414 2260 Quam
443 2226 581 2267 magnis
614 2226 686 2256 itin.
748 2223 802 2255 Sic
841 2224 909 2266 leg.
951 2235 971 2256 e

254 2267 355 2300 Leid.
395 2279 445 2311 pr.
475 2269 545 2300 vid.
580 2269 652 2301 Ind.
684 2268 719 2300 in
752 2280 870 2311 quam.
921 2270 972 2301 M.

258 2312 372 2353 Vulgo
388 2316 538 2355 mannis.

301 2359 600 2390 Pabulatiomtbus.
648 2357 703 2389 Sic
721 2357 825 2389 codd.
847 2363 880 2389 et
895 2359 974 2390 edd.

253 2407 326 2433 vet.
350 2402 501 2444 Scaliger
517 2413 598 2434 cum
611 2403 741 2434 Faerno
753 2402 973 2444 malitpalm-

254 2447 429 2478 latoribus.
469 2447 535 2478 Sed
553 2447 640 2480 bene
657 2447 810 2490 positum
821 2448 973 2480 abstrac-

254 2497 327 2522 tum
344 2501 404 2531 pro
420 2496 594 2524 concreto.

303 2536 536 2567 Elic.n0seros
552 2537 694 2575 insidiis,
718 2536 743 2568 i.
771 2547 803 2568 e.
826 2537 870 2568 ad
892 2536 975 2569 insi-

254 2579 341 2618 dias,
366 2580 411 2611 ad
437 2580 565 2617 locum,
597 2580 658 2613 ubi
688 2580 820 2613 insidiae
852 2582 971 2623 positae

254 2630 364 2656 erant.
389 2623 444 2655 Sic
463 2623 655 2666 explicavit
668 2625 759 2656 Oud.
776 2626 890 2657 Locus
903 2636 971 2658 non

254 2668 452 2700 intellectus
496 2668 646 2701 variatus
685 2676 736 2701 est
776 2670 974 2710 scribendo,

254 2714 402 2751 insidiae,
426 2715 463 2744 in
489 2714 636 2754 insidiis,
662 2719 696 2745 et
714 2714 818 2756 vulgo
834 2718 872 2746 in
893 2717 977 2747 imi-

255 2759 343 2790 dias.
372 2758 421 2789 Μ.
469 2757 606 2790 Similia
619 2764 696 2790 sunt
723 2758 763 2789 C.
781 2762 813 2797 2,
835 2761 888 2792 19.
914 2761 972 2792 ‹le-

255 2803 378 2835 dacere
397 2803 572 2844 praesidio.
611 2803 684 2836 Afr.
715 2805 765 2834 16.
782 2805 900 2846 oppido
921 2816 975 2836 re-

252 2853 459 2888 presserunt.
483 2852 518 2878 et
534 2849 629 2891 apud
648 2847 828 2881 Lucanum
845 2852 879 2889 2,
894 2851 972 2882 685.

257 2891 444 2928 discussero
454 2893 539 2931 sabo-
560 2917 563 2920 -

1090 2405 1284 2447 Inflantur.
1322 2405 1377 2436 Sic
1401 2406 1468 2436 duo
1491 2405 1591 2437 codd·
1621 2408 1705 2435 antt.
1721 2408 1756 2435 et

1042 2447 1140 2481 boni.
1166 2448 1257 2491 Ergo
1272 2449 1340 2481 alia
1353 2449 1457 2481 lectio
1462 2452 1557 2492 insl
1545 2453 1753 2487 armantur

1041 2494 1087 2525 ab
1117 2493 1171 2525 his
1196 2499 1259 2529 est
1284 2493 1344 2536 qui
1361 2495 1542 2526 voluerunt
1565 2492 1754 2524 emendare.

1042 2539 1095 2570 M.
1133 2539 1193 2569 Ast
1211 2540 1478 2580 inflammantur
1493 2544 1545 2569 est
1563 2537 1594 2568 in
1613 2536 1753 2578 reliquis

1040 2583 1142 2614 codd.
1170 2583 1298 2614 habent
1313 2584 1434 2615 etedd.
1451 2588 1520 2614 vet.
1566 2581 1622 2613 Sic
1637 2582 1754 2613 etAsr.

1044 2629 1095 2658 19.
1144 2627 1259 2659 Dubia
1291 2627 1406 2660 lectio.
1447 2627 1599 2669 Inflatus
1627 2625 1755 2668 legitur

1041 2674 1078 2705 c.
1097 2673 1128 2711 3,
1149 2674 1222 2703 108.

1089 2717 1165 2748 Non
1181 2718 1459 2749 intermittuntur.
1496 2715 1550 2747 Al.
1573 2717 1758 2749 inter-mittit

1043 2761 1120 2793 scil.
1144 2760 1270 2792 Caesar.

1088 2805 1269 2846 Equitibm
1295 2805 1488 2847 inem-positi.
1533 2805 1587 2838 Cf.
1607 2806 1636 2845 1,
1649 2806 1706 2838 48.
1722 2807 1755 2843 7,

1047 2853 1097 2883 18.
1114 2856 1148 2882 ct
1165 2849 1308 2892 passim.
1331 2850 1383 2882 M.
