1946 3261
256 220 344 263 384
724 217 808 259 DE
841 215 1044 259 BELLO
1078 215 1290 260 CIVILI.

255 347 352 389 illos
373 351 538 386 secreto
559 341 803 401 castigavit,
836 342 953 400 quod
987 344 1170 401 quaestui
1201 343 1367 401 equites
1387 340 1619 389 haba-enm
1649 357 1736 385 mo-

255 406 454 460 nuitque,
473 411 523 444 ut
541 417 592 444 ex
609 418 684 444 sua
700 401 885 444 amicitia
903 403 1043 445 omnia
1061 410 1359 460 exspectarent
1377 410 1422 444 et
1441 417 1494 444 ex
1507 400 1736 459 praeteritis

254 463 338 505 suis
360 460 508 503 officiis
528 460 700 518 reliqua
718 469 956 519 sperarent.
1024 461 1234 519 Magnam
1265 471 1407 504 tamen
1436 459 1524 502 haec
1560 475 1624 501 res
1655 458 1738 515 illis

254 519 546 563 obfensionem
575 529 620 562 et
656 520 987 563 contemtionem
1027 519 1083 561 ad
1117 535 1260 563 omnes
1289 518 1472 562 adtulit:
1514 517 1646 576 idque
1678 518 1739 560 ita

253 595 341 621 esse
363 594 500 636 quum
533 595 587 622 ex
606 578 791 621 aliorum
815 578 1195 635 objectationibus,
1225 588 1319 622 tum
1343 579 1471 621 etiam
1501 594 1554 620 ex
1575 577 1739 620 domes·

252 637 338 680 tico
376 637 540 696 judicio
581 646 713 695 atque
753 638 881 680 animi
929 638 1186 680 conscientia
1225 637 1556 696 intellegebant.
1640 635 1739 685 Quo

252 696 420 755 pudore
441 695 617 739 adducti
638 705 682 739 et
699 696 876 739 fortasse
899 712 983 739 non
1000 713 1042 739 se
1064 696 1256 747 liberari,
1274 697 1349 740 sed
1370 697 1413 738 in
1430 695 1550 738 aliud
1567 703 1738 752 tempus

251 754 463 798 reservari
485 755 705 805 arbitrati,
739 754 968 798 discedere·
982 771 1007 797 a
1028 755 1152 799 nobis
1172 765 1218 799 et
1238 771 1391 798 novam
1410 763 1579 797 tentare
1600 754 1738 796 fortu-

251 830 349 857 nam
369 829 586 871 novasque
605 813 794 872 experiri
813 814 1020 856 amicitias
1037 815 1379 857 constituerunt:
1414 823 1458 855 et
1475 829 1573 855 cum
1591 810 1738 871 paucis

251 873 470 916 conlocuti
503 873 734 916 clientibus
766 873 864 921 suis,
890 872 1049 930 quibus
1072 882 1240 915 tantum
1276 872 1440 914 facinus
1470 872 1738 914 committere

250 932 488 982 audebant,
531 931 720 990 primum
759 931 901 973 conati
940 940 1053 973 sunt.
1134 930 1396 973 Praefectum
1434 929 1647 987 equitum,
1683 929 1737 972 C.

253 990 538 1040 Volusenum,
561 989 816 1038 interficere,
856 998 906 1031 ut
941 998 1109 1047 postea,
1138 989 1257 1032 bello
1279 988 1494 1037 confecto,
1517 988 1739 1054 cognitum

199 1048 206 1052 ⁷
251 1058 337 1099 est;
371 1058 421 1092 ut
443 1065 540 1091 cum
562 1064 740 1090 munere
761 1048 908 1104 aliquo
931 1049 1171 1106 perfugisse
1195 1048 1250 1091 ad
1274 1047 1528 1105 Pompeium
1545 1046 1739 1090 vlderen-

251 1118 340 1151 tur.
408 1107 646 1164 Postquam
680 1105 724 1148 id
754 1105 972 1149 difficilius
995 1107 1134 1149 visum
1159 1116 1240 1156 est,
1275 1122 1417 1164 neque
1440 1105 1621 1148 facultas
1644 1122 1738 1164 per-

249 1166 421 1210 ficiendi
442 1165 648 1214 dabatur,
671 1181 802 1222 quam
823 1165 1025 1207 maximas
1047 1174 1289 1223 potuerunt
1309 1165 1512 1224 pecunias
1533 1164 1738 1214 mutuati,

250 1224 436 1285 proinde
474 1240 524 1265 ac
562 1223 646 1266 suis
683 1223 928 1266 satisfacere
966 1233 1010 1266 et
1050 1223 1251 1267 fraudata
1294 1223 1524 1267 restituere
1560 1222 1738 1273 vellent,

250 1284 399 1327 multis
420 1281 597 1324 coemtis
618 1282 755 1340 equis,
779 1282 833 1324 ad
858 1283 1114 1340 Pompeium
1136 1282 1401 1327 transierunt
1423 1298 1521 1325 cum
1542 1281 1607 1331 iis,
1630 1297 1740 1341 quos

248 1343 313 1386 sui
337 1340 498 1384 consilii
520 1342 755 1399 participes
774 1340 1007 1383 habebant.

310 1401 379 1442 61.
415 1400 536 1449 Quos
571 1400 818 1457 Pompci11S‚
853 1399 971 1456 quod
1003 1407 1127 1442 erant
1157 1397 1336 1442 honesto
1368 1398 1464 1442 loco
1496 1398 1586 1441 nati
1614 1407 1658 1442 et
1679 1397 1740 1442 in-

248 1459 403 1503 structi
424 1458 666 1501 liberaliter
688 1474 934 1516 magnoque
957 1458 1165 1501 comitatu
1194 1467 1237 1499 et
1271 1458 1419 1500 multis
1443 1457 1647 1515 jumentis
1667 1473 1737 1500 ve-

250 1527 421 1567 nerant,
444 1517 615 1574 virique
638 1518 770 1558 fortes
791 1515 1067 1559 habebantur
1080 1516 1179 1558 etin
1200 1516 1362 1559 honore
1382 1515 1501 1574 apud
1525 1516 1738 1560 Caesarem

248 1578 441 1623 fuerant,
470 1576 677 1631 quodque
702 1590 863 1616 novum
884 1583 927 1615 et
951 1584 1108 1631 przeter
1127 1575 1483 1617 consuetudinem
1505 1573 1738 1625 acciderat,

249 1635 394 1679 onmia
417 1648 494 1674 sua
525 1631 725 1690 praesidia
752 1632 1043 1674 circumduxit
1065 1640 1198 1688 atque
1221 1632 1481 1675 ostentavit:
1517 1648 1615 1676 nam
1636 1641 1736 1676 ante

247 1694 293 1736 id
315 1702 486 1750 tempus
507 1706 632 1732 nemo
652 1698 729 1732 aut
751 1690 871 1731 miles
890 1698 963 1731 aut
988 1705 1120 1746 eques
1157 1706 1182 1730 a
1218 1690 1385 1732 Caesare
1407 1690 1462 1732 ad
1487 1690 1738 1749 Pompeium

247 1751 495 1803 transierat,
527 1764 665 1805 quum
688 1763 807 1806 paene
829 1747 1022 1805 quotidie
1044 1764 1068 1790 a
1095 1747 1301 1805 Pompeio
1324 1748 1378 1790 ad
1404 1749 1616 1792 Caesarem
1639 1765 1736 1808 per·

248 1811 470 1869 fugerent,
512 1807 648 1866 vulgo
681 1823 785 1849 vero
818 1806 1007 1849 universi
1040 1807 1082 1848 in
1117 1805 1254 1864 Epiro
1287 1816 1421 1864 atque
1451 1807 1614 1850 AEtolia
1636 1824 1735 1851 con-

247 1869 399 1927 scripti
431 1867 589 1910 milites
620 1881 856 1923 earumque
891 1865 1117 1923 regionum
1150 1865 1356 1914 omnium,
1391 1882 1489 1923 quae
1516 1883 1540 1908 a
1565 1867 1735 1910 Caesare

247 1927 523 1970 tenebantur.
591 1925 677 1967 Sed
710 1925 770 1974 hi,
800 1925 982 1983 cognitis
1017 1924 1215 1967 omnibus
1250 1925 1404 1974 rebus;
1447 1941 1520 1967 seu
1586 1926 1657 1968 uid
1692 1926 1734 1969 in

246 1985 558 2030 munitionibus
604 1983 836 2026 )ei·fect111n
866 1997 948 2025 non
970 1992 1079 2032 erat,
1101 2000 1174 2025 seu
1198 1983 1303 2040 quid
1324 1999 1348 2025 a
1372 1941 1650 2042 peritioribus
1673 1984 1734 2027 rei

248 2044 445 2088 militaris
494 2001 728 2087 desiderari
770 2041 1029 2092 videbatur;
1078 2042 1440 2101 temporibusque
1495 2059 1641 2085 rerum
1692 2052 1737 2085 et

1031 2156 1107 2186 edd.
1127 2162 1193 2186 vot.
1211 2156 1356 2187 Frontin.
1373 2157 1405 2190 3.
1424 2159 1474 2193 15,
1490 2160 1522 2188 5.
1539 2156 1659 2188 hon-ea
1669 2158 1734 2187 cir-

1029 2201 1275 2231 mnndum-unt
1287 2202 1443 2240 captivos.

302 2159 341 2187 17!
353 2167 394 2187 ea·
404 2166 465 2187 sim
479 2155 649 2195 (Caesaris)
659 2157 756 2187 amir.
768 2165 843 2186 omn
852 2179 858 2185 .
869 2165 960 2197 exsp.

250 2206 285 2232 ut
300 2210 320 2231 a
329 2201 462 2231 Caesare
474 2199 682 2230 amicissimo
694 2199 806 2230 onmia
820 2209 961 2239 exspec-

251 2249 371 2282 tarent,
387 2254 494 2284 nequc
511 2243 575 2284 ipsi
592 2243 767 2274 fraudibus
782 2251 814 2274 et
829 2243 959 2274 artibus

250 2288 352 2320 malis
367 2298 516 2319 crescere
532 2288 714 2318 studerent.
749 2286 802 2317 Sic
819 2297 960 2328 tva-prce-

249 2335 354 2362 leriris·
367 2331 511 2361 (ta-saris
531 2330 643 2368 qlliciis·
664 2332 794 2371 reliqna
812 2336 959 2372 speram.

250 2385 331 2406 cum
363 2379 508 2415 sperant,
541 2379 575 2404 et
609 2372 641 2403 in
674 2381 843 2414 posterum
877 2375 957 2405 talia

251 2418 365 2450 officia
404 2417 486 2459 ipsis
515 2418 684 2449 Caesarem
719 2419 958 2458 priestiturum.

250 2462 366 2504 qualia
395 2461 586 2503 praestiterit
608 2461 772 2501 superiori
796 2469 957 2502 tompore.

252 2508 336 2538 11:120
350 2507 522 2548 quomodo
545 2504 717 2536 nonnullis
734 2505 839 2536 vidi-ri
857 2515 957 2546 pom·

250 2551 334 2582 erint
372 2556 552 2591 conrupta,
588 2559 653 2580 non
694 2559 865 2589 assequor.
907 2551 956 2580 Μ.

252 2595 340 2626 Scal.
387 2604 561 2635 perperam
611 2594 742 2633 reliqua
787 2599 957 2633 sperat-vm

253 2638 349 2670 uncis
365 2638 514 2670 inclusit.
548 2637 639 2669 Male
652 2636 755 2667 etiam
770 2636 824 2667 hic
840 2637 955 2669 Davis.

251 2689 283 2713 et
299 2682 456 2714 Clarkius
472 2692 543 2713 sese
561 2687 728 2722 torquent.

299 2727 446 2758 Proinde
471 2737 512 2758 ac
537 2727 615 2756 suis.
660 2725 715 2756 Sic
743 2723 824 2756 boni
855 2726 955 2756 codd.

253 2769 320 2801 Alii
334 2771 486 2811 perinde.
525 2768 566 2800 V.
583 2775 654 2800 not.
668 2769 710 2800 ad
726 2779 757 2800 c.
778 2770 805 2799 1.
836 2769 874 2798 Τὸ
888 2772 956 2800 suis

254 2814 342 2844 Scal.
355 2814 474 2845 omisit
485 2813 600 2844 invitis
614 2813 714 2844 codd.
727 2817 761 2844 et
773 2813 852 2843 edd.
864 2819 931 2844 vet.

300 2858 420 2889 Omnia
437 2869 499 2890 sua
516 2875 559 2880 —
575 2857 811 2890 ‹vn-cumduxit.
847 2857 954 2887 lntru-

254 2911 326 2941 sere
344 2900 399 2932 hic
426 2900 565 2942 quidam
588 2913 649 2943 per
670 2900 783 2933 invitis
807 2900 907 2933 codd.
923 2907 953 2932 et

1080 2245 1092 2273 1
1100 2245 1183 2283 'ul-qo
1215 2244 1301 2281 (sine
1331 2243 1543 2283 discrimine)
1572 2246 1734 2281 universi,

1027 2287 1101 2318 Nou
1119 2287 1267 2318 debebat
1283 2287 1364 2318 illud
1383 2288 1508 2327 rulqoa
1522 2286 1729 2328 quibusdam

1028 2330 1143 2364 deleri.
1181 2338 1238 2361 aut
1275 2331 1417 2361 alterum
1457 2333 1614 2362 mih-ersi.
1660 2332 1730 2364 vid.

1028 2375 1159 2405 Ernest.
1172 2374 1268 2405 Clau.
1281 2374 1353 2405 Cic.
1379 2375 1428 2406 M.
1453 2375 1499 2406 lta
1513 2375 1621 2406 Plaut.
1637 2375 1730 2407 Trin.

1027 2421 1059 2457 4,
1077 2423 1108 2457 8,
1125 2421 1178 2449 59.
1201 2419 1353 2449 omnibus
1368 2422 1544 2451 amr-ersis.
1572 2419 1731 2460 pleonas-

1027 2473 1112 2494 mus.
1160 2461 1211 2493 Sic
1236 2470 1269 2492 et
1295 2462 1345 2493 ib.
1379 2465 1406 2497 1.
1432 2467 1463 2497 2.
1496 2464 1569 2494 134.
1591 2474 1730 2505 φέρω

1027 2511 1218 2539 univ-orsum
1234 2512 1348 2538 mmm.
1375 2512 1407 2538 et
1420 2507 1554 2539 Terent.
1596 2508 1681 2539 And.
1696 2510 1728 2543 2,

1027 2552 1058 2588 2,
1079 2552 1129 2581 10.
1146 2550 1254 2580 laert-ie
1268 2556 1364 2581 certe.

1073 2595 1218 2635 convitis
1245 2594 1395 2625 omnibus
1417 2593 1527 2631 robus,
1556 2603 1634 2625 cum
1663 2593 1730 2625 sci-

1025 2644 1109 2676 rent,
1133 2637 1298 2678 quidquid
1316 2637 1348 2668 in
1365 2636 1510 2669 Caesaris
1535 2637 1656 2670 castris
1670 2638 1727 2669 fle-

1025 2687 1084 2712 ret.
1110 2683 1160 2713 Μ.

1071 2726 1287 2767 Temporibus
1324 2736 1439 2757 rernm
1473 2725 1727 2759 atain-adversis.

1016 2779 1091 2810 quo
1107 2776 1258 2811 tempore
1281 2770 1433 2811 quidque
1458 2769 1526 2801 fieri
1553 2769 1586 2800 in
1609 2769 1728 2800 eastris

1022 2813 1166 2889 ῼξετιτίε
1204 2814 1336 2847 soleret.
1382 2814 1433 2846 Μ.
1479 2812 1727 2854 Obportuuiia·

1021 2863 1048 2889 u
1077 2868 1126 2890 us.
