1946 3261
306 229 392 275 338
762 232 846 276 DE
879 233 1082 280 BELLO
1116 231 1343 279 CIV1L1.·

313 369 406 402 tum
443 356 496 399 ad
518 355 625 399 hanc
658 373 749 401 rem
784 361 1051 419 probandam
1075 362 1256 421 adjuvat
1287 361 1587 412 adolescentia,
1623 361 1785 419 magni-⁴

314 417 422 459 tudo
443 415 588 465 animi,
622 418 856 477 superioris
890 421 1093 478 temporis
1126 431 1379 480 proventus,
1413 421 1573 464 fiducia
1594 422 1655 463 rei
1676 421 1785 463 bene

311 475 522 532 gerendae.
573 475 654 519 His
674 478 803 520 rebus
824 479 1035 537 inpulsus,
1055 482 1297 538 equitatum
1316 496 1481 523 omnem
1501 480 1643 539 prima
1661 487 1787 521 nocte

308 533 366 575 ad
389 542 529 576 castra
559 533 746 579 hostium
767 537 919 587 mittit,
949 539 1004 581 ad
1026 539 1185 582 flumen
1209 540 1467 598 Bagradam,
1498 539 1658 596 quibus
1679 553 1786 596 prae-

309 601 404 635 erat
429 593 617 644 Sabura,
651 594 706 637 de
728 612 816 653 quo
844 606 945 639 ante
966 607 1059 640 erat
1081 599 1294 642 auditum.
1359 598 1448 641 Sed
1472 598 1567 640 Rex
1589 597 1787 640 omnibus

307 651 442 708 copiis
482 651 793 710 insequebatur
841 664 885 697 et
925 673 1000 698 sex
1039 658 1205 700 milium
1251 674 1454 716 passuum
1495 656 1724 699 intervallo
1763 670 1789 696 a

310 710 487 753 Sabura
514 713 779 757 consederat.
842 715 1024 772 Equites
1057 716 1170 759 missi
1205 726 1331 760 nocte
1350 718 1433 759 iter
1454 715 1703 764 conficiunt,
1726 713 1788 755 in-

304 769 533 827 prudentis
561 779 693 830 atque
728 773 988 832 inopinantis
1027 773 1168 818 hostes
1194 775 1536 833 adgrediuntur:
1584 773 1788 817 Numidae

304 829 434 878 enim,
458 829 646 888 quadam
667 832 855 875 barbara
876 834 1204 884 consuetudine,
1234 834 1363 876 nullis
1384 834 1610 877 ordinibus
1632 832 1788 890 passim

305 888 604 932 consederant.
671 891 765 934 Hos
783 893 1009 950 obpressos
1028 909 1176 936 somno
1197 901 1241 935 et
1259 892 1475 949 dispersos
1493 891 1652 940 adorti,
1669 905 1787 947 mag-

303 959 408 988 num
444 963 593 991 eorum
627 965 854 993 numerum
893 951 1183 1000 interficiunt;
1225 950 1352 992 multi
1385 949 1607 1007 perterriti
1636 949 1787 1006 profu-

303 1004 442 1061 giunt.
508 1007 608 1056 Quo
647 1008 777 1059 facto,
816 1009 871 1052 ad
895 1011 1130 1052 Curionem
1165 1009 1334 1066 equites
1372 1016 1654 1051 revertuntur
1687 1023 1786 1065 cap-

301 1063 502 1122 tivosque
522 1065 577 1107 ad
598 1083 697 1110 eum
719 1069 947 1110 reducunt.

363 1122 435 1164 39.
471 1123 608 1166 Curio
630 1141 729 1167 cum
760 1125 960 1166 omnibus
992 1126 1125 1182 copiis
1156 1132 1314 1182 quarta
1339 1125 1486 1182 vigilia
1515 1125 1694 1174 exierat,
1717 1140 1786 1166 co-

302 1178 504 1223 hortibus
524 1183 718 1239 quinque
741 1182 890 1225 castris
924 1183 1123 1241 praesidio
1153 1184 1328 1226 relictis.
1394 1184 1651 1241 Progressus
1671 1183 1789 1225 milia

304 1254 505 1296 passuum
523 1255 612 1288 seX,
631 1240 798 1297 equites
818 1243 1037 1290 convenit,
1058 1259 1149 1284 rem
1170 1252 1334 1299 gestam
1356 1243 1583 1299 cognovit;
1615 1258 1668 1284 ex
1687 1258 1787 1300 cap·

302 1297 403 1340 tivis
425 1298 598 1355 quaerit,
621 1298 718 1354 quis
750 1300 897 1341 castris
927 1300 982 1342 ad
1018 1301 1262 1358 Bagradam
1292 1301 1466 1358 praesit?
1507 1299 1787 1359 respondent,

302 1356 533 1398 Saburam.
598 1356 788 1414 Reliqua
808 1357 951 1399 studio
973 1358 1137 1401 itineris
1167 1358 1428 1402 conficiundi
1459 1375 1652 1416 quaerere
1675 1375 1783 1417 prae-

297 1415 520 1464 termittit,
551 1414 835 1473 proximaque
858 1417 1085 1474 respiciens
1108 1418 1244 1475 signa,
1279 1426 1306 1443 ‘⁶
1329 1417 1594 1468 Videtisne‚”
1623 1418 1782 1476 inquit,

298 1480 328 1498 ‘⁶
350 1473 524 1523 milites,
562 1474 840 1532 captivorum
876 1476 1112 1518 orationem
1153 1493 1251 1519 cum
1290 1477 1485 1535 perfugis
1521 1477 1780 1519 convenire?

297 1538 328 1558 ‘⁶
350 1532 496 1574 abesse
521 1532 705 1591 Regem,
728 1535 904 1592 exiguas
923 1551 1009 1577 esse
1031 1535 1175 1594 copias
1195 1535 1355 1585 missas,
1381 1552 1476 1593 quae
1499 1536 1644 1594 paucis
1664 1534 1783 1593 equi—

299 1597 330 1617 “
354 1592 472 1634 tibus
506 1608 629 1649 pares
664 1610 750 1635 esse
780 1608 865 1635 non
888 1597 1155 1652 potuerunt?
1211 1595 1398 1637 Proinde
1420 1595 1473 1637 ad
1495 1594 1703 1653 praedam,
1724 1593 1780 1636 ad

300 1656 329 1676 ‘⁶
354 1649 537 1707 gloriam
566 1661 816 1709 properate,
850 1662 900 1694 ut
928 1653 1016 1709 jam
1049 1653 1102 1695 de
1125 1654 1309 1711 praemiis
1330 1653 1497 1703 vestris,
1527 1663 1572 1695 et
1594 1653 1647 1696 de
1671 1653 1779 1695 refe-

299 1716 329 1734 “
353 1709 485 1750 renda
499 1709 641 1767 gratia
655 1710 848 1767 cogitare
861 1711 1157 1769 incipiamus.”
1192 1713 1330 1755 Erant
1348 1729 1427 1770 per
1443 1728 1485 1754 se
1500 1727 1670 1769 magna,
1681 1727 1779 1768 quae

297 1776 520 1824 gesserant
552 1769 737 1826 equites,
768 1771 1008 1827 praesertim
1040 1787 1176 1827 quum
1201 1787 1352 1813 eorum
1373 1771 1554 1828 exiguus
1576 1786 1780 1812 numerus

297 1842 397 1868 cum
410 1835 534 1869 tanta
547 1827 829 1870 multitudine
842 1829 1134 1871 Numidarum
1149 1831 1443 1877 conferretur;
1467 1829 1554 1871 haec
1569 1837 1710 1871 tamen
1724 1829 1781 1871 ab

294 1883 396 1942 ipsis
416 1886 604 1928 inflatius
626 1889 1093 1937 commemorabantur,
1118 1898 1167 1930 ut
1188 1888 1240 1930 de
1261 1889 1346 1930 suis
1368 1887 1558 1930 homines
1579 1887 1781 1930 laudibus

294 1943 484 1987 libenter
505 1945 757 2002 praedicant.
823 1947 971 1989 Multa
1005 1955 1215 2004 praeterea
1246 1947 1385 2005 spolia
1416 1946 1780 2004 praeferebantur,

295 2004 413 2062 capti
430 2003 621 2046 homines
640 2005 893 2063 equitesque
917 2007 1289 2063 producebantur:
1326 2014 1391 2054 ut,
1411 2000 1624 2061 quidquid
1647 2005 1778 2047 inter—

294 2064 468 2105 cederet
491 2064 713 2120 temporis,
736 2063 816 2106 hoc
838 2079 962 2105 omne
984 2064 1207 2107 victoriam
1229 2064 1387 2106 morari
1409 2064 1643 2106 videretur.
1708 2063 1778 2105 Ita

297 2122 388 2178 spei
426 2121 626 2163 Curionis
664 2122 850 2164 militum
883 2123 1026 2165 studia
1059 2139 1142 2165 non
1177 2122 1372 2166 deerant.
1435 2122 1618 2179 Equites
1654 2122 1778 2179 sequi

296 2180 425 2238 jubet
445 2195 531 2221 sese
558 2180 728 2237 iterque
751 2181 978 2231 accelerat,
1013 2190 1062 2223 ut
1096 2198 1228 2239 quam
1256 2182 1436 2223 maxime
1469 2197 1521 2222 ex
1550 2181 1655 2238 fuga
1677 2196 1775 2239 per·

298 2238 477 2280 territos
506 2237 664 2280 adoriri
686 2249 842 2296 posset.
908 2240 969 2281 At
990 2240 1070 2290 illi,
1094 2241 1245 2282 itinere
1266 2240 1399 2282 totius
1420 2240 1556 2282 noetis
1576 2239 1778 2287 confecti,

297 2296 501 2353 subsequi
534 2312 619 2339 non
652 2307 855 2354 poterant
887 2307 1020 2355 atque
1053 2299 1125 2341 alii
1147 2299 1232 2341 alio
1254 2299 1350 2342 loco
1372 2298 1642 2341 resistebant.
1707 2298 1777 2341 Ne

297 2354 387 2399 haec
409 2354 584 2414 quidem
606 2371 671 2398 res
694 2357 927 2399 Curionem
948 2358 1001 2400 ad
1022 2374 1142 2417 spem
1164 2358 1431 2400 morabatur.

346 2504 542 2536 Proventus.
559 2513 592 2533 v.
609 2502 679 2534 lnd.
704 2502 754 2533 M.
1069 2506 1229 2545 equitum.
1275 2503 1323 2533 Ita
1354 2510 1385 2534 ct
1414 2505 1532 2535 milites
1558 2502 1775 2544 obponuntur

350 2547 508 2578 Omnibus
525 2549 638 2588 copiis.
677 2545 757 2577 Vid.
772 2551 842 2577 not.
859 2548 901 2578 ad
918 2548 958 2579 G.
975 2551 1006 2587 Q,
1071 2548 1234 2589 equitibus
1258 2557 1338 2578 mox
1364 2558 1394 2578 c.
1412 2550 1465 2579 41.
1511 2546 1563 2578 Cf.
1587 2552 1655 2578 not.
1675 2547 1716 2577 ad
1732 2546 1773 2577 G.

299 2591 333 2621 7.
380 2591 449 2622 Alii
463 2591 590 2622 addunt
605 2601 691 2623 cum.
1075 2596 1105 2629 5,
1125 2593 1173 2621 10.
1191 2597 1223 2621 et
1239 2592 1385 2622 Gronov.
1400 2592 1442 2622 ad
1459 2591 1534 2623 [ἰν.
1549 2594 1602 2628 98,
1623 2593 1649 2621 1.
1690 2591 1772 2621 Item

345 2635 625 2676 Proeferebantur.
650 2635 1004 2678 Irlotomanalletprn-
1071 2638 1137 2667 riri
1150 2636 1239 2676 apud
1258 2635 1391 2666 Livium
1411 2638 1465 2674 91,
1488 2637 1541 2666 97.
1563 2634 1623 2666 ubi
1641 2645 1672 2664 v.
1689 2634 1773 2665 Gro-

288 2678 497 2720 ferebamur:
1072 2689 1151 2710 nov.
1169 2684 1201 2709 οἱ
1216 2680 1306 2720 apud
1325 2679 1442 2710 Silium
1461 2682 1493 2718 9,
1511 2681 1585 2710 559.
1630 2678 1774 2708 Domum

347 2724 510 2754 Homines
522 2725 707 2765 equitesque
753 2723 1002 2765 Leg.eqniqvm,
1070 2734 1112 2753 eo
1143 2732 1239 2753 sensu
1272 2729 1304 2753 et
1331 2725 1505 2754 arev-citus.
1539 2722 1580 2753 V.
1602 2724 1633 2760 9,
1659 2725 1690 2759 5,
1722 2723 1771 2751 10.

298 2771 337 2796 ut
361 2765 460 2797 multi
483 2772 697 2798 monuerunt:
722 2776 799 2797 nam
818 2767 900 2798 illud
924 2779 1001 2799 cuni
1071 2766 1222 2798 dui-iuius
1243 2768 1304 2808 leg.
1322 2767 1394 2798 vult
1411 2769 1570 2804 homines,
1591 2767 1680 2807 equi,
1705 2769 1772 2794 tar-

298 2809 501 2850 quibusdam
521 2811 718 2851 persuadere
733 2810 819 2841 mihi
841 2821 906 2841 non
925 2822 1004 2851 pos·-
1066 2821 1157 2852 ques.

296 2863 384 2892 sum,
412 2853 564 2886 homines
591 2865 663 2886 osse
689 2853 760 2885 h.1.
786 2854 927 2895 pedites.
952 2857 1002 2886 M.
1116 2855 1266 2896 Adspem
1277 2856 1482 2886 morabatur.
1497 2853 1585 2895 quod
1598 2851 1771 2882 adtinebat

298 2896 349 2928 Ita
377 2902 486 2928 tamen
516 2904 549 2929 et
574 2898 693 2929 Livius
721 2900 753 2936 9,
781 2899 831 2929 10.
861 2901 1003 2938 ἰνίῃῖηία
1068 2899 1110 2928 nd
1124 2898 1195 2939 ejus
1210 2908 1315 2938 spem.
1352 2899 1473 2939 Vulgo,
1484 2899 1526 2929 ab
1537 2895 1771 2938 spen—Teme-

294 2941 433 2975 milibus
457 2942 629 2975 hominum
655 2948 687 2976 ec
710 2947 855 2985 quatuor
868 2944 1004 2976 milibus
1066 2942 1202 2975 ritatem
1215 2941 1374 2976 Curionis
1387 2941 1567 2985 Appianus
1582 2941 1615 2974 d.
1630 2939 1770 2973 l-etiam
