1946 3261
262 224 351 268 282
731 219 816 264 DE
849 218 1054 263 BELLO
1087 217 1302 262 CIVILI.

268 397 272 401 ¹
319 351 391 394 33.
428 348 595 391 Probat
627 362 721 390 rem
756 345 942 389 Senatus
977 344 1033 387 de
1070 344 1290 388 mittendis
1327 344 1510 403 legatis;
1542 346 1632 397 sed,
1664 348 1741 406 qni

258 409 554 456 mitterentur,
589 421 674 449 non
712 404 1064 463 reperiebantur,
1098 403 1367 461 maximeque
1400 404 1566 448 timoris
1594 421 1741 451 caussa

258 483 340 526 pro
377 481 421 507 se
456 465 642 522 quisque
667 463 712 507 id
745 479 902 506 munus
939 461 1166 520 legationis
1202 462 1443 506 recusabat.
1508 464 1737 523 Pompeius

255 524 369 567 enim
385 522 606 568 discedens
637 523 696 566 ab
718 522 827 566 urbe
857 522 901 564 in
930 522 1094 563 Senatu
1115 520 1300 571 dixerat,
1329 520 1482 564 eodem
1500 538 1546 565 se
1565 523 1737 567 habitu..

255 581 487 632 mulceo,
521 582 596 639 qui
635 581 786 625 Romae
817 580 1116 623 remansissent
1151 587 1197 623 et
1217 579 1357 637 quiin
1378 580 1527 624 castris
1557 583 1739 626 Camari!

253 641 448 685 fuissent.
511 640 585 684 Sic
606 639 805 683 triduum
825 638 1193 697 disputationibus
1210 639 1644 700 excusationibusque
1664 657 1738 685 ex-

252 699 460 743 trahitur.
525 699 771 757 Subjicitur
792 698 923 741 etiam
953 697 1004 740 L.
1031 697 1241 741 Metellus
1262 697 1482 742 Tribunus
1510 700 1650 758 plebis
1677 701 1736 744 ab

251 757 432 801 inimicis
470 758 665 808 Caesaris,
703 757 780 816 qui
820 757 928 800 hanc
968 772 1060 800 rem
1098 756 1312 800 distrahat
1338 756 1614 817 reliquasque
1652 775 1735 811 res,

252 832 550 875 quascumque
574 833 703 876 agere
722 816 976 866 instituerit,
1001 814 1212 874 inpediat.
1275 816 1413 873 Cujus
1443 817 1619 875 cognito
1637 834 1738 862 con-

251 875 364 926 silio,
395 875 558 926 Caesar,
598 878 763 920 frustra
782 875 938 918 diebus
965 874 1136 932 aliquot
1153 875 1404 925 consumtis,
1433 890 1486 917 ne
1519 876 1736 934 reliquum

253 943 424 993 tempus
444 935 636 986 omittat,
659 935 827 979 infectis
849 935 914 984 iis,
944 950 1042 992 quae
1060 950 1191 992 agere
1221 933 1531 985 destinaverat,
1551 935 1608 979 ab
1629 936 1737 979 urbe

251 993 541 1054 proficiscitur
563 1003 698 1053 atque
715 995 758 1037 in
781 993 1033 1036 ulteriorem
1056 993 1249 1036 Galliam
1266 993 1480 1052 pervenit.

308 1053 382 1096 34.
418 1053 518 1102 Quo
540 1069 677 1110 quum
699 1053 901 1103 venisset,
920 1053 1156 1112 cognoscit,
1179 1052 1356 1095 missum
1372 1052 1415 1094 in
1438 1051 1691 1110 Hispaniam
1710 1066 1737 1095 a

253 1111 462 1170 Pompeio
486 1112 735 1155 Vibullium
769 1111 955 1162 Rufum,
989 1127 1119 1169 quem
1142 1111 1291 1170 paucis
1315 1110 1468 1154 diebus
1498 1118 1599 1154 ante
1622 1111 1737 1162 Corr-

251 1169 356 1214 finio
377 1171 589 1229 captumi
625 1188 667 1214 se
697 1171 941 1214 dimiserat:
977 1170 1223 1229 profectum
1259 1170 1364 1212 item
1403 1170 1650 1213 Domitium
1678 1171 1743 1213 ad‘

250 1229 552 1288 occupandum
589 1188 827 1272 Massiliam
846 1229 1028 1273 navibus
1047 1229 1252 1272 actuariis
1272 1237 1454 1287 septem,
1492 1244 1600 1285 quas
1617 1228 1737 1287 Igilii

250 1287 360 1331 etin
380 1288 550 1331 Cosano
581 1305 606 1331 a
638 1289 821 1346 privatis
850 1298 1019 1332 coactas
1053 1288 1202 1337 servis,
1238 1287 1418 1336 libertis,
1455 1287 1618 1330 colonis
1651 1288 1739 1331 suis

250 1347 567 1404 compleverat:
601 1347 837 1404 praemissos
868 1347 1002 1390 etiam
1037 1346 1204 1405 legatos
1236 1345 1524 1388 Massilienses
1543 1346 1737 1398 domum,

250 1406 418 1448 nobiles
438 1404 746 1455 adolescentes,
776 1421 884 1463 quos
910 1405 968 1448 ab
991 1404 1100 1447 urbe
1128 1404 1348 1448 discedens
1383 1404 1616 1464 Pompeius
1641 1414 1742 1449 erat

249 1463 526 1515 adhortatus,
564 1480 617 1507 ne
650 1480 762 1508 nova
784 1465 965 1508 Caesaris
991 1464 1131 1507 officia
1150 1473 1348 1507 veterum
1369 1479 1547 1507 suorum
1580 1464 1737 1508 benefi-

249 1523 417 1566 ciorum
448 1523 491 1566 in
514 1538 585 1566 eos
606 1524 855 1567 memoriam
888 1540 940 1566 ex
974 1523 1170 1566 ellerent.
1237 1523 1407 1572 Quibus
1433 1522 1648 1566 mandatis
1668 1540 1737 1567 ac·

249 1582 402 1640 ceptis,
436 1582 721 1626 Massilienses
743 1591 892 1640 portas
927 1540 1086 1626 d'aesari
1108 1582 1375 1625 clauserant:
1412 1581 1606 1632 Albicos,
1638 1582 1736 1626 bar-

249 1641 378 1684 baros
399 1640 605 1691 homines,
625 1642 702 1698 qui
722 1641 766 1683 in
787 1657 938 1684 eorum
966 1641 1049 1684 fide
1077 1641 1317 1698 antiquitus
1337 1649 1462 1683 erant
1481 1649 1735 1699 montesque

249 1715 382 1757 supra
407 1699 644 1742 Massiliam
665 1700 927 1749 incolebant,
947 1700 1003 1743 ad
1024 1716 1067 1743 se
1084 1708 1364 1742 vocaverant:
1398 1699 1664 1742 frumentum
1682 1717 1737 1743 ex

251 1757 461 1801 finitumis
497 1759 746 1816 regionibus
778 1768 911 1816 atque
941 1776 995 1801 ex
1031 1759 1230 1801 omnibus
1268 1757 1458 1800 castellis
1495 1758 1540 1800 in
1577 1759 1731 1802 urbem

251 1826 566 1860 convexerant:
600 1833 822 1860 armorum
844 1818 1031 1861 officinas
1049 1817 1090 1860 in
1114 1818 1222 1860 urbe
1244 1817 1545 1859 instituerant:
1568 1832 1733 1869 muros,

251 1876 443 1925 classem,
467 1884 616 1934 portas
637 1876 903 1920 reficiebant.

306 1935 379 1977 35.
413 1935 579 1978 Evocat
611 1935 665 1978 ad
686 1951 729 1978 se
753 1936 896 1979 Caesar
921 1933 1254 1978 Massiliensium
1279 1933 1527 1992 quindecim
1547 1935 1731 1994 primos:

1025 2088 1077 2114 tur
1091 2082 1175 2114 olim
1195 2085 1229 2113 in
1257 2083 1372 2114 SicilIa
1393 2087 1423 2114 ee
1453 2082 1631 2115 Sardinia.
1680 2083 1731 2116 De

1027 2127 1126 2169 Igilio
1143 2125 1296 2158 Rutilius
1313 2137 1344 2156 v.
1364 2129 1440 2158 325.

1073 2171 1154 2212 Les).
1173 2171 1307 2201 Massa.
1331 2171 1484 2202 Fortasse
1499 2170 1733 2204 Massilienses

250 2091 353 2121 opera
371 2081 564 2114 inmortalia
581 2082 678 2114 dixit.
715 2082 825 2113 Altera
844 2082 959 2117 lectio,

248 2125 376 2166 opibus,
406 2132 441 2157 et
456 2126 489 2157 in
505 2126 627 2168 paucis
643 2126 836 2163 codicibus,
852 2133 928 2157 nata
939 2137 957 2157 e

250 2170 456 2210 compendio
471 2170 653 2208 scribendi,
679 2177 713 2201 ut
742 2170 831 2201 oud.
861 2170 959 2208 vidit,

251 2213 415 2254 reperitur
430 2220 460 2244 et
480 2225 596 2255 parum
614 2215 796 2245 commoda
812 2219 876 2245 cst.
904 2215 956 2245 M.

252 2257 347 2288 Adde
369 2257 540 2289 Justinum
567 2262 599 2296 2,
619 2261 649 2289 6.
691 2258 817 2289 Vellei.
832 2262 864 2297 2,
885 2260 955 2289 106.

250 2301 399 2343 Scaliger
415 2303 506 2334 male
516 2304 646 2341 opibus.

299 2345 502 2386 Lessationis.
528 2347 593 2378 hoc
614 2357 633 2377 e
649 2346 760 2388 glossa
775 2345 957 2378 accessisse

252 2388 392 2421 Davisio
408 2389 552 2422 videtur.

294 2434 462 2465 Metellus.
487 2433 558 2465 vid.
586 2434 747 2466 Plutarch
769 2433 854 2465 Caes.
878 2445 954 2475 cap.

252 2480 306 2508 35.
332 2478 482 2519 Appian.
502 2482 532 2518 2,
551 2480 604 2510 41.
623 2489 660 2520 p.
674 2481 750 2510 453.
775 2478 843 2509 Dio
858 2479 954 2510 Cass.

253 2522 306 2559 41,
325 2523 377 2553 17.
400 2523 452 2553 M.

297 2566 527 2608 Reliquasque
546 2575 611 2603 res,
635 2565 669 2597 h.
687 2576 718 2596 e.
757 2565 894 2603 Caesari,
911 2576 955 2597 α’-

251 2609 375 2641 ratium
392 2608 635 2648 sanctius(vid.
653 2610 697 2641 ad
709 2620 740 2641 c.
760 2610 813 2649 14)
826 2610 955 2651 spolia-

252 2654 339 2693 turo',
355 2654 516 2686 Metellus
531 2653 666 2685 restitit.
690 2654 742 2685 M.

298 2699 432 2738 Infectis
461 2701 516 2730 iis.
574 2697 638 2729 Sed
670 2707 787 2729 revera
819 2697 953 2729 sustulit

252 2741 433 2781 pecuniam
447 2752 488 2773 ex
502 2741 631 2773 aerario.
662 2743 713 2773 M.

298 2787 496 2818 Dimiserae.
513 2785 582 2816 vid.
598 2796 675 2827 cap.
695 2788 748 2817 23.
782 2786 834 2817 M.
867 2786 956 2817 Prae·

250 2829 372 2860 cedens
389 2832 468 2871 ipse,
481 2831 573 2871 quod
589 2831 797 2871 adgnoscunt
809 2830 908 2861 codd.
922 2835 955 2860 et

249 2872 328 2903 edd.
347 2880 414 2904 vet.
429 2874 516 2905 male
531 2873 684 2915 Scaliger
697 2873 823 2905 omisit.

299 2916 389 2959 Iyilii
402 2923 429 2949 et
442 2919 478 2949 in
496 2921 634 2952 Cosano.
675 2920 791 2961 Inepte
816 2918 956 2960 legeba-

1025 2215 1261 2246 adolescentes
1285 2220 1355 2245 tum
1383 2215 1502 2246 Romae
1524 2221 1629 2253 erant,
1651 2226 1730 2247 cum

1028 2259 1214 2300 Pompeius
1233 2258 1317 2290 urbe
1333 2258 1495 2297 discessit,
1518 2259 1644 2300 quibus
1658 2259 1730 2291 haec

1025 2305 1180 2335 mandata
1189 2303 1232 2335 ad
1245 2302 1418 2335 civitatem
1430 2302 1535 2334 dedit.
1553 2304 1729 2336 Cellarius.

1072 2349 1232 2382 Domum,
1248 2347 1378 2378 nobiles.
1417 2346 1470 2378 Sic
1486 2347 1587 2378 codd.
1604 2353 1638 2378 et
1653 2348 1730 2378 edd.

1024 2398 1092 2422 vet.
1109 2391 1201 2423 Male
1218 2390 1304 2422 Scal.
1333 2401 1375 2422 ex
1390 2390 1567 2423 ciacconii
1593 2391 1730 2432 conjec-

1023 2442 1096 2467 tura
1109 2437 1202 2467 <lomi
1212 2436 1348 2466 nobiles.

1075 2480 1232 2511 merum
1257 2488 1397 2509 suorum
1414 2478 1486 2510 ben.
1533 2478 1625 2511 Scal.
1640 2478 1729 2511 male

1023 2529 1176 2562 veterem,
1194 2521 1308 2554 invitis
1321 2523 1421 2554 codd.

1069 2568 1207 2599 Albicos.
1245 2566 1299 2598 Cf.
1325 2577 1357 2598 c.
1374 2566 1495 2598 57:111.
1541 2565 1584 2597 V.
1607 2566 1728 2600 Suabo

1072 2656 1281 2696 Reficieltant.
1327 2653 1384 2686 Sic
1412 2665 1431 2686 e
1459 2653 1561 2686 codd.
1588 2660 1623 2686 et
1649 2655 1726 2687 edd.

1023 2706 1091 2731 vet.
1118 2698 1208 2731 Oud.
1257 2698 1386 2730 Contra
1409 2697 1574 2739 Scaliger.
1599 2708 1620 2730 e
1647 2699 1724 2730 cod.

1023 2743 1155 2775 Caum.
1170 2743 1306 2774 dederat
1319 2743 1511 2784 refecerant,
1522 2742 1615 2783 quod
1628 2752 1726 2774 secu·-

1025 2794 1078 2819 tus
1093 2787 1223 2819 Morus.
1263 2786 1386 2818 Verum
1404 2786 1437 2817 in
1458 2796 1562 2827 opere
1577 2791 1650 2817 tum
1665 2786 1726 2817 ad-

1025 2832 1091 2862 huc
1108 2831 1265 2873 occupati
1281 2830 1382 2862 ruisse
1398 2830 1562 2862 videntur.

1071 2877 1267 2910 Quindecim
1278 2878 1418 2916 primos.
1452 2875 1594 2906 Senatus
1603 2873 1728 2906 Massi-

1024 2918 1180 2952 liensium
1222 2918 1398 2954 constabat
1441 2917 1624 2951 sexcentis:
1674 2917 1731 2950 his
