1992 3271
324 165 383 210 44
739 162 822 206 DE
854 160 1054 204 BELLO
1089 160 1380 204 GALLICO.

327 292 558 340 Paemanos,
586 288 660 346 qui
682 303 767 330 uno
788 286 955 329 nomine
980 286 1182 329 Germani
1202 286 1490 344 adpellantur,
1510 287 1714 331 arbitrari
1729 288 1784 331 ad

324 350 405 393 XL
424 349 553 391 milia.

377 408 417 449 5.
452 407 607 452 Caesar,
642 402 798 446 Remos
818 402 1066 446 cohortatus
1084 402 1408 470 liberaliterque
1427 404 1618 447 oratione
1637 417 1780 459 prose-

324 473 464 512 cutus,
483 477 649 505 omnem
668 469 859 503 senatum
878 461 931 503 ad
952 476 993 502 se
1014 476 1257 526 convenlre,
1275 477 1327 517 p1
1330 477 1606 518 mcxpumque
1626 461 1784 503 liberos

323 521 486 563 obsides
503 521 556 562 ad
577 536 619 562 se
647 519 798 562 adduci
823 519 960 576 jussit
1013 519 1118 566 Quae
1148 519 1286 560 omnia
1315 519 1370 561 ab
1391 519 1453 561 his
1473 519 1708 577 diligenter
1728 518 1784 561 ad

323 579 434 620 diem
465 578 577 621 facta
617 586 729 620 sunt
792 576 902 634 Ipse,
938 576 1209 642 Divitiacum.
1236 576 1427 618 AEduum
1461 592 1616 635 magno
1654 592 1786 634 opere

324 636 588 686 cohortatus,
615 635 756 684 docet,
790 643 952 692 quanto
986 649 1115 691 opere
1152 634 1212 676 rei
1249 634 1434 692 publicae
1467 635 1786 691 communisque

323 693 472 737 salutis
499 693 682 742 intersit,
715 709 862 735 manus
881 692 1065 734 hostium
1085 692 1291 741 distineli,
1314 708 1365 734 ne
1383 709 1480 734 011111
1502 701 1622 735 tanta
1639 692 1786 734 multi-

325 752 471 794 tudine
502 767 588 795 uno
618 761 812 809 temp01e
838 750 1150 807 confligendum
1166 750 1234 791 sit
1285 749 1334 792 Id
1363 751 1453 792 fie1i
1476 767 1612 808 posse,
1641 751 1674 793 51
1692 766 1788 792 51135

324 811 468 867 copias
500 810 630 852 AEdui
662 810 704 851 in
737 808 838 850 fines
872 808 1022 850 Bellov
1015 824 1124 850 3001
1128 824 1199 849 11111
1228 808 1545 850 intr-oduxeiint
1569 817 1612 850 et
1636 823 1789 851 eorum

324 884 451 925 agios
471 868 673 925 populari
695 867 918 924 coeperint
983 866 1063 907 His
1081 866 1303 932 mandatis,
1326 882 1423 908 eum
1450 867 1508 908 ab
1531 882 1573 909 se
1589 866 1786 911 dimittit.

328 925 562 983 Postquam
583 941 724 968 01111165
745 924 978 982 Belgarum
996 925 1137 981 copias
1157 925 1198 965 in
1222 939 1353 965 unum
1375 924 1519 967 locum
1540 932 1706 966 coactas
1732 923 1789 966 ad

324 1000 368 1026 se
389 984 532 1026 venire
549 984 672 1033 vidit,
702 998 840 1039 neque
868 983 954 1039 jam
972 982 1098 1039 longe
1117 982 1262 1023 abesse
1280 983 1335 1024 ab
1356 981 1435 1031 his,
1465 998 1573 1039 quos
1600 982 1788 1030 miserat,

324 1042 671 1109 exploratoribus
692 1050 734 1082 et
755 1040 811 1082 ab
834 1040 977 1081 Remis
997 1040 1214 1097 cognovit,
1248 1040 1404 1082 flumen
1426 1041 1637 1090 Axonam,
1671 1039 1790 1097 quod

325 1109 389 1141 est
411 1100 453 1141 in
469 1100 668 1142 extremis
689 1098 923 1140 Remorum
945 1076 1115 1147 finibus,
1148 1098 1384 1140 exercitum
1405 1098 1680 1140 tr=ansduce1e
1699 1113 1786 1139 ma-

327 1158 492 1200 turavit
508 1166 639 1214 atque
661 1157 720 1198 ibi
741 1164 878 1198 castra
900 1156 1057 1213 posuit.
1121 1156 1228 1204 Quae
1256 1172 1321 1198 res
1342 1164 1385 1197 et
1414 1156 1527 1198 latus
1547 1172 1682 1198 unum
1703 1171 1790 1197 cas-

328 1223 497 1258 trorum
518 1215 620 1272 ripis
650 1215 830 1256 fluminis
851 1214 1070 1255 muniebat
1090 1223 1148 1262 et,
1169 1223 1264 1270 post
1284 1230 1382 1255 eum
1403 1230 1499 1270 quae
1519 1222 1670 1263 essent,
1693 1221 1791 1257 tuta

326 1273 384 1315 ab
414 1273 608 1316 hostibus
648 1272 852 1315 reddebat
883 1280 942 1319 et,
976 1281 1233 1313 commeatus
1263 1272 1319 1312 ab
1354 1271 1496 1313 Remis
1528 1271 1790 1328 reliquisque

327 1331 575 1373 civitatibus
596 1340 645 1372 ut
666 1331 752 1371 sine
773 1329 965 1386 periculo
992 1329 1046 1370 ad
1073 1344 1170 1370 eum
1200 1345 1279 1384 por
1283 1329 1364 1370 tari
1386 1337 1543 1386 posset,
1562 1329 1788 1371 efficiebat.

329 1388 380 1431 In
412 1405 464 1431 eo
496 1389 667 1430 flumine
695 1403 801 1444 pons
832 1386 1067 1428 e1·at.Ibi
1096 1387 1336 1442 piaesidium
1366 1387 1488 1444 ponit
1516 1394 1561 1428 et
1592 1387 1634 1428 in
1655 1386 1792 1429 altera

329 1463 407 1503 par
411 1455 453 1488 te
473 1445 654 1488 fluminis
679 1446 731 1493 Q.
755 1444 971 1486 Titurium
997 1444 1220 1492 Sabinum,
1256 1443 1481 1501 Legatum,
1512 1461 1610 1487 cum
1630 1461 1702 1486 sex
1723 1461 1792 1486 co-

328 1503 526 1547 hortibus
562 1504 762 1560 reliquit:
808 1511 945 1544 castra
986 1502 1025 1543 in
1067 1502 1337 1544 altitudinem
1373 1503 1531 1560 pedum
1568 1502 1794 1546 duodecim

330 1563 460 1611 vallo,
482 1563 676 1618 fossaque
692 1560 985 1617 duodeviginti
1004 1560 1174 1616 pedum,
1196 1561 1362 1602 munire
1377 1560 1516 1617 jubet.

391 1621 430 1662 6.
465 1620 539 1661 Ab
580 1619 643 1660 his
687 1618 835 1660 castris
869 1618 1075 1674 oppidum
1115 1617 1365 1667 Remorum,
1406 1619 1573 1661 nomine
1612 1618 1792 1668 Bibrax,

327 1677 481 1720 aberat
493 1677 608 1719 milia
622 1691 821 1733 passuum
837 1675 963 1717 VIII.
999 1674 1048 1716 Id
1065 1691 1116 1716 ex
1137 1675 1287 1717 itinere
1304 1691 1458 1733 magno
1476 1677 1640 1734 inpetu.
1649 1677 1795 1735 Belgae

330 1751 584 1794 oppugnare
606 1742 843 1792 coeperunt.
907 1733 1042 1789 AEgre
1071 1749 1120 1775 eo
1152 1733 1219 1775 die
1247 1742 1530 1776 sustentatum
1551 1743 1628 1777 est.
1691 1735 1794 1777 Gal-

331 1794 398 1837 lor
402 1810 475 1835 um
505 1793 649 1835 eadem
678 1800 809 1848 atque
843 1791 1077 1890 Belginum
1114 1793 1380 1857 oppugnatio
1416 1801 1479 1834 est
1518 1791 1620 1835 haec.
1683 1793 1793 1843 Ubi,

329 1851 604 1908 circumjecta
631 1850 906 1891 multitudine
971 1849 1159 1891 ominum
1198 1850 1299 1891 totis
1340 1850 1565 1898 moenibus,
1603 1851 1792 1908 undique

332 1909 519 1967 lapides
510 1924 552 1951 m
569 1924 666 1950 mur
671 1924 741 1949 um
766 1908 847 1965 jaci
866 1908 997 1964 coepti
1016 1915 1115 1949 sunt
1143 1923 1378 1964 murusque
1406 1908 1699 1952 defensoribus
1718 1924 1796 1951 nu-

330 1969 456 2010 datus
481 1975 561 2016 est,
592 1966 804 2008 testudine
833 1966 943 2007 facta
971 1974 1117 2023 portas
1149 1966 1382 2008 succedunt
1409 1982 1668 2024 murumque
1694 1966 1795 2010 sub·

378 2092 503 2133 Maqno
525 2095 784 2132 opere—quanto
813 2100 916 2131 opima²
975 2088 1027 2120 Sic

1139 2090 1272 2121 Duorlet·
1276 2092 1369 2131 igfinte'
1377 2092 1507 2133 pedum.
1537 2090 1740 2122 stewechius
1752 2091 1795 2122 ad

331 2136 487 2167 Oudend.
510 2135 640 2165 ecodd.

1096 2132 1274 2169 vegetium
1297 2137 1327 2172 3,
1343 2136 1374 2164 8.
1405 2134 1655 2166 rescribendum
1684 2140 1797 2165 censet

379 2181 548 2210 Dis-cineri.
561 2178 646 2208 male
661 2176 721 2207 alii
734 2177 880 2207 ιῖριὶηετὶ.

385 2223 480 2253 Ρίιῑῖί.
505 2222 580 2252 Hoc
596 2220 736 2251 verbum
755 2219 908 2250 Oudend.
922 2229 941 2249 6
960 2218 1030 2250 suis

332 2267 430 2299 codd.
451 2270 484 2296 et
498 2270 579 2295 vett.
600 2265 674 2294 edd.
690 2262 848 2301 restituit,
867 2262 1031 2293 omissum

331 2312 472 2342 fortasse
492 2319 546 2345 eo,
561 2309 652 2348 quod
668 2317 746 2337 mox
761 2309 903 2346 coqnorit
916 2317 1033 2347 seque-

329 2355 440 2386 batur.
474 2353 525 2383 M.

382 2399 457 2429 Post
483 2406 558 2427 eum
587 2405 634 2424 50.
678 2393 856 2424 Caesarem.
896 2391 1033 2423 Monuit

332 2439 501 2472 Clarkius.
524 2438 609 2475 Quae
626 2437 728 2468 lectio
740 2447 817 2467 cum
829 2441 915 2466 esset
929 2436 1031 2476 paulo

334 2482 527 2520 obscurior,
547 2493 622 2513 eum
634 2480 753 2512 mutari
766 2485 915 2520 coeptum
930 2485 980 2509 est
997 2478 1030 2510 in

334 2541 386 2566 ea,
408 2526 500 2568 quod
526 2525 640 2565 vulgg.
659 2525 735 2555 edd.
762 2523 888 2554 habent
916 2528 1033 2553 contla

336 2573 436 2603 codd.
462 2570 511 2600 M.
559 2549 626 2600 Eae>
630 2567 771 2620 inrepsit
786 2577 826 2597 ex
843 2565 1033 2606 conjectum

335 2611 526 2646 siacconii.
543 2611 657 2643 Β3ν15
634 2623 703 2641 51115
718 2624 751 2640 vo
770 2619 846 2641 eum
868 2609 1033 2640 referebat

334 2660 376 2689 ad
400 2656 596 2688 exercitum.
642 2656 757 2686 Essent
778 2663 914 2694 quoque
934 2653 1033 2682 codd.

336 2702 462 2732 habent
473 2705 505 2730 et
520 2700 595 2729 edd.
609 2703 677 2729 vet.
693 2708 754 2738 pro
770 2707 839 2738 quo
854 2695 915 2727 alii
927 2701 1034 2726 erant.

383 2745 502 2775 Posset.
514 2743 560 2773 al.
568 2747 708 2783 possent.

382 2787 536 2826 Reliquit.
550 2786 596 2816 31.
609 2786 773 2826 relinquit.

390 2831 424 2860 ln
442 2829 658 2860 altitudinem.
673 2828 780 2858 Codd.
792 2832 824 2858 et
834 2826 983 2857 edd.vet.
995 2826 1031 2855 in

334 2873 515 2906 altitudine.
548 2871 610 2902 Sed
625 2871 720 2912 prior
732 2871 838 2902 forma
862 2875 976 2901 nostro
999 2874 1033 2899 et

335 2915 641 2957 aliisfrequentior.
657 2915 840 2954 Cf.1,2.2,
852 2915 882 2945 7.
894 2915 967 2951 8.3,
980 2914 1032 2944 13.

1094 2177 1190 2206 xlx.
1211 2188 1251 2208 ex
1277 2177 1475 2219 praescripto
1498 2177 1594 2209 istius
1618 2179 1658 2208 de
1683 2177 1793 2219 inpari

1093 2230 1246 2252 numero.
1291 2227 1426 2252 temere.
1467 2232 1526 2252 1160
1563 2221 1654 2252 6111111
1695 2221 1794 2262 hujus

1094 2263 1199 2294 moris
1214 2264 1396 2296 observans
1417 2264 1527 2296 Caesar
1539 2264 1614 2296 fuit.
1639 2265 1682 2295 V.
1696 2266 1727 2302 7,
1741 2267 1794 2295 36.

1096 2309 1149 2337 72.
1174 2307 1212 2337 (Γ.
1234 2310 1260 2341 l.
1275 2310 1328 2339 61.
1365 2308 1419 2340 Cf.
1437 2308 1522 2339 Obs.
1544 2308 1641 2339 misc.
1665 2307 1741 2340 crit.
1758 2307 1794 2339 in

1093 2357 1183 2381 auct.
1199 2356 1223 2380 1.
1241 2354 1272 2382 8.
1297 2353 1424 2392 07333.

1139 2395 1275 2425 Mandro
1288 2395 1394 2435 jubet.
1427 2395 1516 2425 Ber-e
1542 2394 1590 2425 sic
1614 2393 1796 2426 subaudito

1093 2444 1285 2468 accusatlvo
1299 2448 1463 2478 persona·-

1145 2482 1359 2512 Gallorum—
1368 2483 1436 2512 Ubi.
1466 2481 1517 2511 Ex
1532 2481 1719 2523 multiplici
1735 2491 1796 2513 va·-

1095 2523 1212 2555 rietate
1228 2523 1385 2556 lectionis
1402 2525 1557 2556 Oudend.
1581 2524 1614 2556 id
1638 2526 1731 2566 quod
1760 2524 1793 2556 in

1095 2572 1185 2597 textu
1214 2579 1301 2599 nunc
1327 2574 1389 2605 est,
1410 2568 1551 2609 recepit.
1575 2568 1661 2599 Edd.
1679 2569 1793 2609 vulgg.

1096 2610 1239 2642 habent:
1269 2613 1356 2643 Gall.
1377 2613 1450 2643 ead.
1475 2618 1572 2652 atque
1604 2613 1694 2654 Belq.
1719 2622 1794 2652 opp.

1093 2659 1150 2684 est.
1178 2656 1304 2692 Hautn·
1393 2655 1482 2686 Istud
1505 2657 1572 2686 hoec
1593 2661 1650 2686 aut
1673 2656 1722 2686 Hi
1743 2665 1794 2685 re-

1095 2698 1231 2729 dundat.
1256 2699 1305 2728 M.
1353 2700 1436 2730 11φο
1460 2698 1561 2729 habet
1585 2698 1793 2729 Flodoardus

1096 2740 1128 2770 in
1146 2741 1225 2771 hist.
1239 2742 1362 2772 eccles.
1388 2742 1488 2772 Rom.
1511 2743 1537 2779 l,
1553 2744 1584 2771 2.

1142 2785 1257 2816 Portas
1281 2785 1463 2817 succedunt.
1488 2785 1534 2816 al.
1559 2786 1672 2825 portis.
1729 2783 1792 2815 Sed

1094 2828 1307 2859 accusativus
1320 2835 1408 2860 recte
1424 2840 1458 2860 se
1473 2828 1586 2859 habet.
1618 2827 1672 2858 Sic
1690 2827 1794 2859 Silius

1100 2871 1152 2909 10,
1179 2873 1254 2902 596.
1281 2872 1448 2905 succedere
1473 2881 1596 2903 muros.
1632 2870 1709 2902 Liv.
1735 2874 1790 2908 92,

1094 2916 1148 2946 28.
1164 2917 1342 2949 tumulum.
1363 2915 1514 2955 Tacitus,
1530 2918 1562 2955 2,
1573 2915 1628 2947 20.
1642 2925 1793 2954 murum,
