1946 3261
651 164 767 208 LIB.
803 165 863 207 ΙΙ.
926 165 1063 209 CAP.
1098 164 1284 207 20-22.
1654 159 1710 203 53

225 297 272 333 et
292 289 486 334 incursus
507 291 695 335 hostium
727 294 991 353 inpediebat.
1057 293 1138 335 His
1171 288 1501 335 difficultatibus
1521 288 1619 331 duze
1640 303 1709 330 res

227 358 351 392 erant
370 351 577 401 subsidio,
603 353 779 395 scientia
798 361 932 410 atque
953 368 1053 394 usus
1073 351 1275 400 militum,
1309 350 1444 408 quod,
1475 347 1709 406 superiori-

226 407 308 450 bus
328 409 493 467 proeliis
513 412 755 461 exercitati,
788 412 895 469 quid
924 411 1017 452 fieri
1049 418 1291 467 oporteret,
1328 424 1411 451 non
1435 408 1574 450 minus
1594 421 1708 448 com-

226 467 354 509 mode
375 469 456 526 ipsi
476 469 557 511 sibi
579 471 874 527 praescribere,
897 485 1026 528 quam
1049 469 1104 510 ab
1122 468 1213 509 aliis
1233 468 1380 509 doceri
1402 473 1631 525 poterant3
1661 472 1709 506 et

225 526 345 582 quod
366 527 424 569 ab
444 543 579 586 opere
599 528 863 587 singulisque
886 527 1128 586 legionibus
1149 526 1339 583 singulos
1358 525 1544 582 Legatos
1566 524 1710 566 Cacsar

223 584 462 634 discedere,
503 586 578 627 nisi
613 588 787 629 munitis
818 588 980 636 castris,
1012 593 1226 628 vetuerat.
1292 584 1368 632 Hi,
1401 593 1584 641 propter
1607 598 1708 640 pro-

222 642 514 700 pinquitatem
547 652 592 685 et
613 645 880 688 celeritatem
900 646 1103 693 hostium,
1135 642 1239 684 nihil
1266 643 1353 699 ⁸iam
1377 642 1554 684 Caesaris
1574 642 1709 699 impe-

221 701 335 743 rium
355 703 627 759 spectabant,
645 703 718 745 sed
743 721 821 762 per
840 721 898 754 se,
919 721 1016 763 quae
1032 702 1312 749 videbantur,
1333 699 1709 742 administrabant.

281 759 352 801 21.
398 761 557 810 Caesar,
596 764 838 805 necessariis
876 765 1007 805 rebus
1047 760 1284 819 imperatis,
1325 759 1380 801 ad
1423 758 1713 801 cohortandos

222 818 395 869 milites,
436 836 569 878 quam
610 822 653 863 in
694 831 865 879 partem
913 823 1003 865 fors
1052 820 1232 868 obtulit,
1274 817 1528 860 decucurrit
1568 824 1614 857 et
1653 816 1710 857 ad

221 876 436 935 legionem
472 878 683 921 decimam
722 880 911 924 devenit.
978 879 1144 922 Milites
1172 894 1258 921 non
1289 877 1485 933 longiore
1516 874 1714 918 oratione

223 936 488 987 cohortatus,
520 955 651 996 quam
674 941 738 981 uti
760 956 845 982 suae
868 940 1059 998 pristinae
1081 938 1256 979 virtutis
1276 933 1525 978 memoriam
1554 933 1711 976 retine-

222 1003 337 1045 rent,
356 1011 439 1038 neu
462 997 832 1055 perturbarentur
849 999 1007 1047 animo,
1024 996 1300 1053 hostiumque
1319 996 1518 1052 inpetum
1536 992 1714 1035 fortiter

219 1055 495 1105 sustinerent,
539 1056 660 1114 quod
702 1073 787 1100 non
825 1057 995 1115 longius
1035 1055 1175 1097 hostes
1213 1055 1410 1102 aberant,
1451 1068 1583 1109 quam
1620 1066 1716 1108 quo

160 1136 163 1137 ⁷
219 1113 358 1155 telum
379 1114 507 1172 adjici
525 1123 683 1173 posset,
703 1116 847 1174 proelii
870 1114 1166 1157 committendi
1184 1114 1354 1171 signum
1370 1111 1509 1153 dedit.
1560 1110 1713 1166 Atque

220 1171 264 1213 in
285 1172 467 1215 alteram
490 1183 661 1231 partem
682 1174 786 1217 item
808 1173 1063 1217 cohortandi
1085 1188 1231 1214 caussa
1253 1171 1493 1230 profect-us,
1516 1183 1713 1228 pugnan-

222 1231 343 1273 tibus
369 1233 576 1274 occurrit.
639 1233 867 1292 Temporis
904 1241 1026 1275 tanta
1057 1231 1143 1273 fuit
1176 1231 1404 1288 exiguitas,
1435 1229 1715 1285 hostiumque

223 1296 312 1331 tam
333 1297 512 1347 paratus
530 1291 585 1333 ad
607 1291 902 1334 dimicandum
920 1292 1100 1335 animus,
1124 1299 1174 1331 ut
1196 1305 1281 1331 non
1304 1289 1432 1331 modo
1453 1287 1509 1329 ad
1532 1286 1713 1343 insignia

223 1347 610 1399 adcommodanda,
651 1350 726 1392 sed
763 1352 894 1392 etiam
933 1350 989 1392 ad
1023 1349 1164 1403 galeas
1198 1346 1462 1388 inducendas
1490 1345 1711 1401 scutisque

224 1407 462 1465 tegimenta
498 1407 767 1450 detrahenda
805 1418 976 1466 tempus
1005 1404 1210 1449 defuerit.
1278 1405 1421 1452 Quam
1452 1404 1636 1460 quisque
1668 1404 1713 1444 in

226 1473 397 1522 partem
415 1466 472 1508 ab
491 1482 625 1524 opere
643 1483 743 1509 casu
760 1468 953 1515 devenit,
975 1480 1159 1523 quaeque
1179 1463 1319 1521 prima
1336 1463 1456 1520 signa
1475 1461 1715 1518 conspexit,

224 1524 280 1565 ad
318 1524 407 1567 haec
443 1525 651 1573 constitit,
691 1541 759 1575 ne,
793 1526 836 1566 in
874 1523 1117 1582 quaerendis
1149 1522 1249 1570 suis,
1286 1519 1510 1578 pugnandi
1540 1528 1715 1578 tempus

223 1582 480 1624 dimitteret.

282 1642 354 1683 22.
389 1640 612 1684 Instructo
641 1641 852 1690 exercitu,
886 1641 1021 1699 magis
1050 1648 1101 1682 ut
1130 1639 1213 1682 loci
1244 1646 1401 1680 natura
1431 1636 1716 1693 dejectusque

224 1699 345 1743 collis
366 1708 410 1742 et
431 1700 655 1743 necessitas
675 1700 899 1758 temporis,
925 1716 1056 1757 quam
1078 1707 1129 1741 ut
1150 1699 1211 1742 rei
1234 1696 1429 1740 militaris
1451 1696 1562 1738 ratio
1581 1702 1716 1752 atque

182 2088 183 2091 ,
224 2058 306 2090 bant

223 1842 282 1868 est.
302 1838 351 1868 M.
390 1837 557 1877 Clarkius,
575 1842 650 1879 post
667 1838 789 1869 Aldum
803 1843 835 1868 et
850 1837 938 1869 alios

226 1882 429 1922 ταυταλογίαν
441 1882 579 1920 veritus,
595 1881 720 1913 omisit.
745 1883 809 1913 Sed
824 1887 938 1913 noster

225 1925 314 1957 haud
325 1937 399 1958 raro
411 1926 498 1958 idem
511 1926 935 1968 feresignificantiajungit.

224 1969 277 2001 Cf.
294 1970 332 2001 C.
355 1973 382 2010 1,
400 1976 430 2002 5.
446 1976 479 2002 et
496 1974 546 2002 82.

274 2015 442 2051 Ιηειινεῑιε,
457 2014 531 2056 ipse
548 2014 704 2057 impetus,
719 2025 821 2056 quem
837 2014 937 2046 facie-

370 2058 406 2089 Si
436 2059 515 2100 quis
544 2065 655 2090 tamen
685 2071 763 2091 cum
794 2059 937 2091 Davisio

223 2103 335 2134 delere
361 2102 445 2134 velit
473 2103 575 2135 verba
603 2109 633 2135 et
658 2106 821 2143 incursus,
849 2102 937 2134 1111111

225 2146 331 2178 deerit
349 2147 391 2178 ad
407 2158 525 2179 sensus
540 2147 778 2189 integritatem.
826 2149 862 2178 In
878 2148 935 2178 Gr.

224 2191 535 2233 111etaphr.tantum
550 2197 611 2231 est,
637 2192 654 2224 ἦ
679 2206 729 2223 του
744 2191 848 2235 χξὸνου
864 2194 937 2233 βριε-

224 2234 323 2275 χύτης
349 2235 403 2266 καί
424 2236 440 2268 ἡ
465 2236 521 2266 τῶν
545 2235 692 2275 τηλεμῖων
715 2235 860 2279 ἐπιδρομή·
887 2237 936 2266 M.

229 2279 326 2311 Nihil
370 2280 556 2312 mutatione
609 2291 708 2322 opus,
755 2286 790 2311 ut
836 2281 937 2310 modo

227 2322 368 2355 dictum.

275 2369 481 2409 Spectabant,
497 2368 519 2400 i.
530 2380 574 2406 e.,
585 2367 831 2406 reverebantur,
843 2378 937 2398 cura-

228 2411 321 2443 bant.
365 2413 418 2444 Sic
447 2418 481 2443 et
507 2412 603 2445 alibi.
631 2424 662 2443 v.
695 2413 807 2443 Index.
837 2412 937 2452 vulgo

226 2455 400 2495 legebatur
428 2459 663 2498 emper-tabant.
687 2462 721 2486 ut
742 2462 792 2487 est
812 2456 848 2487 111
863 2457 938 2487 edd.

228 2505 295 2530 vet.
312 2506 345 2531 et
358 2499 463 2531 variis
478 2502 576 2532 codd.

277 2545 359 2576 For-s·
384 2545 507 2575 obtulit.
567 2544 622 2577 Sic
660 2544 759 2576 multi
787 2543 938 2585 bonique

229 2588 328 2619 codd.
377 2588 487 2628 Vulgo
501 2599 579 2620 sors.

277 2634 468 2665 cohortatus
482 2649 526 2655 —
541 2633 638 2674 quod.
652 2633 694 2664 al.
711 2637 755 2665 est
769 2633 836 2664 coh.
847 2638 938 2670 —et',

228 2677 327 2718 quod.

276 2721 390 2762 Adjici.
414 2719 460 2750 ita
477 2718 580 2753 mitti.
603 2726 640 2751 ut
654 2721 696 2751 ad
711 2721 823 2752 locum
839 2721 938 2752 desti-

229 2770 343 2795 natum
368 2764 550 2806 perveniat.
597 2765 702 2795 (Todd.
727 2765 824 2804 adici,
846 2775 940 2796 more

230 2808 385 2840 solemni.

280 2855 399 2885 Galea-s
426 2852 636 2885 inducendas.
657 2852 719 2885 alii
744 2854 940 2885 induendas.

230 2895 346 2928 Etiam
367 2897 424 2929 Gr.
441 2897 604 2939 metaphr.
630 2898 685 2932 τὰς
710 2897 940 2939 περικεφαλαίας

231 2938 378 2974 ἐνδύεσθαι
400 2941 515 2975 habet.
538 2952 570 2974 V.
595 2941 663 2976 ind.
710 2943 800 2984 Ergo
822 2941 941 2976 lectio-

1006 1848 1095 1873 nem,
1124 1835 1336 1872 imbuendas,
1366 1843 1434 1864 11011
1472 1829 1601 1872 probo;
1638 1840 1717 1861 nam

1005 1883 1156 1914 inducere
1178 1881 1290 1921 yalpas
1314 1877 1399 1909 1111111
1428 1875 1559 1907 videtur
1587 1873 1720 1915 signifi-

1004 1937 1092 1963 care,
1117 1936 1174 1956 eas
1196 1930 1303 1964 tegere
1325 1922 1440 1963 aliqua
1464 1930 1509 1957 re,
1534 1918 1720 1950 obducere.

1006 1972 1054 2002 M.
1103 1970 1178 2000 Non
1203 1979 1276 1999 raro
1300 1974 1410 1998 tamen
1425 1965 1581 1996 inducere
1594 1963 1718 1994 eodem

1005 2025 1102 2046 sensu
1129 2019 1306 2053 usurpatur
1329 2021 1398 2051 quo
1413 2003 1577 2049 indidere,
1599 2017 1718 2037 verum

1007 2059 1040 2090 id
1057 2059 1125 2089 fere
1142 2059 1177 2088 tit
1192 2055 1348 2097 adposito
1367 2054 1520 2094 subjecto
1535 2050 1663 2091 aliquo,
1680 2056 1720 2080 ut

1003 2105 1104 2134 soleas
1130 2102 1276 2144 pedibus.
1306 2100 1449 2131 calceum,
1477 2097 1536 2126 sibi
1564 2097 1719 2126 humet-ns·

1004 2149 1140 2178 amictu..
1156 2147 1293 2177 laurum
1304 2144 1438 2184 capillis.
1474 2140 1537 2171 Sed
1552 2138 1585 2169 in
1597 2149 1720 2179 genere

1006 2191 1117 2222 indm-1·
1131 2189 1265 2226 dicitur,
1288 2198 1356 2228 quo
1380 2185 1464 2227 quid
1480 2183 1611 2225 tegitur.
1658 2182 1717 2214 Sic

1007 2234 1108 2266 Ovid.
1127 2236 1195 2265 Art.
1212 2234 1286 2263 Ain.
1304 2236 1335 2269 2⁷,
1361 2233 1436 2261 495.
1459 2230 1558 2260 sacri-9
1581 2227 1717 2258 induem

1006 2281 1139 2320 capillis
1151 2280 1272 2309 laurus
1286 2281 1372 2308 erac.
1412 2273 1615 2305 Servandum
1633 2282 1717 2313 ergo

1007 2323 1228 2354 inducendas.

1056 2368 1253 2408 Tegyimeuta
1270 2369 1363 2396 erant
1390 2373 1409 2393 e
1435 2360 1532 2393 corio
1555 2360 1658 2391 facta.
1676 2368 1719 2388 ne

1005 2412 1125 2443 sormae
1144 2416 1177 2441 et
1202 2410 1348 2445 colores,
1369 2406 1474 2438 scutis
1495 2404 1617 2441 additi,
1641 2403 1720 2443 pul-

1005 2466 1083 2487 vere
1100 2453 1247 2496 ausaebris
1271 2451 1394 2495 injuria
1407 2451 1718 2488 corrumperentur.

1008 2502 1131 2531 Dat-is.
1171 2498 1259 2530 Hinc
1275 2497 1365 2538 apud
1378 2495 1451 2526 Cic.
1468 2493 1543 2524 Nat.
1558 2492 1647 2539 D.·2.
1664 2491 1717 2520 14.

1006 2547 1203 2586 clypeorum
1229 2543 1417 2573 involucra.
1443 2539 1492 2569 M.
1540 2534 1717 2582 Alii-*heic

1008 2593 1214 2629 tefflcmenw,
1242 2589 1420 2625 teynwntu.
1470 2580 1553 2612 Mox
1575 2578 1635 2610 alu
1659 2578 1722 2610 ‹Ie-

1005 2633 1187 2663 tradenda.

1054 2677 1099 2707 In
1116 2674 1303 2717 qvseremlis
1321 2674 1401 2702 suis.
1449 2667 1597 2709 Scaliger
1619 2678 1637 2697 e
1654 2676 1717 2698 suo

1007 2720 1126 2751 codice
1153 2723 1188 2749 in
1216 2716 1397 2759 qnoeremlo
1425 2723 1511 2743 suae.
1535 2712 1581 2743 al.
1604 2713 1721 2752 inqui-

1009 2765 1112 2796 rendo
1128 2773 1214 2794 suos.
1239 2761 1404 2791 ciaccon.
1417 2756 1626 2797 inque-mulis
1636 2757 1722 2786 sui-5·-

1056 2810 1224 2847 Dejemus,
1255 2802 1443 2835 declivitas.
1489 2800 1525 2831 In
1556 2800 1615 2831 Gr.
1646 2809 1722 2829 me·-

1008 2844 1122 2894 taphr.
1140 2851 1173 2879 τὲ
1189 2849 1240 2879 em?
1255 2848 1328 2892 ὄξους
1346 2847 1503 2879 κάταντες.
1529 2845 1580 2875 M.
1618 2843 1672 2874 Ct.
1689 2852 1723 2872 c.

1010 2900 1042 2928 8.
1088 2896 1166 2926 Inde
1183 2898 1285 2934 patet,
1302 2891 1394 2924 male
1411 2890 1445 2924 in
1461 2889 1561 2923 codd.
1577 2887 1722 2930 qmbus-

1011 2943 1088 2973 dam
1103 2938 1171 2982 legi
1187 2938 1344 2972 delectus.
