1946 3261
200 203 292 248 215
621 196 706 240 DE
739 193 945 240 BELLO
979 193 1276 238 GALLICO.

203 327 393 375 adeundi
417 333 590 384 tempus
609 322 841 374 definiunt,
869 338 1005 381 quum
1020 321 1223 366 meridies
1242 337 1331 365 esse
1359 321 1577 366 videatur.
1641 323 1699 368 Iis

205 388 341 447 copiis
364 383 742 443 Vergasillaunum
762 383 1027 431 Arvernum,
1051 396 1187 424 unum
1205 398 1260 425 ex
1276 390 1467 440 quatuor
1484 380 1699 433 Ducibus,

203 445 508 507 propinquum
556 441 948 502 VercingetorigiS,
1003 440 1259 499 praeficiunt.
1337 440 1418 483 Ille
1459 457 1514 484 ex
1550 440 1701 484 castris

207 505 350 565 prima
369 502 521 563 vigilia
541 518 753 562 egressus,
775 517 916 560 prope
937 499 1135 543 confecto
1152 501 1233 544 sub
1249 500 1393 543 lucem
1412 499 1584 550 itinere,
1602 507 1702 559 post.

208 571 402 608 montem
419 578 466 605 se
487 561 727 606 occuitavit
746 561 906 604 milites
938 575 991 601 ue
1011 575 1065 601 ex
1085 567 1299 603 nocturno
1320 559 1471 603 labore
1488 575 1578 603 sese
1605 558 1703 603 refi-

205 638 304 667 cere
319 621 461 682 jussit.
526 621 672 672 Quum
686 621 775 680 jam
796 619 902 662 meri
939 618 997 661 ies
1012 617 1369 678 adpropinquare
1381 618 1625 669 videretur,
1642 617 1698 661 ad

207 698 261 726 ea
281 689 440 732 castra,
470 697 567 740 quae
588 697 721 740 supra
740 677 1143 728 demonstravimus,
1178 678 1424 723 contendit:
1460 677 1701 736 eodemque

204 749 403 800 tempore
426 739 648 798 equitatus
669 739 723 782 ad
746 745 1006 796 campestres
1026 737 1289 782 munitiones
1309 737 1516 781 accedere
1538 746 1583 781 et
1600 737 1701 781 reli-

203 817 301 860 quae
318 799 455 858 copiae
475 816 558 858 pro
580 798 729 842 castris
745 814 832 841 sese
853 797 1077 840 ostendere
1099 806 1344 857 coeperunt.

265 860 338 902 84.
375 858 713 917 Vercingetorix
752 873 806 900 ex
837 872 936 899 arce
977 855 1134 900 Alesiae
1173 874 1269 900 suos
1310 857 1599 916 conspicatus,
1645 872 1700 900 ex

205 917 374 978 oppido
395 917 651 978 egreditur;
683 934 709 960 a
738 916 889 960 castris
920 915 1161 975 longurios,
1195 917 1427 966 musculos,
1450 917 1581 960 falces
1602 915 1702 959 reli-

204 993 394 1036 quaque,
417 994 514 1036 quae
536 976 778 1036 eruptionis
797 992 941 1018 caussa
963 985 1214 1034 paraverat,
1247 976 1435 1035 profert.
1471 976 1700 1034 Pugnatur

202 1048 292 1080 uno
323 1044 524 1096 tempore
555 1035 755 1078 omnibus
786 1034 891 1078 locis
924 1034 1084 1078 acriter
1114 1045 1246 1093 atque
1277 1036 1419 1078 omnia
1443 1043 1696 1078 tentantur:

201 1113 291 1154 qua
311 1096 484 1139 minime
504 1095 594 1140 visa
617 1111 717 1154 pars
734 1094 859 1137 firma
876 1103 956 1142 est,
976 1093 1059 1137 huc
1075 1095 1367 1138 concurritur.
1403 1095 1701 1138 Romanorum

203 1171 354 1198 manus
393 1154 525 1197 tantis
568 1154 883 1197 munitionibus
927 1153 1178 1204 distinetur,
1217 1171 1295 1197 nec
1340 1155 1464 1197 facile
1502 1153 1703 1212 pluribus

202 1213 310 1258 locis
331 1213 536 1257 occurrit.
604 1213 801 1256 Multum
820 1213 875 1255 ad
900 1213 1128 1256 terrendos
1159 1222 1328 1257 nostros
1358 1213 1497 1256 valuit
1520 1212 1700 1261 clamor,

201 1273 281 1330 qui
337 1281 404 1316 ost
436 1281 611 1330 tergum
631 1272 931 1331 pugnantibus
952 1272 1136 1321 exstitit,
1167 1272 1287 1329 quod
1310 1288 1434 1314 suum
1490 1270 1703 1313 ericulum

206 1332 254 1375 in
288 1290 429 1374 aliiena
463 1331 616 1375 vident
651 1331 816 1373 virtute
854 1340 1071 1373 constare:
1108 1331 1251 1374 onmia
1279 1332 1393 1373 enim
1458 1288 1704 1388 ferumque,

202 1407 301 1449 quae
319 1390 494 1439 absunt,
518 1389 818 1432 vehementius
839 1389 1059 1431 hominum
1082 1399 1246 1432 mentes
1269 1400 1425 1449 pertur
1461 1398 1551 1432 ant.

264 1449 337 1491 85.
373 1449 518 1492 Caesar
550 1448 753 1491 idoneum
787 1449 931 1492 locum
954 1457 1119 1498 nactus,
1153 1449 1260 1507 quid
1296 1465 1471 1507 quaque
1501 1450 1543 1491 in
1574 1454 1701 1507 parte

203 1516 405 1569 geratur,
419 1508 658 1568 cognoscit,
683 1508 986 1552 laborantibus
999 1509 1207 1552 auxilium
1221 1508 1457 1552 submittit.
1492 1508 1704 1565 Utrisque

254 1612 426 1644 Meridies.
451 1610 512 1642 alii
527 1612 679 1650 meridie,
701 1611 792 1653 quod
809 1611 922 1653 placet
991 1622 1071 1650 ergo
1097 1612 1298 1654 interpretes
1323 1612 1560 1654 corrig-endum
1589 1615 1707 1652 putant

207 1657 300 1689 Oud.
325 1667 386 1698 pro
403 1656 554 1688 meridiei
573 1656 650 1688 scil.
669 1661 815 1697 tempus.
834 1654 920 1686 mihi
990 1656 1128 1688 locum:
1154 1667 1230 1688 narn
1246 1657 1429 1688 Glareanus
1445 1655 1542 1691 dicit,
1557 1666 1578 1687 α
1591 1657 1706 1687 castris

207 1711 275 1733 non
293 1700 389 1732 item.

256 1747 284 1778 A
299 1747 427 1778 cam-125.
471 1744 620 1776 Fuerunt
643 1750 752 1776 castra
779 1743 923 1776 Vercin-

207 1789 386 1832 getorigis,
418 1796 453 1821 ut
485 1800 564 1831 cap.
594 1791 648 1820 70.
684 1796 768 1820 extr.
799 1788 922 1820 diserte

209 1834 381 1866 dicuntur.
426 1834 509 1865 llaec
527 1840 636 1865 castra
656 1833 783 1865 ibidem
812 1833 922 1864 muni-

210 1878 322 1910 tiones
357 1878 587 1920 adpcllantur,
621 1877 726 1909 ctiam
766 1877 924 1909 dicuntur

209 1921 362 1954 maceria
376 1929 409 1953 et
421 1923 522 1954 fossa.
536 1922 637 1964 Atqui
649 1923 690 1953 de
703 1922 766 1953 hac
778 1921 925 1953 maceria

206 1973 243 1998 et
260 1967 363 2004 fossa,
388 1966 452 1998 sub
468 1977 564 1998 muro
581 1965 707 1999 Alesia:
724 1967 837 2000 ducta,
851 1965 924 1997 dic·

211 2015 285 2042 tum
304 2017 353 2041 est
370 2021 401 2040 c.
422 2012 475 2041 (39.
521 2012 603 2042 Sunt
620 2009 722 2050 igitur
743 2010 925 2052 Vercinge-

210 2054 332 2095 torigis
368 2058 476 2085 castra
514 2054 587 2095 ipsa
623 2053 683 2084 illa
715 2053 861 2084 maceria
891 2060 925 2085 et

210 2099 317 2130 fossa.
354 2098 431 2129 Iloc
444 2108 523 2139 ergo
539 2103 602 2136 est,
617 2109 640 2130 α.
655 2099 770 2129 casn-is
791 2098 925 2139 profert.

213 2142 286 2173 Nec
303 2141 416 2179 video,
430 2152 489 2173 cur
506 2152 571 2173 non
592 2141 761 2184 potuerint
779 2141 925 2183 longurii

211 2191 248 2218 et
276 2185 423 2217 musculi
451 2191 485 2216 et
513 2185 646 2227 reliqua
675 2185 707 2216 in
737 2185 794 2217 illa
816 2185 928 2218 muni-

212 2230 308 2263 tione
327 2241 354 2261 s.
371 2229 489 2261 castris
504 2240 578 2261 esse
595 2229 756 2261 fabricata
774 2236 807 2261 et
829 2241 927 2272 repo-

211 2274 303 2307 sita:
335 2284 398 2305 nec
429 2274 542 2313 cred0‚
571 2274 633 2305 etsi
667 2274 928 2316 Vercingetorix

215 2329 296 2351 cum
313 2318 384 2349 suis
401 2317 434 2349 in
454 2318 623 2359 oppidum
639 2329 792 2349 reversus
813 2326 861 2350 est
878 2323 926 2359 (c.

213 2367 258 2395 82
289 2362 403 2401 extu),
435 2363 536 2404 plane
569 2362 699 2394 nullum
733 2363 927 2404 pnrsidium

216 2408 343 2440 horum
360 2411 543 2438 castrorum
558 2406 713 2438 relictum
742 2418 815 2438 esse
833 2420 840 2438 ι
866 2408 929 2439 im-

217 2463 276 2484 mo
313 2461 431 2483 revera
470 2451 626 2482 relictum
659 2449 723 2481 fuit
757 2451 849 2492 (cap.
889 2453 929 2484 70

217 2495 332 2535 extu).
359 2494 492 2533 Quodsi
509 2495 663 2526 relictum
675 2500 736 2533 est,
751 2501 930 2536 potuerunt

218 2540 273 2571 5bi
304 2539 377 2571 istae
403 2549 456 2571 res
483 2544 516 2570 et
540 2538 666 2571 confici
684 2545 718 2570 et
744 2540 930 2571 adservari.

220 2584 319 2616 vidit
347 2583 413 2615 hoc
437 2583 610 2623 Clarkius‚
640 2589 751 2614 tamen
769 2593 835 2614 non
855 2595 931 2625 pro-

220 2628 337 2660 havit:
363 2628 420 2659 sed
437 2627 705 2670 Oudendorpius
728 2633 819 2658 tenet
844 2629 929 2660 lianc

219 2672 419 2705 lectionem.
466 2672 636 2714 Equidem
662 2676 761 2721 puto,
793 2671 821 2703 si
855 2672 932 2713 quis

223 2716 401 2758 superiora
426 2721 551 2748 attente
571 2717 698 2758 legerit,
721 2727 797 2747 eum
816 2725 856 2747 ne
872 2718 933 2747 du-

218 2760 407 2793 bitaturum
423 2760 560 2802 quidem
578 2771 651 2792 esse
669 2760 734 2792 hoc
750 2761 844 2792 loco:
869 2771 930 2791 nec

220 2810 291 2836 tam
310 2805 415 2836 multa
434 2805 611 2843 dixissem,
635 2805 700 2836 nisi
728 2810 776 2836 tot
800 2805 933 2836 dubita-

218 2848 334 2881 tiones
361 2854 394 2880 et
421 2849 682 2881 emendationes
707 2849 854 2891 prolatas
882 2859 933 2881 re-

221 2891 399 2937 perissem,
437 2904 554 2925 omnes
594 2893 668 2926 illas
709 2894 785 2925 inde
824 2900 933 2926 natas.

219 2936 317 2978 quia,
342 2942 448 2968 eastra
474 2936 764 2980 Vercingetorigis
779 2950 855 2987 quae
881 2950 934 2969 es-

219 2986 303 3021 sent,
349 2990 415 3013 non
449 2987 629 3025 potuerant
659 2983 815 3026 adsequi.
860 2981 931 3016 Alit

992 1701 1078 1732 nihil
1115 1702 1156 1733 ad
1194 1711 1328 1732 sensum
1369 1702 1490 1735 facere.
1528 1710 1602 1730 esse
1624 1709 1704 1739 ergo

991 1752 1116 1778 rastros
1147 1747 1337 1785 legendum.
1386 1747 1601 1777 notomanno
1633 1744 1704 1786 pla-

993 1790 1077 1824 cuit.
1094 1796 1203 1822 romox
1221 1791 1344 1829 legere.
1380 1789 1520 1831 Lipsius
1535 1788 1704 1828 (t‘oliorc.

1000 1837 1028 1872 l,
1044 1836 1093 1874 9.)
1108 1834 1216 1865 voluit
1239 1835 1341 1866 scribi
1365 1845 1406 1864 m·
1421 1840 1539 1866 crates.
1561 1833 1652 1874 quod
1669 1838 1703 1864 ct

994 1878 1182 1911 Ciacconio
1199 1879 1308 1910 visum
1328 1885 1390 1913 est.
1418 1878 1499 1919 quia
1521 1878 1705 1916 Vercinge-

995 1923 1084 1954 torix
1101 1933 1165 1955 non
1181 1924 1316 1962 castris,
1332 1924 1389 1955 sed
1406 1922 1537 1964 oppido
1557 1934 1591 1953 se.
1621 1932 1706 1954 con-

996 1967 1146 1999 tinuerit.
1193 1968 1348 1999 Ceterum
1389 1966 1555 2008 metaphr.
1594 1966 1705 1998 Groec.

997 2011 1046 2043 sic
1069 2012 1254 2053 expressit;
1282 2012 1514 2055 Btgmyyingu}
1538 2027 1583 2033 —-
1599 2011 1631 2041 32
1653 2011 1704 2044 ris

997 2056 1109 2089 πόλιως
1139 2057 1269 2097 ἰξῆγαγι
1294 2058 1328 2087 τὸ
1349 2056 1397 2086 σὺν
1423 2056 1506 2086 abe-'¹
1521 2055 1707 2099 στςάαυμι,

996 2109 1064 2131 non
1104 2100 1224 2132 diserte
1266 2100 1366 2132 vertit
1410 2099 1494 2132 ittud
1528 2110 1548 2131 a
1582 2101 1710 2131 castris.

997 2143 1077 2174 Sive
1092 2151 1205 2176 autem
1223 2148 1351 2179 cas-eris,
1364 2145 1436 2176 sive
1453 2156 1473 2175 a
1491 2146 1621 2179 castris,
1636 2143 1707 2175 sive

996 2200 1014 2219 e
1038 2191 1153 2220 castris
1181 2190 1322 2227 legatur.
1345 2189 1408 2227 (ita
1439 2187 1530 2220 enim
1562 2187 1709 2219 variatur

998 2233 1131 2271 lectio.)
1146 2233 1178 2264 id
1194 2233 1280 2265 nihii
1298 2233 1422 2271 differt,
1445 2243 1505 2264 nec
1524 2238 1575 2263 est
1591 2231 1624 2263 in
1643 2231 1706 2263 hac

997 2277 1161 2309 varietate
1178 2288 1296 2309 caussa
1314 2277 1465 2309 mutandi
1483 2275 1562 2308 toci.
1599 2276 1651 2308 M.

1045 2323 1231 2361 Musrulos,
1254 2322 1324 2353 vid.
1342 2322 1412 2353 lnd.
1438 2322 1487 2352 M.

1046 2369 1123 2401 Qua
1139 2369 1278 2398 ‘'nt'rn'me
1293 2369 1377 2405 risa,
1401 2371 1466 2397 etc.
1495 2364 1557 2396 aiii
1574 2375 1660 2407 (με.

1048 2413 1167 2443 Firma
1183 2417 1242 2443 est.
1274 2410 1408 2442 Addunt
1423 2409 1525 2451 vuigo
1538 2421 1618 2442 esse.
1643 2409 1708 2442 Sed

999 2454 1086 2487 bene
1099 2455 1206 2487 abest.

1048 2501 1144 2535 Quod
1158 2511 1259 2531 suum
1277 2510 1348 2542 per.
1360 2516 1405 2522 —-
1419 2501 1603 2534 muts-islere,
1627 2497 1709 2539 quit

1002 2553 1067 2574 non
1103 2550 1239 2585 possunt
1268 2543 1334 2586 ipsi
1366 2543 1527 2575 omnibus
1559 2542 1591 2574 in
1623 2542 1710 2575 locis

1000 2588 1131 2623 adesse.
1160 2597 1228 2619 non
1256 2587 1320 2629 ipsi
1349 2587 1567 2629 semetipsos
1591 2587 1709 2619 defeu-

1001 2633 1091 2666 dere.
1122 2632 1329 2673 intelligunt.
1357 2632 1402 2663 ab
1418 2631 1565 2664 aliorum
1581 2630 1707 2663 virtute

1003 2677 1158 2717 pendere,
1186 2682 1298 2708 utrum
1320 2677 1452 2708 evasuri
1481 2676 1547 2708 sint
1573 2673 1710 2716 pericu-

1002 2720 1085 2755 lum,
1109 2731 1169 2753 nec
1186 2731 1239 2752 ne.
1285 2721 1362 2752 Non
1381 2720 1483 2762 pauci
1502 2731 1562 2762 pro
1586 2722 1710 2751 emur«.-

1002 2764 1129 2796 ltnbent
1160 2767 1278 2804 salute,
1308 2766 1398 2807 quod
1420 2765 1540 2796 eodem
1557 2762 1655 2796 redit.
1678 2762 1705 2793 si

1002 2819 1055 2840 res
1071 2809 1212 2841 omnino
1231 2816 1421 2851 spectetur3
1445 2809 1504 2841 sed
1530 2817 1595 2839 non
1621 2816 1708 2848 opus

1001 2858 1053 2883 est
1087 2853 1149 2885 hac
1181 2853 1339 2885 lectione.
1366 2855 1414 2885 M.
1463 2854 1528 2884 Pro
1557 2857 1709 2883 consmre

1001 2897 1061 2928 alii
1079 2901 1265 2929 consistere.
1293 2898 1332 2927 To*
1348 2901 1467 2930 virt-ue
1481 2897 1620 2928 Graecus
1637 2895 1710 2926 red-

1001 2941 1048 2973 dit
1068 2952 1126 2983 por
1142 2944 1226 2984 ἀλκῇ
1242 2942 1298 2972 τῶν
1314 2942 1428 2972 ἄλλον.

1048 2988 1234 3019 Auoedlimn.
1270 2987 1345 3018 lloc
1362 2986 1514 3022 verbum,
1543 2984 1635 3026 qnod
1651 2994 1710 3015 ex-
