<?xml version="1.0" encoding="UTF-8"?>
<!DOCTYPE html PUBLIC "-//W3C//DTD XHTML 1.0 Transitional//EN"
    "http://www.w3.org/TR/xhtml1/DTD/xhtml1-transitional.dtd">
<html xmlns="http://www.w3.org/1999/xhtml" xml:lang="en" lang="en">
 <head>
  <title>
</title>
<meta http-equiv="Content-Type" content="text/html;charset=utf-8" />
  <meta name='ocr-system' content='tesseract 3.04.00' />
  <meta name='ocr-capabilities' content='ocr_page ocr_carea ocr_par ocr_line ocrx_word'/>
</head>
<body>
  <div class='ocr_page' id='page_1' title='image "./commentariidebel00caesuoft_0032.png"; bbox 0 0 1961 3230; ppageno 0'>
   <div class='ocr_carea' id='block_1_1' title="bbox 204 159 1380 208">
    <p class='ocr_par' dir='ltr' id='par_1_1' title="bbox 204 159 1380 208">
     <span class='ocr_line' id='line_1_1' title="bbox 204 159 1380 208; baseline 0.004 -8"><span class='ocrx_word' id='word_1_1' title='bbox 204 159 305 201; x_wconf 82' lang='lat' dir='ltr'><strong>xxiv</strong></span> <span class='ocrx_word' id='word_1_2' title='bbox 498 161 917 204; x_wconf 87' lang='lat' dir='ltr'><strong>COMPARATIO</strong></span> <span class='ocrx_word' id='word_1_3' title='bbox 950 162 1380 208; x_wconf 84' lang='lat' dir='ltr'><strong>EPOCHARUM.</strong></span> 
     </span>
    </p>
   </div>
   <div class='ocr_carea' id='block_1_2' title="bbox 209 282 1016 340">
    <p class='ocr_par' dir='ltr' id='par_1_2' title="bbox 209 282 1016 340">
     <span class='ocr_line' id='line_1_2' title="bbox 209 282 1016 340; baseline 0.004 -17"><span class='ocrx_word' id='word_1_4' title='bbox 209 282 261 323; x_wconf 90' lang='lat' dir='ltr'>A.</span> <span class='ocrx_word' id='word_1_5' title='bbox 281 285 327 323; x_wconf 93' lang='lat' dir='ltr'>U.</span> <span class='ocrx_word' id='word_1_6' title='bbox 347 285 528 324; x_wconf 83' lang='lat' dir='ltr'>Julianus</span> <span class='ocrx_word' id='word_1_7' title='bbox 548 284 717 322; x_wconf 80' lang='lat' dir='ltr'>DCCIX</span> <span class='ocrx_word' id='word_1_8' title='bbox 737 285 846 337; x_wconf 84' lang='lat' dir='ltr'>(ante</span> <span class='ocrx_word' id='word_1_9' title='bbox 866 288 910 326; x_wconf 88' lang='lat' dir='ltr'>C.</span> <span class='ocrx_word' id='word_1_10' title='bbox 933 287 1016 340; x_wconf 73' lang='lat'>45.)</span> 
     </span>
    </p>
   </div>
   <div class='ocr_carea' id='block_1_3' title="bbox 210 477 1448 626">
    <p class='ocr_par' dir='ltr' id='par_1_3' title="bbox 210 477 1448 626">
     <span class='ocr_line' id='line_1_3' title="bbox 210 477 1448 534; baseline 0.004 -17"><span class='ocrx_word' id='word_1_11' title='bbox 210 477 348 517; x_wconf 74' lang='lat' dir='ltr'>Caesar</span> <span class='ocrx_word' id='word_1_12' title='bbox 367 478 523 530; x_wconf 87' lang='lat' dir='ltr'>Hispali</span> <span class='ocrx_word' id='word_1_13' title='bbox 544 479 593 517; x_wconf 86' lang='lat' dir='ltr'>ad</span> <span class='ocrx_word' id='word_1_14' title='bbox 613 477 846 522; x_wconf 84' lang='lat' dir='ltr'>Ciceronem</span> <span class='ocrx_word' id='word_1_15' title='bbox 865 483 1019 524; x_wconf 82' lang='lat' dir='ltr'><strong>litteras</strong></span> <span class='ocrx_word' id='word_1_16' title='bbox 1086 481 1186 534; x_wconf 87' lang='lat' dir='ltr'><strong>prid.</strong></span> <span class='ocrx_word' id='word_1_17' title='bbox 1207 482 1300 521; x_wconf 90' lang='lat' dir='ltr'>Kal.</span> <span class='ocrx_word' id='word_1_18' title='bbox 1320 482 1448 522; x_wconf 80' lang='lat' dir='ltr'>Maias</span> 
     </span>
     <span class='ocr_line' id='line_1_4' title="bbox 262 533 628 571; baseline 0.005 -2"><span class='ocrx_word' id='word_1_19' title='bbox 262 533 329 570; x_wconf 81' lang='lat' dir='ltr'>dat</span> <span class='ocrx_word' id='word_1_20' title='bbox 349 533 628 571; x_wconf 84' lang='lat' dir='ltr'>consolatorias</span> 
     </span>
     <span class='ocr_line' id='line_1_5' title="bbox 339 586 678 626; baseline 0.006 -8"><span class='ocrx_word' id='word_1_21' title='bbox 339 586 414 618; x_wconf 84' lang='lat' dir='ltr'>Cic.</span> <span class='ocrx_word' id='word_1_22' title='bbox 429 589 472 619; x_wconf 90' lang='lat' dir='ltr'>ad</span> <span class='ocrx_word' id='word_1_23' title='bbox 486 590 555 620; x_wconf 89' lang='lat' dir='ltr'><strong>Att.</strong></span> <span class='ocrx_word' id='word_1_24' title='bbox 574 590 623 626; x_wconf 82' lang='lat'>13,</span> <span class='ocrx_word' id='word_1_25' title='bbox 638 591 678 620; x_wconf 82' lang='lat'>20</span> 
     </span>
    </p>
   </div>
   <div class='ocr_carea' id='block_1_4' title="bbox 202 681 531 772">
    <p class='ocr_par' dir='ltr' id='par_1_4' title="bbox 202 681 531 772">
     <span class='ocr_line' id='line_1_6' title="bbox 202 681 531 772; baseline 0.009 -51"><span class='ocrx_word' id='word_1_26' title='bbox 202 681 355 722; x_wconf 87' lang='lat' dir='ltr'>Munda</span> <span class='ocrx_word' id='word_1_27' title='bbox 373 689 488 772; x_wconf 49' lang='lat' dir='ltr'>(fipta</span> <span class='ocrx_word' id='word_1_28' title='bbox 526 681 531 685; x_wconf 54' lang='grc'><strong>’</strong></span> 
     </span>
     <span class='ocr_line' id='line_1_7' title="bbox 335 747 367 770; baseline 0.063 -2"><span class='ocrx_word' id='word_1_29' title='bbox 335 747 367 770; x_wconf 73' lang='lat' dir='ltr'>C·</span> 
     </span>
    </p>
   </div>
   <div class='ocr_carea' id='block_1_5' title="bbox 208 836 1404 893">
    <p class='ocr_par' dir='ltr' id='par_1_5' title="bbox 208 836 1404 893">
     <span class='ocr_line' id='line_1_8' title="bbox 208 836 1404 893; baseline 0 -16"><span class='ocrx_word' id='word_1_30' title='bbox 208 836 348 877; x_wconf 87' lang='lat' dir='ltr'>Caesar</span> <span class='ocrx_word' id='word_1_31' title='bbox 366 838 533 876; x_wconf 85' lang='lat' dir='ltr'>Romam</span> <span class='ocrx_word' id='word_1_32' title='bbox 552 837 679 878; x_wconf 84' lang='lat' dir='ltr'>victor</span> <span class='ocrx_word' id='word_1_33' title='bbox 697 837 935 892; x_wconf 82' lang='lat' dir='ltr'>ingreditur,</span> <span class='ocrx_word' id='word_1_34' title='bbox 954 841 1018 893; x_wconf 86' lang='lat' dir='ltr'>ig·</span> <span class='ocrx_word' id='word_1_35' title='bbox 1086 851 1220 879; x_wconf 87' lang='lat' dir='ltr'>mense</span> <span class='ocrx_word' id='word_1_36' title='bbox 1239 836 1404 878; x_wconf 84' lang='lat' dir='ltr'>Octobri</span> 
     </span>
    </p>
   </div>
   <div class='ocr_carea' id='block_1_6' title="bbox 258 891 641 986">
    <p class='ocr_par' dir='ltr' id='par_1_6' title="bbox 258 891 641 986">
     <span class='ocr_line' id='line_1_9' title="bbox 258 891 641 932; baseline 0.003 -2"><span class='ocrx_word' id='word_1_37' title='bbox 258 891 388 932; x_wconf 81' lang='lat' dir='ltr'>noscit</span> <span class='ocrx_word' id='word_1_38' title='bbox 406 892 641 931; x_wconf 81' lang='lat' dir='ltr'>adversariis</span> 
     </span>
     <span class='ocr_line' id='line_1_10' title="bbox 337 946 533 986; baseline 0 -8"><span class='ocrx_word' id='word_1_39' title='bbox 337 946 425 978; x_wconf 80' lang='lat' dir='ltr'>vell.</span> <span class='ocrx_word' id='word_1_40' title='bbox 441 951 475 986; x_wconf 80' lang='lat'>2,</span> <span class='ocrx_word' id='word_1_41' title='bbox 491 949 533 978; x_wconf 89' lang='grc'>56</span> 
     </span>
    </p>
   </div>
   <div class='ocr_carea' id='block_1_7' title="bbox 258 1042 1018 1198">
    <p class='ocr_par' dir='ltr' id='par_1_7' title="bbox 258 1042 1018 1198">
     <span class='ocr_line' id='line_1_11' title="bbox 258 1042 1018 1097; baseline 0.004 -14"><span class='ocrx_word' id='word_1_42' title='bbox 258 1044 303 1083; x_wconf 80' lang='lat' dir='ltr'>fit</span> <span class='ocrx_word' id='word_1_43' title='bbox 359 1042 527 1082; x_wconf 82' lang='lat' dir='ltr'>dictator</span> <span class='ocrx_word' id='word_1_44' title='bbox 572 1051 798 1097; x_wconf 84' lang='lat' dir='ltr'>perpetuus,</span> <span class='ocrx_word' id='word_1_45' title='bbox 845 1045 1018 1097; x_wconf 88' lang='lat' dir='ltr'>aliosque</span> 
     </span>
     <span class='ocr_line' id='line_1_12' title="bbox 314 1097 645 1150; baseline 0.009 -15"><span class='ocrx_word' id='word_1_46' title='bbox 314 1097 482 1136; x_wconf 84' lang='lat' dir='ltr'>honores</span> <span class='ocrx_word' id='word_1_47' title='bbox 503 1099 645 1150; x_wconf 76' lang='lat' dir='ltr'>recipit</span> 
     </span>
     <span class='ocr_line' id='line_1_13' title="bbox 338 1151 788 1198; baseline 0.007 -14"><span class='ocrx_word' id='word_1_48' title='bbox 338 1151 420 1191; x_wconf 87' lang='lat' dir='ltr'>Dio,</span> <span class='ocrx_word' id='word_1_49' title='bbox 435 1156 489 1192; x_wconf 80' lang='lat'>44,</span> <span class='ocrx_word' id='word_1_50' title='bbox 505 1156 535 1184; x_wconf 92' lang='lat'>8.</span> <span class='ocrx_word' id='word_1_51' title='bbox 556 1153 634 1187; x_wconf 89' lang='lat' dir='ltr'>Liv.</span> <span class='ocrx_word' id='word_1_52' title='bbox 649 1165 707 1198; x_wconf 88' lang='lat' dir='ltr'>ep.</span> <span class='ocrx_word' id='word_1_53' title='bbox 727 1157 788 1187; x_wconf 89' lang='lat'>116</span> 
     </span>
    </p>
   </div>
   <div class='ocr_carea' id='block_1_8' title="bbox 211 1473 1024 1533">
    <p class='ocr_par' dir='ltr' id='par_1_8' title="bbox 211 1473 1024 1533">
     <span class='ocr_line' id='line_1_14' title="bbox 211 1473 1024 1533; baseline 0.012 -21"><span class='ocrx_word' id='word_1_54' title='bbox 211 1473 262 1513; x_wconf 93' lang='lat' dir='ltr'>A.</span> <span class='ocrx_word' id='word_1_55' title='bbox 283 1474 331 1514; x_wconf 95' lang='lat' dir='ltr'>U.</span> <span class='ocrx_word' id='word_1_56' title='bbox 352 1475 533 1518; x_wconf 84' lang='lat' dir='ltr'>Julianus</span> <span class='ocrx_word' id='word_1_57' title='bbox 564 1477 715 1517; x_wconf 88' lang='lat' dir='ltr'>DCCX</span> <span class='ocrx_word' id='word_1_58' title='bbox 745 1478 857 1533; x_wconf 86' lang='lat' dir='ltr'>(ante</span> <span class='ocrx_word' id='word_1_59' title='bbox 884 1481 930 1522; x_wconf 83' lang='lat' dir='ltr'>C.</span> <span class='ocrx_word' id='word_1_60' title='bbox 951 1480 1024 1533; x_wconf 82' lang='lat'>44)</span> 
     </span>
    </p>
   </div>
   <div class='ocr_carea' id='block_1_9' title="bbox 555 1549 686 1557">
    <p class='ocr_par' dir='ltr' id='par_1_9' title="bbox 555 1549 686 1557">
     <span class='ocr_line' id='line_1_15' title="bbox 555 1549 686 1557; baseline 0 1673"><span class='ocrx_word' id='word_1_61' title='bbox 555 1549 686 1557; x_wconf 95' lang='lat' dir='ltr'> </span> 
     </span>
    </p>
   </div>
   <div class='ocr_carea' id='block_1_10' title="bbox 408 1572 1290 1612">
    <p class='ocr_par' dir='ltr' id='par_1_10' title="bbox 408 1572 1290 1612">
     <span class='ocr_line' id='line_1_16' title="bbox 408 1572 1290 1612; baseline 0.001 -5"><span class='ocrx_word' id='word_1_62' title='bbox 408 1585 440 1606; x_wconf 87' lang='lat' dir='ltr'>c.</span> <span class='ocrx_word' id='word_1_63' title='bbox 467 1584 600 1608; x_wconf 67' lang='lat' dir='ltr'>,muns</span> <span class='ocrx_word' id='word_1_64' title='bbox 627 1587 753 1609; x_wconf 62' lang='lat' dir='ltr'>CAESAR</span> <span class='ocrx_word' id='word_1_65' title='bbox 778 1588 812 1610; x_wconf 83' lang='lat' dir='ltr'>V.</span> <span class='ocrx_word' id='word_1_66' title='bbox 1087 1572 1178 1612; x_wconf 87' lang='lat' dir='ltr'>Kal.</span> <span class='ocrx_word' id='word_1_67' title='bbox 1199 1572 1290 1611; x_wconf 85' lang='lat' dir='ltr'>Jan.</span> 
     </span>
    </p>
   </div>
   <div class='ocr_carea' id='block_1_11' title="bbox 210 1671 915 1723">
    <p class='ocr_par' dir='ltr' id='par_1_11' title="bbox 210 1671 915 1723">
     <span class='ocr_line' id='line_1_17' title="bbox 210 1671 915 1723; baseline 0.006 -13"><span class='ocrx_word' id='word_1_68' title='bbox 210 1671 349 1711; x_wconf 86' lang='lat' dir='ltr'>Caesar</span> <span class='ocrx_word' id='word_1_69' title='bbox 367 1672 556 1723; x_wconf 85' lang='lat' dir='ltr'>Hyrcano</span> <span class='ocrx_word' id='word_1_70' title='bbox 575 1681 615 1713; x_wconf 83' lang='lat' dir='ltr'>et</span> <span class='ocrx_word' id='word_1_71' title='bbox 634 1675 788 1715; x_wconf 85' lang='lat' dir='ltr'>Judaeis</span> <span class='ocrx_word' id='word_1_72' title='bbox 810 1675 915 1714; x_wconf 75' lang='lat' dir='ltr'>favet</span> 
     </span>
    </p>
   </div>
   <div class='ocr_carea' id='block_1_12' title="bbox 342 1727 1025 1811">
    <p class='ocr_par' dir='ltr' id='par_1_12' title="bbox 342 1727 1025 1811">
     <span class='ocr_line' id='line_1_18' title="bbox 342 1727 1025 1811; baseline 0.009 -53"><span class='ocrx_word' id='word_1_73' title='bbox 342 1727 416 1759; x_wconf 83' lang='lat' dir='ltr'>Jos.</span> <span class='ocrx_word' id='word_1_74' title='bbox 433 1730 516 1811; x_wconf 55' lang='grc' dir='ltr'>ὢῖῐ.</span> <span class='ocrx_word' id='word_1_75' title='bbox 546 1732 594 1768; x_wconf 86' lang='grc'>14,</span> <span class='ocrx_word' id='word_1_76' title='bbox 619 1733 658 1762; x_wconf 89' lang='lat'>14</span> <span class='ocrx_word' id='word_1_77' title='bbox 676 1736 709 1761; x_wconf 90' lang='lat' dir='ltr'>et</span> <span class='ocrx_word' id='word_1_78' title='bbox 730 1733 779 1763; x_wconf 86' lang='lat'>17.</span> <span class='ocrx_word' id='word_1_79' title='bbox 813 1731 974 1770; x_wconf 74' lang='lat' dir='ltr'>(Have-rc.</span> <span class='ocrx_word' id='word_1_80' title='bbox 1005 1735 1025 1764; x_wconf 90' lang='lat'>8</span> 
     </span>
     <span class='ocr_line' id='line_1_19' title="bbox 379 1777 412 1802; baseline 0.03 -1"><span class='ocrx_word' id='word_1_81' title='bbox 379 1777 412 1802; x_wconf 83' lang='lat' dir='ltr'>et</span> 
     </span>
    </p>
   </div>
   <div class='ocr_carea' id='block_1_13' title="bbox 205 1865 1021 2112">
    <p class='ocr_par' dir='ltr' id='par_1_13' title="bbox 205 1865 1021 2112">
     <span class='ocr_line' id='line_1_20' title="bbox 206 1865 1021 1917; baseline 0.011 -14"><span class='ocrx_word' id='word_1_82' title='bbox 206 1865 254 1904; x_wconf 92' lang='lat' dir='ltr'>In</span> <span class='ocrx_word' id='word_1_83' title='bbox 286 1865 370 1917; x_wconf 89' lang='lat' dir='ltr'>ejus</span> <span class='ocrx_word' id='word_1_84' title='bbox 403 1869 594 1909; x_wconf 86' lang='lat' dir='ltr'>honorem</span> <span class='ocrx_word' id='word_1_85' title='bbox 618 1870 749 1910; x_wconf 87' lang='lat' dir='ltr'>Julius</span> <span class='ocrx_word' id='word_1_86' title='bbox 773 1872 921 1911; x_wconf 85' lang='lat' dir='ltr'>mensis</span> <span class='ocrx_word' id='word_1_87' title='bbox 950 1874 1021 1912; x_wconf 83' lang='lat' dir='ltr'>ad·</span> 
     </span>
     <span class='ocr_line' id='line_1_21' title="bbox 257 1923 428 1971; baseline 0 -12"><span class='ocrx_word' id='word_1_88' title='bbox 257 1923 428 1971; x_wconf 84' lang='lat' dir='ltr'>pellatur</span> 
     </span>
     <span class='ocr_line' id='line_1_22' title="bbox 336 1977 895 2019; baseline 0.007 -12"><span class='ocrx_word' id='word_1_89' title='bbox 336 1977 416 2015; x_wconf 91' lang='lat' dir='ltr'>Dio,</span> <span class='ocrx_word' id='word_1_90' title='bbox 434 1979 487 2016; x_wconf 78' lang='lat'>44,</span> <span class='ocrx_word' id='word_1_91' title='bbox 503 1982 534 2009; x_wconf 90' lang='grc'>5.</span> <span class='ocrx_word' id='word_1_92' title='bbox 578 1978 653 2011; x_wconf 87' lang='lat' dir='ltr'>Cic.</span> <span class='ocrx_word' id='word_1_93' title='bbox 668 1981 711 2011; x_wconf 86' lang='lat' dir='ltr'>ad</span> <span class='ocrx_word' id='word_1_94' title='bbox 726 1980 794 2011; x_wconf 82' lang='lat' dir='ltr'><strong>Att.</strong></span> <span class='ocrx_word' id='word_1_95' title='bbox 814 1983 863 2019; x_wconf 88' lang='grc'>16,</span> <span class='ocrx_word' id='word_1_96' title='bbox 882 1985 895 2013; x_wconf 94' lang='grc'><strong>1</strong></span> 
     </span>
     <span class='ocr_line' id='line_1_23' title="bbox 205 2017 1019 2079; baseline 0.012 -23"><span class='ocrx_word' id='word_1_97' title='bbox 205 2017 345 2057; x_wconf 85' lang='lat' dir='ltr'>Caesar</span> <span class='ocrx_word' id='word_1_98' title='bbox 384 2019 619 2060; x_wconf 83' lang='lat' dir='ltr'>Corinthum</span> <span class='ocrx_word' id='word_1_99' title='bbox 659 2030 698 2061; x_wconf 85' lang='lat' dir='ltr'>et</span> <span class='ocrx_word' id='word_1_100' title='bbox 736 2021 1019 2079; x_wconf 83' lang='lat' dir='ltr'>Carthaginem</span> 
     </span>
     <span class='ocr_line' id='line_1_24' title="bbox 253 2080 449 2112; baseline 0.015 -3"><span class='ocrx_word' id='word_1_101' title='bbox 253 2080 449 2112; x_wconf 83' lang='lat' dir='ltr'>mstaurat</span> 
     </span>
    </p>
   </div>
   <div class='ocr_carea' id='block_1_14' title="bbox 342 2117 1016 2210">
    <p class='ocr_par' dir='ltr' id='par_1_14' title="bbox 342 2117 1016 2210">
     <span class='ocr_line' id='line_1_25' title="bbox 342 2117 1016 2177; baseline 0.012 -19"><span class='ocrx_word' id='word_1_102' title='bbox 342 2129 461 2159; x_wconf 72' lang='lat' dir='ltr'>stmbo</span> <span class='ocrx_word' id='word_1_103' title='bbox 490 2129 512 2160; x_wconf 88' lang='lat' dir='ltr'>l.</span> <span class='ocrx_word' id='word_1_104' title='bbox 541 2132 571 2160; x_wconf 87' lang='lat'>8.</span> <span class='ocrx_word' id='word_1_105' title='bbox 606 2143 642 2173; x_wconf 86' lang='lat' dir='ltr'>p.</span> <span class='ocrx_word' id='word_1_106' title='bbox 667 2135 728 2164; x_wconf 82' lang='lat'>381</span> <span class='ocrx_word' id='word_1_107' title='bbox 754 2140 788 2167; x_wconf 82' lang='lat' dir='ltr'>et</span> <span class='ocrx_word' id='word_1_108' title='bbox 814 2117 866 2167; x_wconf 57' lang='lat' dir='ltr'>17ss</span> <span class='ocrx_word' id='word_1_109' title='bbox 889 2146 923 2177; x_wconf 87' lang='lat' dir='ltr'>p.</span> <span class='ocrx_word' id='word_1_110' title='bbox 941 2137 1016 2168; x_wconf 80' lang='lat'><strong>833.</strong></span> 
     </span>
     <span class='ocr_line' id='line_1_26' title="bbox 380 2171 827 2210; baseline 0.016 -8"><span class='ocrx_word' id='word_1_111' title='bbox 380 2171 459 2210; x_wconf 80' lang='lat' dir='ltr'>Dio,</span> <span class='ocrx_word' id='word_1_112' title='bbox 477 2175 530 2210; x_wconf 83' lang='lat'>43,</span> <span class='ocrx_word' id='word_1_113' title='bbox 543 2175 584 2205; x_wconf 87' lang='lat'>50</span> <span class='ocrx_word' id='word_1_114' title='bbox 819 2180 827 2189; x_wconf 63' lang='lat'>²</span> 
     </span>
    </p>
   </div>
   <div class='ocr_carea' id='block_1_15' title="bbox 258 2268 1016 2416">
    <p class='ocr_par' dir='ltr' id='par_1_15' title="bbox 258 2268 1016 2416">
     <span class='ocr_line' id='line_1_27' title="bbox 258 2268 1016 2326; baseline 0.018 -21"><span class='ocrx_word' id='word_1_115' title='bbox 258 2268 405 2306; x_wconf 89' lang='lat' dir='ltr'>bellum</span> <span class='ocrx_word' id='word_1_116' title='bbox 436 2276 552 2319; x_wconf 80' lang='lat' dir='ltr'>parat</span> <span class='ocrx_word' id='word_1_117' title='bbox 578 2270 620 2310; x_wconf 92' lang='lat' dir='ltr'>in</span> <span class='ocrx_word' id='word_1_118' title='bbox 653 2273 776 2314; x_wconf 85' lang='lat' dir='ltr'>Getas</span> <span class='ocrx_word' id='word_1_119' title='bbox 809 2289 839 2315; x_wconf 89' lang='lat' dir='ltr'>s.</span> <span class='ocrx_word' id='word_1_120' title='bbox 873 2277 1016 2326; x_wconf 83' lang='lat' dir='ltr'>Dacos,</span> 
     </span>
     <span class='ocr_line' id='line_1_28' title="bbox 312 2323 671 2377; baseline 0.019 -17"><span class='ocrx_word' id='word_1_121' title='bbox 312 2323 494 2373; x_wconf 75' lang='lat' dir='ltr'>Parthos,</span> <span class='ocrx_word' id='word_1_122' title='bbox 515 2323 671 2377; x_wconf 89' lang='lat' dir='ltr'>Syriam</span> 
     </span>
     <span class='ocr_line' id='line_1_29' title="bbox 333 2377 536 2416; baseline 0.005 -7"><span class='ocrx_word' id='word_1_123' title='bbox 333 2377 417 2416; x_wconf 87' lang='lat' dir='ltr'>Dio,</span> <span class='ocrx_word' id='word_1_124' title='bbox 431 2380 485 2416; x_wconf 83' lang='lat'>43,</span> <span class='ocrx_word' id='word_1_125' title='bbox 501 2382 536 2410; x_wconf 88' lang='lat'>51</span> 
     </span>
    </p>
   </div>
   <div class='ocr_carea' id='block_1_16' title="bbox 258 2476 1431 2634">
    <p class='ocr_par' dir='ltr' id='par_1_16' title="bbox 258 2476 1431 2634">
     <span class='ocr_line' id='line_1_30' title="bbox 258 2476 1431 2533; baseline 0.018 -21"><span class='ocrx_word' id='word_1_126' title='bbox 258 2486 378 2514; x_wconf 85' lang='lat' dir='ltr'>ovans</span> <span class='ocrx_word' id='word_1_127' title='bbox 400 2490 449 2516; x_wconf 84' lang='lat' dir='ltr'>ex</span> <span class='ocrx_word' id='word_1_128' title='bbox 465 2483 599 2518; x_wconf 86' lang='lat' dir='ltr'>monte</span> <span class='ocrx_word' id='word_1_129' title='bbox 619 2479 779 2521; x_wconf 85' lang='lat' dir='ltr'>Albano</span> <span class='ocrx_word' id='word_1_130' title='bbox 802 2484 938 2525; x_wconf 86' lang='lat' dir='ltr'>urbem</span> <span class='ocrx_word' id='word_1_131' title='bbox 953 2484 1015 2525; x_wconf 89' lang='lat' dir='ltr'>in·</span> <span class='ocrx_word' id='word_1_132' title='bbox 1076 2476 1156 2517; x_wconf 79' lang='lat' dir='ltr'>VII</span> <span class='ocrx_word' id='word_1_133' title='bbox 1177 2476 1270 2518; x_wconf 74' lang='lat' dir='ltr'>Kal·</span> <span class='ocrx_word' id='word_1_134' title='bbox 1286 2479 1401 2520; x_wconf 70' lang='lat' dir='ltr'><strong>Febr·</strong></span> <span class='ocrx_word' id='word_1_135' title='bbox 1425 2480 1431 2533; x_wconf 55' lang='lat' dir='ltr'>f</span> 
     </span>
     <span class='ocr_line' id='line_1_31' title="bbox 367 2531 548 2582; baseline 0.022 -14"><span class='ocrx_word' id='word_1_136' title='bbox 367 2531 548 2582; x_wconf 87' lang='lat' dir='ltr'>greditur</span> 
     </span>
     <span class='ocr_line' id='line_1_32' title="bbox 334 2586 798 2634; baseline 0.013 -16"><span class='ocrx_word' id='word_1_137' title='bbox 334 2586 416 2626; x_wconf 91' lang='lat' dir='ltr'>Dio,</span> <span class='ocrx_word' id='word_1_138' title='bbox 430 2590 482 2628; x_wconf 83' lang='lat'>44,</span> <span class='ocrx_word' id='word_1_139' title='bbox 497 2591 528 2621; x_wconf 86' lang='lat'>4.</span> <span class='ocrx_word' id='word_1_140' title='bbox 573 2588 667 2622; x_wconf 83' lang='lat' dir='ltr'>Grut.</span> <span class='ocrx_word' id='word_1_141' title='bbox 683 2601 717 2634; x_wconf 88' lang='lat' dir='ltr'>p.</span> <span class='ocrx_word' id='word_1_142' title='bbox 734 2593 798 2624; x_wconf 77' lang='lat'>29⁷</span> 
     </span>
    </p>
   </div>
   <div class='ocr_carea' id='block_1_17' title="bbox 208 2681 822 2741">
    <p class='ocr_par' dir='ltr' id='par_1_17' title="bbox 208 2681 822 2741">
     <span class='ocr_line' id='line_1_33' title="bbox 208 2681 822 2741; baseline 0.013 -18"><span class='ocrx_word' id='word_1_143' title='bbox 208 2681 299 2725; x_wconf 75' lang='lat' dir='ltr'>R&#39;ex</span> <span class='ocrx_word' id='word_1_144' title='bbox 317 2687 510 2727; x_wconf 84' lang='lat' dir='ltr'>salutatur</span> <span class='ocrx_word' id='word_1_145' title='bbox 528 2687 658 2741; x_wconf 85' lang='lat' dir='ltr'>speeie</span> <span class='ocrx_word' id='word_1_146' title='bbox 677 2688 822 2731; x_wconf 86' lang='lat' dir='ltr'>invitus</span> 
     </span>
    </p>
   </div>
   <div class='ocr_carea' id='block_1_18' title="bbox 342 2739 1017 2824">
    <p class='ocr_par' dir='ltr' id='par_1_18' title="bbox 342 2739 1017 2824">
     <span class='ocr_line' id='line_1_34' title="bbox 342 2739 1017 2819; baseline 0.019 -49"><span class='ocrx_word' id='word_1_147' title='bbox 342 2739 432 2817; x_wconf 50' lang='lat' dir='ltr'>Sug.</span> <span class='ocrx_word' id='word_1_148' title='bbox 451 2743 512 2819; x_wconf 56' lang='lat'>1733.</span> <span class='ocrx_word' id='word_1_149' title='bbox 569 2743 686 2778; x_wconf 84' lang='lat' dir='ltr'>Livius</span> <span class='ocrx_word' id='word_1_150' title='bbox 713 2757 770 2789; x_wconf 90' lang='lat' dir='ltr'>ep.</span> <span class='ocrx_word' id='word_1_151' title='bbox 804 2749 878 2781; x_wconf 85' lang='lat'>116.</span> <span class='ocrx_word' id='word_1_152' title='bbox 938 2746 1017 2787; x_wconf 89' lang='lat' dir='ltr'>Dio,</span> 
     </span>
     <span class='ocr_line' id='line_1_35' title="bbox 425 2808 435 2824; baseline 0 -1"><span class='ocrx_word' id='word_1_153' title='bbox 425 2808 435 2824; x_wconf 79' lang='lat'><em>‚</em></span> 
     </span>
    </p>
   </div>
  </div>
 </body>
</html>
