1946 3261
604 172 723 218 LIB.
758 172 867 219 Vll.
931 173 1071 218 CAP.
1102 173 1294 218 88-90.
1625 172 1711 215 219

215 299 382 343 bellum
417 298 650 359 suscepisse
682 314 768 342 non
804 314 982 342 suarum
1015 297 1332 346 necessitatum,
1366 294 1441 339 sed
1470 295 1709 340 communis

215 359 430 402 libertatis
450 375 617 409 caussa,
640 358 938 405 demonstrat:
976 365 1020 399 et
1047 357 1254 414 quoniam
1269 357 1324 398 sit
1345 356 1535 399 fortunae
1552 355 1707 398 ceden-

213 418 335 469 dum,
364 419 420 461 ad
448 427 682 476 utramque
716 434 808 460 rem
841 433 884 460 se
906 416 990 459 illis
1022 415 1215 465 obferre,
1249 432 1324 457 seu
1355 424 1498 458 morte
1519 431 1596 457 sua
1618 415 1707 458 Ro-

214 480 347 521 manis
367 479 631 527 satisfacere,
654 494 729 519 seu
750 478 899 520 vivum
918 475 1143 519 transdere
1167 474 1316 516 velint.
1383 475 1632 517 Mittuntur
1651 475 1707 517 de

214 536 276 579 his
298 538 428 580 rebus
448 537 504 579 ad
525 537 739 579 Caesarem
764 535 912 594 legati.
975 534 1004 577 J
1010 534 1119 576 ubet
1140 549 1261 575 arma
1282 533 1464 582 transdi,
1489 534 1708 593 principes

214 596 414 653 produci.
484 595 582 654 Ipse
603 595 647 638 in
668 595 907 637 munitione
931 609 1014 653 pro
1046 592 1197 635 castris
1226 591 1442 634 consedit:
1484 609 1535 635 eo
1574 593 1709 636 duces

213 655 537 713 producuntur.
618 654 957 712 Vercingetorix
996 651 1191 701 deditur,
1234 666 1354 694 arma
1392 650 1704 708 projiciuntur.

215 713 464 757 Reservatis
490 713 644 756 AEduis
666 710 803 770 atque
826 712 1052 761 Arvernis,
1085 712 1119 754 si
1148 727 1228 769 per
1260 727 1333 752 eos
1365 710 1563 752 civitates
1585 727 1705 754 recu-

212 790 366 832 perare
389 782 552 833 posset,
575 789 627 815 ex
651 773 830 830 reliquis
852 772 1035 831 captivis
1054 778 1151 814 toto
1168 769 1365 813 exercitu
1379 769 1525 828 capita
1537 769 1710 829 singula

213 833 368 892 praedae
391 833 562 876 nomine
584 832 827 875 distribuit.
978 869 988 879 ,

271 892 341 935 90.
382 892 464 935 His
486 893 617 935 rebus
639 892 863 941 confectis,
886 891 930 933 in
950 889 1119 933 AEduos
1140 887 1452 947 proficiscitur;
1476 886 1701 931 civitatem

212 952 384 1011 recipit.
449 952 515 995 Eo
555 952 689 1010 legati
724 952 781 993 ab
822 950 1030 993 Arvernis
1064 949 1195 998 missi,
1238 964 1336 1005 quae
1373 948 1626 1006 imperaret,
1665 963 1709 991 se

211 1013 403 1055 facturos
425 1011 704 1072 pollicentur.
770 1010 963 1068 Imperat
998 1024 1202 1067 magnum
1226 1023 1457 1050 numerum
1491 1005 1709 1050 obsidum.

214 1072 274 1114 Le
295 1071 427 1128 <iones
461 1071 504 1113 in
542 1070 724 1113 hiberna
747 1070 908 1112 mittit:
949 1069 1225 1126 captivorum
1261 1067 1437 1109 circiter
1474 1066 1558 1109 XX
1591 1067 1712 1110 milia

214 1130 270 1173 AE
306 1131 368 1173 uis
393 1131 692 1187 Arvernisque
716 1129 887 1173 reddit:
912 1128 965 1170 T.
992 1128 1234 1171 Labienum
1254 1125 1429 1169 duabus
1451 1142 1552 1169 cum
1574 1125 1709 1185 legio-

213 1191 340 1234 nibus
378 1199 422 1233 et
462 1190 663 1248 equitatu
700 1189 741 1231 in
773 1190 1000 1246 Sequanos
1038 1186 1253 1246 proficisci
1291 1186 1444 1244 jubet:
1498 1185 1598 1228 huic
1639 1186 1708 1228 M.

216 1249 525 1308 Sempronium
543 1249 747 1291 Rutilum
767 1247 1007 1291 adtribuit:
1035 1248 1089 1290 C.
1107 1246 1292 1289 Fabium
1314 1254 1358 1287 et
1384 1245 1434 1287 L.
1463 1244 1710 1288 Minucium

216 1310 409 1352 Basilum
428 1325 529 1351 cum
549 1307 723 1350 duabus
744 1307 988 1366 legionibus
1020 1307 1063 1349 in
1085 1306 1234 1348 Remis
1255 1304 1472 1355 conlocat,
1502 1320 1554 1347 ne
1575 1321 1709 1362 quam

212 1368 270 1412 ab
290 1368 497 1411 finitumis
516 1367 758 1410 Bellovacis
779 1366 1072 1408 calamitatem
1092 1365 1322 1422 accipiant.
1389 1364 1440 1406 C.
1463 1364 1707 1407 Antistium

215 1428 436 1486 Reginum
470 1429 513 1470 in
549 1426 873 1475 Ambivaretos,
912 1425 964 1468 T.
991 1424 1192 1466 Sextium
1214 1424 1258 1466 in
1282 1423 1521 1480 Bituriges,
1547 1424 1599 1466 C.
1626 1423 1709 1465 Ca-

212 1487 379 1531 ninium
419 1487 627 1530 Rebilum
663 1486 704 1528 in
737 1485 935 1528 Rutenos
968 1501 1067 1526 cum
1087 1482 1268 1541 singulis
1287 1478 1530 1539 legionibus
1552 1483 1707 1525 mittit.

215 1548 270 1598 Q.
296 1546 495 1590 Tullium
525 1545 783 1588 Ciceronem
803 1553 848 1586 et
884 1544 932 1586 P.
963 1542 1208 1600 Sulpicium
1232 1541 1453 1584 Cabilloni
1475 1550 1520 1584 et
1554 1541 1709 1585 Matis-

211 1622 317 1650 cone
340 1606 383 1649 in
407 1605 564 1648 AEduis
595 1604 650 1646 ad
673 1604 865 1653 Ararim,
889 1602 950 1645 rei
974 1601 1270 1644 frumentariae
1291 1616 1454 1650 caussa,
1494 1601 1707 1644 conlocat.

213 1666 311 1725 Ipse
336 1665 543 1708 Bibracte
566 1663 754 1706 hiemare
776 1662 1017 1706 constituit.
1086 1661 1167 1704 His
1187 1661 1317 1702 rebus
1338 1659 1498 1702 litteris
1529 1660 1710 1703 Caesaris

213 1725 414 1784 coguitis,
437 1724 588 1768 Romae
609 1722 784 1766 dierum
803 1722 887 1765 XX
905 1720 1170 1780 subplicatio
1188 1719 1412 1762 indicitur.

211 1838 395 1876 sedentem,
423 1835 624 1874 accessisse,
663 1833 926 1875 subplicemque
1044 1833 1176 1865 Litteris
1196 1831 1354 1869 Caesaris,
1372 1830 1445 1862 haec
1463 1829 1566 1862 verba
1580 1828 1612 1861 in
1631 1829 1709 1862 aliis

212 1882 347 1914 veniam
364 1892 516 1922 rogasse3
542 1881 599 1911 sed
630 1879 713 1911 hanc
745 1878 855 1920 ipsam
880 1878 925 1909 ob
997 1879 1129 1910 desunt.

213 1937 363 1966 causam,
389 1925 551 1967 quoniam
567 1923 730 1956 amicitia*
757 1924 834 1965 jura
851 1924 928 1954 vio·
1045 1923 1259 1964 Subple'catm.
1312 1919 1404 1958 Quid
1445 1919 1596 1961 precatio
1635 1919 1708 1951 sive

215 1972 346 2008 laverit,
370 1970 403 2002 in
426 1970 565 2001 vincula
587 1969 791 2011 conjectum.
820 1968 852 1999 in
870 1967 929 1999 tri·
997 1966 1203 2005 obsecratio,
1231 1964 1416 2007 gratulatio
1443 1964 1515 1995 sive
1532 1963 1709 2005 subplica-

213 2016 347 2057 umpho
363 2016 503 2046 ductum
515 2012 549 2045 et
563 2015 697 2045 tandem
714 2013 928 2044 interfectum
999 2012 1047 2043 tio
1063 2017 1096 2043 et
1111 2011 1171 2042 alii
1198 2017 1295 2041 acius
1319 2009 1403 2040 tales
1425 2009 1513 2040 sacri
1539 2008 1707 2047 differant,

213 2071 300 2091 osse.
325 2061 425 2091 Conf.
442 2062 496 2094 113,
515 2060 564 2090 19.
592 2059 641 2089 M.
997 2058 1099 2088 docet
1119 2055 1230 2086 Valet.
1255 2054 1353 2086 Max.
1374 2056 1403 2086 l.
1425 2055 1454 2084 l.

261 2106 416 2137 Rutilum
442 2104 616 2139 adtrIbuit,
638 2103 829 2144 adjutorem
861 2112 927 2133 non

215 2149 406 2192 conlegam,
431 2153 465 2180 ut
478 2147 617 2180 Celsum
634 2147 738 2179 habet
756 2157 834 2190 pag.
855 2148 928 2178 159.
