1946 3261
263 264 350 308 308
723 256 806 300 DE
839 252 1040 299 BELLO
1074 249 1285 297 CIVILI.

264 399 295 418 ‘⁶
318 401 483 432 necesse
520 384 748 428 habeant.'‘
810 382 916 425 Haec
952 395 1083 440 quam
1119 388 1264 439 potest
1299 376 1569 422 demisissime
1601 384 1734 435 atque

263 444 572 505 subjectissime
590 442 783 502 exponit.
1189 497 1197 506 .
1320 496 1328 505 ι
1620 495 1628 503 .

326 496 395 547 8'5.
429 503 502 546 Ad
520 519 569 546 ea
588 502 731 546 Caesar
751 498 992 558 respondit:
1028 505 1056 524 “
1075 497 1199 540 Nulh
1219 511 1407 540 ommum
1428 495 1501 539 has
1519 504 1652 554 partis
1669 494 1739 536 vel

264 572 296 591 “
321 561 614 621 querimoniae,
646 560 717 603 vel
748 556 1044 606 miserationis,
1074 557 1213 599 minus
1241 555 1505 598 convenisse:
1549 554 1739 611 reliquos

265 630 297 649 “
322 623 434 666 enim
466 621 600 664 omnis
631 634 756 662 suum
777 617 964 659 officium
992 615 1258 672 p1·aestitisse;
1289 630 1347 664 se,
1369 614 1445 671 qui
1466 615 1593 656 etiam
1625 613 1740 656 bona

267 689 300 708 ‘⁶
323 681 584 729 conditione,
605 687 650 721 et
668 678 760 720 loco
781 685 825 718 et
846 684 1040 732 tempore
1057 689 1197 731 aequo,
1219 673 1446 732 confligere
1464 671 1670 720 noluerit,
1692 678 1742 712 ut

267 747 301 767 “
324 755 455 799 quam
472 736 748 795 integerrima
766 741 902 777 essent
917 732 970 774 ad
990 747 1137 790 pacem
1155 732 1315 780 omnia;
1346 731 1582 774 exercitum
1599 745 1742 778 suum,

267 806 300 827 “
325 798 418 858 qui,
441 797 596 855 injuria
624 795 751 837 etiam
771 801 967 850 sacoepta
1001 791 1172 848 suisque
1194 790 1444 840 interfectis,
1476 805 1584 848 quos
1605 789 1647 831 in
1667 803 1744 830 sua

271 864 303 884 ‘⁶
328 864 545 917 potestate
576 853 792 901 habuerit,
828 849 1089 893 conservarit
1119 858 1165 890 et
1192 849 1372 896 texerit;
1412 848 1528 891 illius
1559 847 1746 905 denique

271 923 306 944 “
330 915 543 959 exercitus
563 912 736 960 milites,
767 910 843 968 qui
873 924 951 968 per
978 924 1020 951 se
1051 907 1103 950 de
1133 906 1397 950 concilianda
1430 922 1534 965 pace
1553 907 1742 971 egerint:

271 982 304 1001 “
327 991 415 1034 qua
434 974 478 1016 in
499 989 543 1015 re
566 971 755 1014 omnium
771 983 947 1011 suorum
963 968 1063 1009 vitae
1084 966 1389 1008 consulendum
1410 965 1619 1023 putarint.
1674 964 1747 1006 Sic

270 1041 304 1060 “
331 1033 520 1077 omnium
554 1029 753 1074 ordinum
788 1027 921 1085 partis
954 1026 997 1067 in
1026 1023 1318 1067 misericordia
1346 1024 1602 1072 constitisse;
1634 1022 1749 1081 ipsos

274 1097 310 1118 ‘⁶
335 1093 477 1135 Duces
496 1106 521 1132 a
543 1105 646 1148 pace
669 1086 950 1133 abhorruisse,
973 1099 1043 1125 eos
1065 1099 1204 1140 neque
1226 1082 1441 1140 conloquii
1463 1097 1603 1139 neque
1624 1080 1748 1123 indu-

277 1158 309 1177 “
333 1151 495 1193 ciarum
514 1147 609 1204 iura
620 1161 821 1193 servasse,
834 1153 878 1187 et
894 1142 1081 1185 homines
1094 1141 1299 1199 inperitos
1315 1149 1357 1182 et
1378 1156 1454 1198 per
1472 1139 1749 1196 conloquium

277 1217 309 1236 ‘⁶
332 1195 536 1265 deceptos
570 1203 858 1246 crudelissime
895 1200 1167 1242 interfecisse.
1248 1199 1460 1241 Accidisse
1496 1199 1632 1256 igitur
1671 1196 1751 1246 his,

279 1274 311 1295 “
335 1267 453 1324 quod
492 1264 748 1321 plerumque
784 1259 1000 1301 hominum
1039 1257 1167 1299 nimia
1202 1256 1436 1313 pertinacia
1467 1265 1599 1314 atque
1629 1255 1752 1298 adro-

279 1334 311 1352 “
336 1323 481 1367 orantia
500 1319 694 1363 accidere
714 1317 864 1365 soleat,
902 1316 965 1357 uti
990 1330 1039 1356 eo
1062 1324 1300 1362 recurrant,
1333 1324 1375 1357 et
1408 1315 1452 1357 id
1483 1314 1753 1373 cupidissime

278 1393 313 1412 “
336 1364 503 1441 petant,
541 1376 660 1435 quod
695 1374 843 1433 paullo
875 1382 974 1416 ante
1007 1373 1322 1415 contemserint.
1386 1373 1542 1430 Neque
1576 1388 1687 1415 nunc
1709 1389 1754 1415 se

278 1442 509 1484 “illorum
541 1433 800 1481 humilitate,
833 1447 969 1489 neque
1007 1431 1152 1489 aliqua
1188 1431 1392 1489 temporis
1427 1432 1756 1490 obportunitate

281 1509 315 1527 “
339 1497 574 1559 postulare,
597 1493 752 1551 quibus
785 1492 911 1534 rebus
931 1506 985 1532 au
1020 1500 1173 1532 eantur
1195 1506 1297 1548 opes
1317 1506 1422 1539 suae3
1453 1491 1524 1533 sed
1545 1507 1616 1533 eos
1636 1506 1754 1533 exer·

281 1568 315 1587 “
340 1559 467 1605 citus,
506 1569 616 1612 quos
656 1559 804 1593 contra
843 1565 884 1591 se
923 1565 993 1590 mu
1016 1557 1081 1591 tos
1116 1549 1203 1605 jam
1243 1563 1372 1591 annos
1404 1549 1605 1601 aluerint,
1644 1548 1757 1592 velle

280 1626 315 1645 “
338 1613 515 1660 dimitti.
578 1610 735 1667 Neque
755 1608 866 1650 enim
893 1623 963 1649 sex
992 1607 1180 1665 legiones
1208 1607 1290 1649 alia
1312 1607 1367 1649 de
1388 1624 1530 1650 caussa
1550 1609 1693 1650 missas
1714 1608 1755 1650 in

283 1684 317 1704 “
344 1670 613 1731 Hispaniam,
635 1667 945 1726 septimamque
966 1665 1024 1707 ibi
1042 1666 1338 1723 conscriptam,
1359 1682 1497 1724 neque
1515 1676 1581 1708 tot
1602 1674 1759 1708 tantas-

289 1742 322 1762 “
347 1749 432 1791 que
465 1729 607 1772 classis
640 1735 830 1784 ραι-ἶπες,
862 1739 1001 1781 neque
1032 1724 1254 1766 submissos
1279 1725 1439 1774 Duces,
1474 1725 1533 1766 rei
1564 1724 1762 1767 militaris

285 1801 322 1820 ‘⁶
347 1790 526 1851 peritos:
561 1785 666 1829 nihil
687 1784 838 1826 horum
861 1782 914 1824 ad
935 1783 1149 1840 pacandas
1174 1782 1417 1840 Hispanias,
1441 1782 1545 1825 nihil
1565 1783 1619 1826 ad
1643 1799 1762 1825 usum

288 1860 322 1881 “
349 1846 580 1910 provinciae
621 1843 857 1902 provisum,
901 1856 997 1897 quae
1048 1849 1227 1898 propter
1276 1840 1608 1884 diuturnitatem
1648 1841 1764 1899 pacis

290 1919 324 1939 ‘⁶
348 1907 517 1952 nullum
533 1903 744 1947 auxilium
760 1899 1030 1946 desiderarit;
1063 1898 1203 1941 onmia
1221 1899 1306 1941 haec
1325 1899 1412 1956 jam
1432 1900 1599 1958 pridem
1615 1909 1763 1942 contla

292 1977 326 1998 “
349 1984 390 2010 se
413 1963 573 2024 parari,
606 1961 647 2003 in
676 1976 718 2001 se
740 1958 838 2001 novi
870 1956 1037 2015 generis
1058 1957 1236 2014 imperia
1258 1959 1476 2007 constitui,
1508 1968 1557 1999 ut
1579 1958 1689 2000 idem
1711 1957 1765 1999 ad

291 2036 326 2056 “
351 2033 501 2085 portas
522 2018 698 2063 urbanis
719 2016 914 2076 praesidia
936 2016 1081 2064 rebuS,
1111 2025 1155 2058 et
1176 2015 1281 2058 duas
1314 2017 1648 2059 bellicosissimas
1669 2032 1765 2075 pro-

296 2094 329 2115 “
355 2082 512 2128 vincias
531 2080 680 2123 absens
701 2085 768 2120 tot
788 2090 917 2118 annos
941 2074 1155 2118 obtineat:
1191 2074 1232 2117 in
1253 2091 1296 2117 se
1316 2075 1415 2133 jura
1438 2076 1767 2134 magistratuum

352 2229 448 2262 Nulli
473 2227 623 2258 omnium
637 2240 680 2247 —
696 2222 871 2254 Neminem
897 2220 1006 2252 minus

305 2275 436 2309 decere,
458 2280 560 2312 quam
577 2267 750 2300 Afranium
776 2272 809 2297 et
825 2265 1009 2312 Petreium,

306 2316 478 2357 suscipere
507 2319 538 2344 et
567 2322 679 2352 gerere.
709 2316 817 2352 partes
841 2315 1009 2356 quern-mis

305 2368 365 2394 aut
388 2355 587 2391 miserantis.
632 2355 800 2386 Miser-alio
824 2359 872 2383 est
889 2359 1010 2389 oratio,

305 2411 529 2438 commovens
543 2397 819 2430 misericordiam.
844 2397 895 2426 M.
949 2438 955 2443 .
989 2438 994 2443 ι

359 2449 495 2488 lmeqra
511 2449 585 2475 sunt
600 2442 644 2473 atl
656 2451 771 2483 pacem
786 2442 908 2475 omnia,
925 2438 1011 2469 mlnl

310 2498 362 2525 est
385 2491 523 2527 factum,
547 2487 580 2518 in
596 2495 663 2527 quo
687 2484 729 2516 sit
745 2483 1011 2524 inpedimentum

312 2535 422 2578 pacis,
437 2530 597 2564 omnibus
611 2530 651 2560 dc
664 2527 793 2560 caussis
806 2526 887 2559 licet
901 2526 1011 2557 adhuc

314 2589 434 2622 pacem
449 2577 568 2608 facere.
591 2574 641 2604 M.

364 2625 505 2663 Satisque
539 2616 721 2658 interfectis.

315 2669 370 2699 7¹1.
402 2667 450 2697 M.

316 2713 348 2724 '⁶'
366 2709 542 2742 Habuera.
589 2704 700 2745 Vulgo
725 2701 848 2733 habuit.
872 2700 971 2731 male.

317 2740 355 2754 -
366 2755 431 2788 Qui
443 2762 504 2794 ptr
517 2760 550 2781 se
562 2765 606 2771 —
617 2749 753 2789 eyerint.
770 2745 838 2775 vid.
853 2754 883 2774 c.
900 2745 952 2774 Ἡ.
969 2745 1016 2774 Μ.

368 2799 420 2828 Sic
435 2790 830 2827 omniuvm—constitisse.
859 2787 1019 2818 Omnium

323 2840 481 2873 ordinum
499 2835 663 2869 homines,
685 2833 809 2870 Caesar,
831 2831 1021 2879 Cresarianh

324 2883 448 2917 milites
464 2879 649 2917 Afraniani,
666 2878 753 2914 Dux,
768 2881 948 2923 exercitus,
964 2875 1022 2905 has

323 2932 462 2969 egerunt
478 2929 601 2965 partes,
619 2929 652 2960 ut
667 2918 902 2961 misericordes
918 2928 952 2953 se.
967 2928 1023 2961 ge-

327 2977 442 3006 terent.
467 2969 517 3013 M:

775 2615 872 2645 Cous.
903 2624 932 2645 e.
962 2615 1015 2644 76.

1120 2221 1352 2253 Indue-iarum.
1389 2222 1440 2254 Cf.
1456 2233 1486 2253 c.
1503 2224 1555 2253 75.
1603 2223 1637 2254 ln
1655 2222 1772 2254 multis

1074 2265 1149 2295 cdd.
1174 2271 1236 2303 est,
1264 2277 1315 2297 eos
1338 2276 1442 2307 neque
1467 2268 1644 2308 conloquii,
1665 2277 1773 2308 neque

1076 2309 1285 2339 indm-iarum
1310 2312 1397 2348 jura
1419 2327 1460 2334 —
1483 2316 1514 2340 et
1545 2310 1681 2341 fortasse
1712 2321 1771 2352 per

1075 2363 1218 2383 errorem
1229 2352 1326 2383 verba
1342 2353 1412 2384 haec
1426 2354 1616 2385 exciderant
1627 2365 1646 2385 e.
1658 2354 1771 2386 Davis.

1077 2403 1109 2426 et
1146 2395 1299 2427 Oudend.
1333 2397 1496 2428 editione.
1529 2398 1578 2428 M.
1626 2397 1773 2430 Omnino

1078 2440 1174 2470 locus
1189 2446 1257 2470 erat
1272 2440 1503 2472 restituendus.
1519 2441 1663 2473 restitui.
1699 2441 1775 2473 Mo·

1079 2494 1133 2515 rus
1149 2482 1307 2514 omiserat
1321 2484 1424 2516 verba
1439 2496 1543 2526 neque
1558 2487 1731 2528 conloquii.

1128 2527 1298 2568 Imperitos.
1318 2527 1376 2559 i.e.
1392 2529 1612 2570 inprzulemex.
1641 2528 1778 2570 Lipsius

1080 2570 1207 2610 aliique
1222 2571 1337 2602 volunt
1350 2575 1519 2613 immi-atos
1531 2573 1583 2603 vel
1598 2575 1778 2605 Inmerilos.

1131 2615 1329 2646 Hominum.
1384 2616 1485 2647 Refer
1513 2616 1555 2647 ad
1581 2618 1777 2657 pertinacia.

1083 2657 1136 2689 Sic
1153 2658 1249 2689 codd.
1290 2658 1356 2691 Alii
1373 2660 1571 2692 hominibus.
1595 2669 1712 2702 parurn
1729 2659 1779 2691 in-

1083 2708 1190 2733 teresi.

1133 2747 1281 2776 Ilm-um.
1304 2746 1363 2777 alii
1380 2757 1533 2788 quorum.

1137 2791 1174 2820 [Ἰ
1193 2789 1277 2820 Idem
1289 2791 1494 2822 —obtineat.
1532 2790 1715 2832 Pompeius
1727 2791 1785 2822 de-

1087 2832 1254 2871 scribitur,
1273 2840 1307 2865 ut
1324 2844 1364 2866 ex
1382 2833 1480 2866 initio
1495 2835 1594 2876 liujus
1609 2834 1684 2867 libri
1702 2835 1784 2867 satia

1086 2882 1228 2908 constat.
1257 2877 1306 2908 M.

1135 2921 1312 2952 Praeszdm.
1343 2922 1405 2959 An,
1416 2921 1570 2963 praesidio
1585 2922 1649 2952 sies*
1676 2921 1787 2964 Vulgo

1086 2963 1274 3006 prce-ildem-
1298 2965 1347 2998 M.
1400 2965 1541 2999 Urbanas
1557 2965 1716 3008 praesidia
1734 2977 1788 3000 re·
