1946 3261
244 269 334 314 302
692 265 778 309 DE
810 263 1016 308 BELLO
1050 263 1263 308 CIVILI.

243 402 417 439 rentur:
459 390 791 450 compluresque
823 391 1010 435 Tribuni
1045 391 1235 435 militum
1269 400 1314 434 et
1350 391 1635 435 Centuriones
1667 392 1726 436 ad

247 454 460 496 Caesarem
499 450 681 494 veniunt
719 467 848 509 seque
885 452 922 494 ei
963 450 1280 493 commendant.
1342 449 1464 493 Idem
1496 450 1576 493 hoc
1612 448 1664 493 fit
1699 466 1725 493 a

247 509 522 569 Principibus
566 509 803 569 Hispaniae,
843 526 950 568 quos
991 509 1054 552 illi
1093 519 1381 553 evocaverant
1415 518 1460 551 et
1499 525 1642 552 secum
1682 507 1727 552 in

243 568 393 611 castris
427 568 647 612 habebant
681 569 876 612 obsidum
908 569 1016 611 loco.
1081 567 1118 610 Ii
1154 585 1253 611 suos
1289 577 1413 611 notos
1447 567 1727 627 hospitesque

243 627 513 685 quaerebant,
532 644 611 686 per
634 644 762 686 quern
784 628 964 686 quisque
985 643 1136 670 eorum
1157 627 1327 670 aditum
1345 626 1728 670 commendationis

242 686 424 729 haberet
452 687 507 730 ad
529 687 757 729 Caesarem.
821 686 991 729 Afranii
1021 686 1151 728 etiam
1182 686 1297 728 filius
1317 686 1558 729 adolescens
1577 685 1630 729 de
1650 701 1726 728 sua

241 761 293 787 ac
321 745 511 804 parentis
541 745 606 788 sui
639 746 777 788 salute
808 761 905 787 cum
927 746 1095 787 Caesare
1128 760 1208 803 per
1231 745 1475 803 Sulpicium
1511 745 1725 803 Legatum

241 805 418 862 agebat.
479 804 619 847 Erant
647 804 775 862 plena
805 804 957 847 laetitia
986 812 1030 846 et
1052 804 1345 862 gratulatione
1366 804 1528 852 omnia;
1559 819 1726 853 eorum,

241 862 318 921 qui
338 871 462 906 tanta
487 863 682 921 pericula
700 864 868 913 vitasse,
901 872 945 905 et
965 879 1134 912 eorum,
1167 862 1243 921 qui
1272 863 1360 905 sine
1382 863 1562 905 vulnere
1583 869 1727 904 tantas

241 938 310 964 res
331 923 561 965 confecisse
582 922 863 965 videbantur:
898 937 1190 980 magnumque
1213 922 1404 964 fructum
1423 937 1509 964 suae
1534 920 1728 979 pristinae

242 980 431 1024 lenitatis
449 982 640 1023 omnium
668 981 832 1039 judicio
861 981 1005 1024 Caesar
1037 980 1206 1023 ferebat
1235 980 1544 1039 consiliumque
1580 980 1671 1039 ejus
1700 994 1726 1021 a

244 1040 408 1083 cunctis
427 1039 716 1098 probabatur.

300 1098 374 1142 75.
410 1098 578 1148 Quibus
613 1099 741 1141 rebus
776 1097 988 1141 nunciatis
1026 1096 1226 1146 Afranio,
1265 1098 1322 1140 ab
1361 1096 1560 1140 instituto
1596 1112 1728 1156 opere

243 1156 427 1200 discedit
447 1173 576 1214 seque
598 1157 641 1199 in
660 1166 797 1199 castra
816 1157 993 1214 recipit;
1025 1157 1082 1200 sic
1107 1165 1300 1214 paratus,
1323 1164 1373 1198 ut
1392 1156 1639 1206 videbatur,
1659 1165 1726 1206 ut,
1787 1159 1800 1170 ⁸

241 1217 508 1274 quicumque
545 1216 765 1258 accidisset
804 1231 937 1265 casus,
979 1215 1094 1258 hunc
1143 1215 1292 1273 quieto
1333 1223 1378 1257 et
1419 1230 1544 1271 aequo
1584 1214 1728 1258 animo

240 1276 390 1318 ferret.
454 1274 649 1317 Petreius
666 1290 770 1318 vero
792 1290 878 1317 non
893 1274 1051 1317 deserit
1069 1289 1178 1322 sese;
1210 1282 1350 1316 armat
1366 1273 1594 1322 familiam;
1626 1289 1726 1316 cum

242 1332 321 1376 hac
354 1343 399 1376 et
436 1333 640 1391 praetoria
672 1333 850 1376 cohorte
887 1342 1151 1375 cetratorum
1189 1332 1474 1390 barbarisque
1504 1332 1727 1390 equitibus

241 1392 405 1451 paucis,
439 1391 717 1434 beneficiariis
748 1391 849 1441 suis,
888 1407 998 1449 quos
1032 1408 1117 1434 suae
1152 1391 1357 1433 custodiae
1386 1407 1536 1434 caussa
1567 1390 1727 1434 habere

240 1459 485 1500 consuerat,
518 1451 738 1510 inproviso
774 1449 831 1492 ad
852 1450 1016 1493 vallum
1052 1449 1245 1499 advolat,
1277 1449 1506 1507 conloquia
1536 1449 1727 1493 militum

239 1509 536 1569 interrumpit,
573 1519 741 1553 nostros
773 1509 946 1568 repellit
981 1510 1037 1552 ab
1070 1509 1241 1552 castris:
1286 1525 1396 1566 quos
1426 1508 1727 1568 deprehendit,

241 1568 459 1612 interficit.
523 1567 700 1626 Reliqui
721 1577 878 1611 coeunt
899 1568 1012 1611 inter
1032 1585 1075 1610 se
1096 1577 1156 1617 et,
1190 1568 1416 1626 repentino
1439 1568 1636 1627 periculo
1656 1583 1727 1610 ex-

240 1627 401 1678 territi,
422 1627 614 1670 sinistras
635 1628 748 1685 sagis
770 1627 999 1670 involvunt
1025 1627 1278 1685 gladiosque
1297 1627 1576 1684 destringunt
1594 1635 1729 1685 atque

241 1686 303 1729 ita
323 1703 368 1729 se
387 1686 598 1729 acetratis
613 1685 922 1743 equitibusque
941 1686 1195 1734 defendunt,
1208 1694 1449 1728 castrorum
1470 1684 1727 1744 propinqui-

238 1752 331 1787 tate
358 1744 524 1791 confisi:
567 1760 696 1802 seque
728 1744 770 1786 in
803 1754 943 1787 castra
971 1744 1188 1801 recipiunt
1223 1754 1267 1785 et
1299 1744 1355 1787 ab
1388 1744 1435 1787 iis
1458 1743 1725 1793 cohortibus,

241 1819 339 1862 quae
358 1812 482 1847 erant
503 1804 546 1846 in
568 1803 752 1846 statione
772 1803 828 1845 ad
849 1811 1013 1861 portas,
1035 1802 1345 1845 defenduntur.

300 1863 371 1905 76.
399 1862 568 1913 Quibus
586 1863 714 1905 rebus
729 1861 951 1910 confectis,
965 1861 1066 1904 flens
1083 1861 1277 1904 Petreius
1294 1860 1535 1918 manipulos
1554 1860 1725 1910 circuit,

243 1920 485 1980 militesque
508 1921 725 1980 adpellat;
759 1929 787 1947 ‘⁶
808 1937 890 1963 neu
911 1937 968 1969 se,
999 1936 1080 1962 neu
1107 1920 1360 1978 Pompeium
1383 1920 1617 1969 absentem,
1640 1919 1725 1962 Im-

245 1987 275 2006 “
299 1990 544 2039 peratorem
583 1997 725 2030 suum,
768 1979 1018 2022 adversariis
1058 1978 1114 2021 ad
1155 1978 1416 2037 subplicium
1458 1977 1730 2028 t1·ansdant,”

243 2039 456 2082 obsecrat.
520 2039 594 2082 Fit
613 2039 812 2082 celeriter
841 2054 1073 2081 concursus
1106 2037 1147 2080 in
1173 2037 1444 2080 Praetorium.
1510 2036 1726 2088 Postulat,

241 2106 294 2141 ut
328 2098 478 2157 jurent
516 2115 677 2148 omneS,
714 2115 756 2141 se
795 2097 1032 2140 exercitum
1073 2097 1305 2153 Ducesque
1344 2111 1428 2139 non
1463 2094 1725 2147 deserturos,

241 2171 382 2215 neque
409 2157 674 2215 prodituros,
704 2173 844 2214 neque
881 2156 961 2199 sibi
993 2156 1222 2214 separatim
1254 2171 1279 2196 a
1301 2154 1480 2213 reliquis
1501 2154 1728 2198 consilium

242 2223 464 2274 capturos.
529 2216 733 2274 Princeps
767 2215 809 2258 in
830 2215 918 2258 haec
941 2215 1074 2257 verba
1091 2214 1210 2272 jurat
1232 2214 1345 2272 ipse;
1377 2214 1491 2256 idem
1506 2213 1727 2272 jusjuran-

243 2273 348 2317 dum
379 2274 516 2333 adigit
537 2274 789 2323 Afranium3
821 2274 1147 2331 subsequuntur
1179 2272 1364 2315 Tribuni
1394 2272 1582 2315 militum
1616 2271 1728 2315 Cen-

245 2333 543 2391 turionesque;
575 2333 851 2375 centuriatim
872 2332 1079 2392 producti
1099 2332 1255 2374 milites
1276 2331 1387 2374 idem
1401 2331 1563 2388 jurant.
1624 2330 1728 2374 Edi-

245 2401 368 2442 cunt,
399 2407 530 2451 penes
558 2407 687 2449 quem
715 2392 896 2449 quisque
918 2391 967 2433 fit
992 2391 1170 2434 Caesaris
1191 2390 1329 2439 miles,
1360 2400 1410 2432 ut
1432 2389 1725 2448 producatur:

245 2451 479 2509 productos
501 2450 644 2510 palam
664 2450 707 2493 in
732 2451 942 2493 Praetorio
963 2450 1243 2493 interficiunt.
1308 2448 1395 2492 Sed
1417 2448 1647 2507 plerosque
1665 2446 1727 2500 hi,

294 2564 460 2596 Pristinae.
477 2563 652 2605 pridianae,
664 2568 700 2594 ut
714 2561 814 2594 initio
829 2561 954 2602 capitis

247 2607 391 2640 dictum.

297 2653 372 2684 Non
401 2652 523 2684 «lesem
554 2663 600 2691 se,
631 2661 699 2683 non
735 2650 876 2683 discedit
908 2650 952 2681 ab

250 2695 365 2727 indole
379 2706 452 2727 sua.
477 2697 526 2728 nl.

298 2741 458 2772 Familia.
495 2739 627 2777 famuli,
664 2738 790 2777 liberti,
826 2737 953 2770 coloni.

251 2782 307 2814 Sic
325 2783 466 2815 Vossius
489 2792 521 2815 et
538 2783 768 2824 Glandorpius
784 2782 954 2824 explicant

250 2836 293 2858 ex
308 2837 383 2868 cap.
402 2829 453 2859 34.
469 2834 502 2859 et
521 2827 644 2859 Lucan.
661 2827 810 2859 Pharsal.
828 2831 859 2864 4,
877 2829 952 2857 205.

250 2871 304 2903 M.
349 2870 476 2908 Quaerit
494 2871 594 2903 Voss.
618 2882 660 2902 an
680 2877 713 2903 et
732 2870 954 2912 gladiatores?

250 2920 290 2951 ut
305 2924 375 2956 seq.
389 2925 474 2947 aevo.
497 2914 606 2948 Tacit.
624 2918 710 2947 Ann.
729 2918 758 2953 1,
773 2917 828 2948 23.
851 2915 904 2949 M.

297 2959 537 3004 Beneficiariis.
557 2959 629 2994 vid.
643 2960 718 2994 lnd,
740 2960 793 2993 M.

1069 2562 1229 2594 Postulat.
1277 2560 1344 2593 Alii
1367 2561 1458 2592 male
1469 2560 1652 2602 postulant.
1676 2570 1727 2591 re·

1022 2606 1125 2638 fertur
1137 2606 1181 2636 ad
1198 2606 1307 2637 solum
1324 2605 1508 2637 Petreium.

1069 2651 1166 2691 1p<e;
1197 2650 1298 2681 idem.
1355 2649 1410 2680 Sic
1449 2649 1538 2680 bene
1573 2647 1727 2680 distinxit

1023 2693 1140 2725 Davis.
1187 2693 1240 2724 Sic
1259 2699 1291 2724 et
1307 2693 1384 2724 edd.
1401 2700 1469 2725 vet.

1067 2738 1195 2778 Jusjur.
1236 2738 1353 2778 adiqit.
1411 2737 1480 2769 Alii
1519 2735 1723 2778 praemittunt

1021 2780 1298 2823 praepositionem
1314 2781 1371 2812 ad.
1418 2780 1493 2812 Non
1509 2789 1658 2812 necesse.

1073 2827 1111 2857 C!
1131 2825 1355 2867 producatur.
1389 2824 1422 2856 in
1451 2824 1528 2856 aliis
1554 2829 1593 2856 ut
1614 2822 1725 2861 abest,

1021 2879 1088 2901 non
1104 2870 1208 2900 male.

1069 2915 1209 2956 Ho'2qu1'.
1240 2911 1329 2947 Scal.
1342 2912 1429 2947 male
1439 2914 1576 2955 ii‚quos.
1598 2910 1725 2944 Emen-
