1946 3261
329 279 416 324 324
793 274 876 319 DE
909 273 1113 318 BELLO
1145 273 1356 320 CIVILI.

390 402 454 445 19.
487 401 658 459 Itaque,
685 401 854 444 duabus
875 401 1116 460 legionibus
1141 401 1274 445 missis
1299 400 1344 442 in
1363 397 1615 442 ulteriorem
1637 397 1793 456 Hispa-

324 462 437 505 niam
472 476 569 503 cum
605 460 659 510 Q.
693 461 858 511 Cassio,
898 461 935 503 T
940 461 1095 504 ribuno
1134 460 1288 520 plebis,
1324 459 1413 517 ipse
1452 474 1549 500 cum
1588 456 1801 509 sexcentis,

323 518 544 575 equitibus
584 519 751 577 magnis
779 519 1004 562 itineribus
1049 519 1330 578 progreditur
1375 516 1648 574 edictumque
1689 530 1795 573 prae-

323 577 476 626 mittit,
493 578 549 620 ad
566 593 695 635 quam
712 578 825 621 diem
847 579 1138 635 Magistratus
1160 576 1463 635 principesque
1484 576 1675 618 omnium
1695 572 1797 615 civi-

322 643 466 678 tatum
502 636 583 678 sibi
618 652 706 679 esse
747 645 914 696 praesto·
938 636 1155 679 Cordubae
1187 635 1333 677 vellet.
1397 635 1496 683 Quo
1529 633 1672 677 edicto
1704 638 1797 674 tota

322 694 549 752 provincia
585 696 863 754 pervulgato,
899 694 1022 737 nulla
1052 694 1139 736 fuit
1169 694 1336 743 civitas,
1359 693 1464 751 quin
1486 692 1542 734 ad
1562 692 1607 734 id
1627 699 1798 748 tempus

322 760 497 810 partem
520 754 706 796 Senatus
727 753 982 797 Cordubam
1002 753 1224 801 mitteret;
1247 753 1444 794 nullusve
1459 751 1561 794 civis
1578 750 1798 792 Romanus

320 811 470 868 paullo
486 812 648 861 notior,
672 812 775 869 quin
794 812 849 854 ad
870 819 1084 854 statutum
1100 810 1213 853 diem
1232 810 1495 853 conveniret.
1551 808 1689 851 Simul
1709 808 1798 864 ipse

324 868 545 912 Cordubae
565 878 800 912 conventus
822 885 900 927 per
921 886 964 912 se
988 878 1137 928 portas
1162 869 1349 911 Varroni
1381 869 1553 916 clausit,
1586 865 1799 908 custodias

322 926 580 985 vigiliasque
618 927 660 969 in
693 928 886 970 turribus
911 943 1120 986 muroque
1151 928 1378 986 disposuit.
1444 926 1657 969 Cohortes
1675 925 1797 971 duas,

323 1000 422 1042 quae
443 986 647 1028 colonicae
668 986 1021 1044 adpellabantur,
1044 1002 1177 1045 quum
1198 1002 1249 1028 eo
1270 1003 1368 1029 casu
1389 986 1615 1032 venissent,
1648 980 1799 1025 tuendi

324 1043 479 1101 oppidi
497 1060 645 1086 caussa
667 1045 786 1102 apud
807 1061 848 1087 se
871 1045 1066 1087 retinuit.
1129 1045 1283 1087 Iisdem
1304 1045 1454 1087 diebus
1478 1045 1797 1091 Carmonenses,

323 1117 423 1158 quae
454 1109 518 1144 est
540 1102 669 1160 longe
689 1103 928 1146 firmissima
964 1104 1096 1146 totius
1133 1103 1365 1162 provinciae
1396 1103 1562 1151 civitas,
1604 1098 1801 1143 deductis

322 1160 465 1203 tribus
481 1160 525 1202 in
548 1176 692 1203 arcem
713 1161 866 1219 oppidi
887 1162 1135 1205 cohortibus
1157 1179 1183 1204 a
1207 1162 1404 1205 Varrone
1426 1159 1641 1219 praesidio,
1663 1173 1741 1216 per
1756 1172 1800 1199 se

324 1218 521 1261 cohortes
541 1219 666 1275 ejecit
689 1230 924 1278 portasque
942 1221 1174 1279 praeclusit.
1800 1254 1806 1258 .

382 1276 454 1317 20.
491 1276 588 1317 Hoc
607 1292 711 1318 vero
742 1279 876 1335 magis
898 1294 1136 1336 properare
1154 1279 1314 1326 Varro,
1351 1286 1400 1318 ut
1427 1292 1523 1318 cum
1556 1274 1798 1332 legionibus

324 1348 453 1390 quam
474 1333 664 1390 primum
688 1335 823 1377 Gadis
853 1336 1150 1385 contenderet,
1186 1352 1237 1377 ne
1268 1335 1420 1377 itinere
1458 1341 1536 1374 aut
1566 1333 1799 1391 transjectu

321 1391 709 1434 intercluderetur:
750 1401 873 1434 tanta
893 1410 942 1435 ac
963 1402 1053 1434 tam
1074 1394 1259 1435 secunda
1288 1393 1330 1434 in
1355 1393 1564 1434 Caesarem
1596 1391 1798 1433 voluntas

324 1449 555 1507 provinciae
587 1450 903 1508 reperiebatur.
970 1451 1203 1507 Progresso
1226 1451 1264 1492 ei
1286 1450 1434 1508 paullo
1455 1449 1624 1506 longius
1644 1450 1801 1492 litterae

323 1522 351 1549 a
382 1507 580 1550 Gadibus
611 1508 870 1558 redduntur,
907 1508 1032 1551 simul
1062 1518 1193 1566 atque
1225 1510 1279 1551 sit
1316 1508 1536 1566 cognitum
1571 1507 1626 1549 de
1661 1508 1802 1551 edicto

325 1565 521 1616 Caesaris,
544 1567 799 1609 consensisse
816 1567 1056 1610 Gaditanos
1112 1568 1294 1624 rincipes
1317 1583 1412 1609 cum
1424 1566 1629 1609 Tribunis
1651 1566 1798 1610 cohor-

323 1623 451 1674 tium,
483 1640 580 1682 quae
605 1633 745 1668 essent
776 1625 833 1668 ibi
868 1626 909 1668 in
947 1584 1162 1684 praesidio,
1202 1634 1252 1667 ut
1283 1625 1533 1668 Gallonium
1561 1641 1613 1667 ex
1639 1624 1801 1684 oppido

375 1779 567 1811 Cordubam
579 1782 733 1811 mitteret.
767 1779 874 1810 Codd.
890 1779 1028 1820 quidam

331 1823 506 1854 Cordubae.
560 1822 615 1853 Sic
632 1828 666 1853 et
679 1824 758 1853 cod.
781 1823 918 1863 quidam
940 1824 978 1854 C.
998 1825 1029 1859 3,

331 1867 405 1896 100.
446 1866 627 1897 Brundisio
643 1869 741 1897 venit.
759 1872 791 1897 et
811 1869 881 1898 103.
917 1868 1029 1898 Rmme

328 1909 466 1941 adlatae.
501 1909 543 1940 V.
570 1909 658 1940 Oud.
694 1911 801 1941 Recte
826 1916 939 1942 tamen
966 1910 1029 1941 ista

329 1951 453 1984 vitiosa
468 1953 626 1984 videntur
642 1952 811 1985 Bentleio.

375 1997 426 2027 Ad
452 1997 552 2028 (liem.
595 1997 663 2028 Alii
694 1998 795 2028 codd·
824 2002 859 2028 et
884 1998 961 2028 edd.
986 1998 1031 2029 ml

325 2045 487 2072 statutum
507 2041 607 2071 diem.
646 2041 681 2071 In
706 2040 831 2072 talibus
856 2051 921 2072 non
950 2042 1029 2071 defi-

328 2082 395 2114 niri
412 2089 534 2124 potest,
553 2083 636 2124 quid
653 2084 776 2124 quovis
792 2085 869 2115 loco
888 2083 1030 2125 scriptor

328 2127 493 2167 posuerit.
536 2128 741 2168 llujusniodi
759 2127 935 2158 varietates
951 2138 1031 2168 pas-

329 2169 396 2200 sim
421 2177 534 2208 enoto,
561 2177 593 2201 ut
611 2171 736 2202 tirones
753 2177 946 2211 agnoscant,
962 2181 1027 2202 non

329 2224 464 2253 semper
480 2224 580 2254 posse
597 2214 797 2245 sententiam
811 2214 961 2255 praecidi.
980 2216 1029 2245 M.

330 2257 499 2288 cellarius
516 2257 599 2288 bene
616 2257 747 2298 recepit
762 2264 933 2290 statutum.
972 2259 1030 2289 Si·-

329 2311 427 2342 quor.
457 2301 555 2331 Amat
568 2307 678 2331 noster
692 2302 789 2341 plene
805 2302 910 2342 loqui.

379 2346 577 2376 Conventus.
593 2344 665 2375 vid.
682 2345 753 2375 lnd.
778 2347 827 2376 M.

377 2389 550 2420 Colonia-re.
585 2387 748 2419 Cellarius
780 2388 1026 2430 interpretatur,

331 2441 406 2473 quae
419 2433 453 2462 in
466 2433 598 2463 coloniis
610 2436 801 2472 conset-ipae
812 2439 907 2464 erant
919 2446 927 2464 .·
946 2433 1031 2464 Vos·

331 2474 402 2506 sius
419 2485 496 2506 vero
511 2475 567 2513 (ad
583 2475 623 2505 Β.
639 2476 679 2506 C.
700 2477 727 2513 l,
743 2476 799 2513 75)
821 2486 894 2516 (111ae
909 2479 1032 2508 calonis

331 2519 416 2557 (vid.
434 2519 521 2557 Ind.)
543 2523 573 2550 et
587 2521 687 2549 sert-Is
702 2520 908 2557 constabant,
926 2526 957 2550 ot
973 2531 1030 2550 oo-

332 2562 411 2593 dem
428 2573 526 2594 sensu
543 2561 671 2593 dietam
689 2567 782 2603 putat
805 2573 835 2592 c.
859 2566 899 2593 ‘20
918 2574 1031 2595 verna-

331 2606 445 2637 culam
483 2606 661 2637 cohortem
695 2605 816 2637 Malim
848 2606 1031 2638 collarium

333 2649 442 2690 sequi.
475 2650 524 2680 M.
569 2649 674 2680 Varro
701 2649 743 2680 R.
771 2650 812 2679 R.
845 2650 873 2686 1,
891 2654 921 2680 ¹2.
945 2652 1032 2689 leqes

331 2694 495 2724 colonicas
509 2692 592 2724 dicit
608 2699 641 2723 ot
657 2693 746 2724 Suel.
762 2693 849 2734 Aug.
868 2696 921 2723 4‘3,
962 2696 1030 2725 Do-

334 2739 482 2767 curiones
498 2738 668 2768 colonis-os.

379 2781 652 2821 Adpellabantar.
668 2780 728 2811 alii
745 2780 973 2820 wlpellantw·.

381 2825 629 2854 Carmonenses.
684 2823 882 2854 Carmonem
914 2824 1031 2855 Strabo

335 2864 375 2895 L.
397 2867 423 2895 l.
443 2877 518 2907 pag.
538 2867 733 2908 l4l.jungit
757 2866 938 2901 Obulconi,
966 2868 1032 2898 An-

338 2908 443 2939 tonini
464 2909 535 2939 itin.
555 2910 677 2949 Astigi.

386 2950 661 2986 Deduc—riserant&
677 2972 719 2978 ο-
736 2955 901 2995 prm—idio.
947 2954 1031 2985 Edd.

1098 1786 1164 1811 vet.
1183 1781 1296 1819 legunt
1313 1780 1458 1812 deductis
1479 1781 1580 1812 tribas
1602 1782 1674 1812 coh.
1690 1782 1801 1821 positis

1097 1826 1131 1855 in
1147 1834 1223 1854 arce
1234 1825 1345 1865 oppidi
1358 1835 1378 1853 a
1400 1825 1545 1854 rar-rane
1557 1825 1722 1865 straesirlio.
1739 1824 1798 1854 uhi

1099 1867 1246 1898 deductis
1261 1873 1308 1898 cst
1327 1867 1498 1903 detractis,
1515 1868 1677 1908 exceptis.
1709 1867 1797 1898 Oud.

1099 1916 1131 1941 et
1149 1911 1195 1941 sic
1215 1910 1246 1941 in
1263 1911 1402 1949 vulgato
1426 1921 1547 1941 vocem
1575 1912 1723 1942 deductis
1749 1911 1800 1941 in-

1101 1953 1245 1994 telligit3
1288 1960 1401 1985 contra
1436 1954 1642 1986 Cia-:conius
1670 1954 1799 1995 accipit

1101 2008 1160 2038 pro
1178 1997 1388 2030 introductis.
1403 1998 1572 2038 inpositis.
1589 1998 1720 2029 Locum
1739 2009 1798 2039 pa-

1100 2052 1171 2072 rum
1188 2052 1287 2071 sanus
1302 2053 1373 2071 osse
1393 2041 1536 2072 videtur.
1581 2043 1654 2079 Ego
1679 2042 1726 2073 sic
1749 2043 1798 2073 lo-

1099 2096 1177 2115 cum
1207 2085 1369 2125 intelligo.
1418 2084 1532 2122 Quum
1550 2082 1643 2125 prius
1659 2091 1724 2117 tres
1741 2096 1801 2117 co·

1101 2129 1216 2160 hortes
1232 2136 1339 2160 essent
1358 2129 1566 2165 introductae.
1578 2139 1634 2160 eas
1644 2129 1800 2160 cohortes

1100 2173 1211 2214 ejecit.
1257 2173 1307 2203 Eo
1337 2182 1434 2204 sensu
1464 2172 1606 2204 sumitur
1636 2174 1800 2205 deducere

1100 2224 1131 2247 ct
1149 2227 1178 2247 c.
1197 2218 1246 2246 18.

1147 2262 1250 2299 Ejecil
1263 2276 1307 2282 —
1321 2260 1498 2301 pro-reclusit.
1524 2259 1712 2291 Dicendum
1729 2266 1801 2292 erat

1099 2306 1265 2344 ejecerunt
1280 2320 1324 2325 ——
1333 2304 1582 2344 prceclnsmwzt.
1622 2303 1685 2334 Sed
1715 2305 1799 2336 rese-

1102 2353 1216 2378 runtur
1233 2347 1336 2377 verba
1361 2347 1402 2377 ad
1431 2348 1555 2377 cir-itas.
1601 2347 1732 2379 Servius
1757 2348 1800 2379 ad

1102 2391 1178 2422 AEn.
1201 2393 1228 2424 1.
1243 2393 1295 2420 21.
1312 2392 1570 2431 Quotiescunque
1583 2394 1723 2423 nomina
1733 2394 1799 2423 sin-

1099 2436 1232 2474 qularis
1251 2440 1280 2465 et
1301 2435 1443 2474 pluralis
1461 2437 1591 2465 immori
1605 2441 1800 2468 connectun-

1099 2483 1168 2513 tur,
1185 2479 1329 2507 viciniori
1346 2477 1591 2517 respondemus.
1625 2478 1800 2511 Contraria

1100 2521 1306 2551 constructio
1324 2526 1373 2551 ost
1389 2522 1428 2551 C.
1448 2523 1478 2558 3,
1495 2523 1548 2551 81.

1146 2565 1398 2605 Reperivbatw:
1446 2563 1501 2595 Sic
1527 2565 1626 2595 codd.
1655 2570 1688 2596 et
1722 2565 1797 2596 edd.

1100 2614 1165 2639 vet.
1183 2608 1268 2638 bene
1287 2607 1508 2644 distinguunt.
1530 2615 1654 2649 puncto
1674 2608 1796 2649 posito.

1097 2652 1189 2692 quod
1206 2651 1369 2682 revocavit
1385 2651 1551 2682 Clarkius.
1575 2652 1736 2683 Ciaccon.
1763 2658 1798 2682 et

1099 2694 1244 2725 Fa'crnus
1268 2695 1423 2732 iege-bant
1456 2697 1632 2727 voluntate.
1664 2695 1797 2726 sublato

1101 2739 1203 2769 verbo
1225 2739 1462 2779 reperiebatur.
1495 2740 1563 2770 Eos
1587 2739 1675 2769 male
1703 2748 1797 2769 secu-

1104 2789 1154 2811 tus
1172 2788 1221 2813 ost
1240 2782 1400 2817 Scalizmn

1152 2827 1291 2856 Tribuni
1305 2827 1486 2856 culmi-tiam
1511 2824 1660 2856 minores
1683 2825 1799 2855 viden-

1102 2874 1164 2906 mr,
1179 2879 1279 2909 quain
1297 2869 1345 2899 illi
1366 2879 1423 2898 sex
1452 2869 1480 2899 in
1508 2868 1625 2909 quavis
1651 2869 1798 2907 legione.

1099 2912 1158 2952 qui
1190 2923 1264 2943 eam
1297 2911 1431 2943 alternis
1463 2911 1597 2942 vicibus
1628 2913 1797 2953 regebant.

1105 2955 1234 2986 Plinius
1252 2956 1339 2997 Epp.
1358 2958 1388 2988 3.
1401 2958 1434 2985 9.
1454 2958 1491 2986 lS
1507 2956 1546 2985 «le
1564 2954 1678 2986 Prisco
1697 2955 1795 2988 dicii:
