1946 3261
683 220 800 266 LIB.
865 221 1002 266 CAP.
1035 221 1224 264 27—29.
1619 225 1699 269 491

211 364 350 407 quum
380 348 529 407 plures
549 348 726 393 adortus
756 357 880 399 esset,
914 348 1066 407 pulsus
1097 350 1362 408 fugatusque
1381 349 1479 395 inde
1496 350 1701 395 discessit.

214 409 302 453 Sed
323 424 461 466 quum
478 424 555 451 nec
575 410 633 451 sic
651 408 881 451 desisteret
901 407 1156 465 periclitari,
1174 409 1286 452 forte
1301 411 1452 453 incidit
1471 411 1515 454 in
1532 427 1702 461 navem,

211 467 255 511 in
276 483 364 525 qua
383 476 508 511 erant
527 468 616 511 duo
638 468 759 517 Titii,
785 467 969 524 Hispani
990 466 1296 518 adolescentes,
1317 470 1504 513 Tribuni
1523 470 1705 529 legionis

211 528 391 585 quintae,
412 543 602 584 quorum
636 535 807 584 patrem
831 525 975 568 Caesar
1006 525 1050 567 in
1081 526 1289 568 Senatum
1312 528 1494 585 legerat,
1528 538 1574 572 et
1603 546 1704 573 cum

210 585 274 628 his
297 586 349 629 T.
372 585 586 634 Salienus,
608 584 821 627 Centurio
838 583 1018 641 legionis
1034 583 1242 641 ejusdem,
1266 587 1342 642 qui
1364 587 1430 628 M.
1455 588 1705 632 Messallam

214 645 429 703 Legatum
461 644 690 686 obsederat
716 644 923 686 Messanae
955 652 998 685 et
1026 642 1343 686 seditiosissime.
1364 647 1559 689 oratione
1581 648 1704 706 apud

211 720 308 747 eum
328 711 391 745 est
411 718 533 750 usus;
568 703 768 760 idemque
791 703 1020 760 pecuniam
1041 710 1084 744 et
1106 713 1358 746 ornamenta
1380 705 1593 763 triumphi
1614 707 1705 752 Cae:

209 762 314 806 saris
348 761 573 805 retinenda
609 770 653 803 et
690 760 972 804 custodienda
1009 770 1240 805 curaverat
1273 771 1318 804 et
1351 763 1409 805 ob
1431 763 1506 806 has
1539 781 1705 810 caussas

210 821 393 865 timebat
414 820 511 863 sibi.
578 820 664 863 Hic
698 829 883 879 propter
905 821 1210 863 conscientiam
1233 831 1510 879 peccatorum
1531 840 1707 867 suorum

210 881 427 940 persuasit
466 879 826 929 adolescentibus,
869 895 921 922 ne
960 889 1259 937 repugnarent
1301 897 1476 939 seseque
1520 882 1708 940 Virgilio

210 940 498 983 transderent.
563 939 720 996 Itaque
740 939 921 982 deducti
942 955 967 981 a
990 939 1179 997 Virgilio
1199 939 1256 981 ad
1281 940 1543 999 Scipionem,
1567 951 1709 984 custo-

211 999 339 1042 dibus
380 998 581 1040 transditi
616 1006 659 1041 et
695 1008 793 1056 post
827 999 943 1041 diem
976 998 1157 1041 tertium
1189 1007 1290 1041 sunt
1325 999 1559 1043 interfecti.
1624 1001 1711 1051 Qui

210 1074 347 1116 quum
379 1057 648 1100 ducerentur
679 1057 735 1100 ad
765 1074 930 1106 necem,
964 1058 1119 1116 petisse
1152 1058 1315 1102 dicitur
1349 1060 1485 1117 major
1507 1059 1650 1103 Titius
1683 1077 1709 1103 a

213 1117 569 1166 Centurionibus,
600 1118 665 1159 uti
687 1134 730 1159 se
752 1116 959 1174 priorem,
993 1133 1124 1174 quam
1153 1117 1351 1168 fratrem,
1386 1117 1707 1170 interficerent;

210 1176 344 1234 idque
365 1177 422 1219 ab
441 1176 499 1219 eis
522 1176 645 1218 facile
667 1177 900 1233 inpetrasse
923 1186 1056 1234 atque
1079 1176 1140 1218 ita
1163 1193 1249 1219 esse
1272 1176 1537 1221 interfectos.

270 1235 339 1278 29.
372 1236 546 1279 Tui-mac
567 1235 739 1278 interim
763 1235 978 1294 equitum,
1006 1251 1102 1293 quae
1136 1251 1217 1294 pro
1238 1236 1354 1279 vallo
1388 1237 1430 1279 in
1451 1238 1707 1281 stationibus

210 1311 299 1338 esse
320 1294 534 1344 solebant,
567 1295 624 1337 ab
647 1295 844 1352 utrisque
868 1295 1083 1345 Ducibus,
1117 1294 1315 1352 quotidie
1347 1296 1522 1340 minutis
1543 1297 1709 1356 proeliis

211 1355 326 1397 inter
358 1370 400 1396 se
437 1354 691 1412 depugnare
734 1370 819 1396 non
854 1353 1172 1396 intermittunt:
1218 1370 1541 1413 nonnumquam
1578 1357 1711 1400 etiam

215 1413 425 1456 Germani
441 1413 646 1471 Gallique
663 1412 900 1456 Labienani
917 1429 1015 1455 cum
1034 1413 1216 1456 Caesaris
1232 1414 1470 1472 equitibus,
1484 1414 1569 1458 fide
1587 1415 1708 1467 data,

212 1474 328 1516 inter
349 1489 392 1515 se
414 1472 805 1530 conloquebantur.
872 1472 1089 1515 Labienus
1118 1473 1292 1515 interim
1323 1490 1421 1516 cum
1443 1483 1569 1533 parte
1590 1475 1712 1531 equi-

212 1540 330 1575 tatus
353 1531 529 1591 Leptim
549 1531 778 1589 oppidum,
811 1531 881 1574 cui
910 1540 1097 1589 praeerat
1122 1533 1307 1575 Saserna
1337 1549 1435 1575 cum
1457 1533 1711 1578 cohortibus

211 1592 370 1640 tribus,
404 1592 678 1650 obpugnare,
709 1607 758 1633 ac
780 1592 822 1633 vi
856 1591 1102 1649 inrumpere
1123 1593 1385 1634 conabatur:
1420 1592 1539 1650 quod
1559 1594 1615 1636 ab
1637 1593 1710 1636 de-

211 1650 468 1700 sensoribus,
503 1658 689 1709 propter
711 1650 931 1708 egregiam
967 1650 1248 1694 munitionem
1270 1667 1295 1693 o
1332 1651 1426 1710 pidi
1457 1661 1501 1694 et
1523 1661 1712 1695 tormen-

212 1719 359 1754 torum
396 1710 738 1757 multitudinem,
776 1709 900 1751 facilc
940 1718 984 1752 et
1017 1710 1106 1752 sine
1141 1711 1291 1768 pericu
1313 1727 1338 1753 o
1375 1710 1708 1754 defendebatur.

214 1770 343 1820 Quod
374 1769 452 1811 ubi
485 1770 637 1827 saepius
667 1769 758 1827 ejus
791 1771 1015 1826 equitatus
1041 1770 1183 1812 faeere.
1219 1785 1303 1812 non
1325 1770 1646 1813 intermittebat
1668 1779 1713 1813 et

210 1844 346 1889 quum
373 1829 488 1872 forte
521 1837 620 1870 ante
655 1837 831 1887 portam
865 1838 1009 1870 turma
1041 1828 1172 1871 densa
1195 1829 1452 1878 adstitisset;
1483 1831 1711 1888 scorpione

209 1888 452 1933 accuratius
473 1887 617 1937 misso,
648 1896 783 1946 atque
804 1903 956 1931 eorum
980 1888 1227 1931 Decurione
1249 1904 1467 1948 percuss0,
1496 1898 1541 1932 et
1561 1890 1616 1934 ad
1636 1889 1709 1932 de-

261 2057 420 2089 Adortus.
467 2056 550 2099 ch.
579 2068 597 2088 c
623 2057 722 2088 codd.
751 2055 925 2099 vestigiis:

216 2103 273 2141 Et,
291 2112 398 2143 quum
408 2103 525 2143 plures
540 2102 680 2134 adortus
695 2107 790 2140 exsec,
810 2103 927 2142 pausus

213 2163 259 2170 -—
273 2147 431 2179 discessit.
480 2146 545 2177 Sed
563 2156 668 2187 quum
689 2155 748 2176 nec
763 2147 807 2176 sic
824 2145 928 2176 desi-s·-

213 2196 305 2223 teret.
322 2191 375 2221 M.
417 2189 717 2226 Emendationem,
741 2188 830 2220 Oud.
848 2200 926 2230 pro—

213 2236 342 2274 batam,
366 2234 495 2276 recepi.
540 2234 579 2264 Τδ
602 2240 682 2265 esset
708 2233 740 2264 in
765 2233 926 2265 omnibus

213 2280 316 2311 codd.
339 2285 373 2311 et
393 2280 469 2311 edd.
486 2284 552 2311 vet.
570 2278 706 2319 legitur.
756 2279 928 2316 Discessit,

212 2325 270 2356 sed
286 2335 319 2366 q.
335 2334 395 2356 nec
415 2326 462 2355 sic
480 2324 550 2355 des.
567 2322 600 2354 in
618 2322 713 2354 Leid.
734 2324 764 2352 1.
813 2321 925 2363 Vulgo

215 2367 337 2410 legitur
351 2368 503 2406 adortus,
525 2369 645 2409 pulsus
659 2384 704 2389 ——
719 2367 926 2405 duces-sisset,

215 2423 275 2444 nec
289 2418 404 2444 tanum
418 2413 599 2444 desisteret.

266 2458 356 2489 Titii.
389 2456 502 2499 Vulgo
524 2458 602 2488 Tui.
644 2457 709 2488 Sed
723 2466 802 2487 mox
814 2458 926 2497 major

219 2502 338 2534 Titias.

261 2546 430 2577 Salienus.
475 2544 530 2576 Cf.
547 2555 577 2576 c.
595 2548 648 2577 54.
672 2546 724 2576 M.

261 2591 306 2621 Et
322 2589 469 2621 seditior.
483 2605 528 2611 —
542 2595 589 2621 est
602 2600 693 2622 usus.
735 2589 925 2620 Delendum

213 2639 243 2665 et
259 2639 358 2675 atque
377 2639 421 2665 es!
448 2633 482 2664 in
500 2633 564 2664 hoc
582 2639 765 2672 commate,
789 2640 927 2674 propter

214 2679 315 2710 codd.
330 2683 363 2709 et
378 2678 488 2719 ipsam
504 2688 614 2709 serem
633 2677 809 2709 orationis.
835 2679 886 2709 M.

261 2723 438 2764 Idemque.
482 2721 549 2753 Alii
564 2722 714 2764 ideoque.

261 2768 458 2799 Pecuniam.
507 2766 618 2807 Vulgo
633 2772 664 2798 et
676 2777 748 2808 per.

263 2813 311 2843 Ab
337 2813 488 2852 utrisque
517 2812 681 2850 Ducibus,
704 2821 744 2842 ex
771 2810 925 2853 partibus

214 2855 389 2897 utriusque
429 2854 548 2886 Ducis.
591 2856 756 2889 Clarke'us.
812 2855 925 2889 Jurin.

216 2900 311 2933 malit
322 2901 488 2943 partibus.
504 2909 571 2932 non
586 2910 685 2942 opus.

1044 2059 1268 2099 Depuqnare.
1316 2056 1370 2089 Sic
1398 2058 1497 2089 codd.
1515 2056 1627 2098 probi.
1669 2057 1712 2089 V.

995 2100 1068 2132 lud.
1118 2101 1232 2142 Vulgo
1247 2112 1419 2143 puqnare.

1043 2147 1206 2178 Saserna.
1251 2145 1305 2177 Cf.
1320 2157 1350 2178 c.
1367 2148 1399 2178 9.
1425 2147 1474 2177 M.

1043 2192 1131 2221 Cum
1147 2192 1221 2222 cola.
1233 2192 1347 2223 tribus.
1387 2191 1494 2233 Supra
1510 2201 1587 2233 cap.
1601 2193 1635 2222 9.
1652 2202 1710 2223 sex

998 2233 1158 2266 habuisse
1183 2241 1343 2274 narratur,
1367 2237 1425 2267 sed
1450 2240 1515 2267 tres
1533 2241 1673 2278 potuere
1689 2247 1709 2268 a

996 2280 1128 2310 Caesare
1153 2279 1225 2311 alio
1245 2290 1318 2311 esse
1335 2280 1506 2312 abductae.
1550 2281 1708 2312 Ceterum

996 2323 1134 2365 quidam
1150 2324 1278 2355 habent
1293 2330 1449 2366 quatuor.

1044 2369 1088 2399 Et
1105 2379 1224 2409 quum..
1272 2370 1310 2399 Τὸ
1327 2375 1357 2400 et
1374 2369 1485 2412 rejicit
1500 2369 1664 2401 Jurinius.

1045 2414 1236 2454 Scorpione.
1253 2414 1293 2444 de
1310 2414 1350 2444 B.
1366 2414 1407 2445 G.
1425 2416 1456 2451 7,
1471 2417 1526 2446 25.
1544 2415 1593 2445 M.
1618 2414 1707 2445 Heic

995 2467 1065 2488 non
1091 2463 1142 2488 est
1166 2458 1337 2495 machina,
1362 2459 1419 2489 sed
1444 2459 1550 2489 telum
1567 2468 1609 2489 ea
1627 2458 1707 2490 mis-

996 2511 1082 2532 sum.
1126 2501 1180 2533 Cf.
1198 2502 1336 2533 Gesner.
1353 2502 1386 2533 in
1403 2503 1489 2534 thes.
1507 2502 1595 2534 L.L.

1042 2546 1094 2576 Ad
1120 2546 1356 2578 decumanam.
1397 2547 1485 2578 Cum
1511 2547 1542 2578 in
1565 2546 1708 2588 quibus-

995 2590 1073 2620 dam
1090 2591 1189 2621 codd.
1206 2590 1336 2631 legatur
1353 2592 1398 2623 ad
1410 2597 1559 2628 terram,·
1584 2591 1617 2621 in
1632 2591 1708 2632 plu-

996 2633 1089 2666 ribus
1109 2645 1190 2666 vero
1214 2636 1256 2666 ab
1279 2636 1438 2668 decuma‘.
1459 2646 1481 2667 a
1503 2635 1709 2674 decumana,

994 2679 1041 2710 ad
1073 2679 1262 2717 decumam,
1289 2680 1330 2710 de
1353 2680 1509 2710 decuma.-
1543 2679 1707 2711 incertam

995 2734 1068 2754 esse
1092 2722 1275 2754 lectionem
1301 2722 1538 2764 intelligimus.
1580 2723 1633 2755 llli
1649 2735 1707 2755 ve-

995 2767 1171 2798 hementer
1194 2773 1316 2805 errant,
1337 2768 1398 2808 qui
1413 2768 1638 2799 decumanam
1654 2768 1707 2799 in-

994 2817 1219 2854 terpretamur
1245 2811 1445 2853 simpliciter
1467 2818 1612 2850 scutum,
1627 2812 1707 2854 quia

996 2863 1092 2888 scuta
1113 2866 1233 2897 magna
1256 2855 1346 2888 dicta
1363 2855 1486 2887 fuerint
1507 2856 1707 2888 decumana.

996 2899 1104 2938 Quasi
1122 2911 1213 2938 vero,
1235 2900 1317 2942 quia
1341 2900 1472 2940 fluctus,
1496 2911 1650 2942 pomum,
1674 2908 1707 2933 et

995 2945 1062 2977 alia
1081 2944 1240 2977 dicuntur
1255 2945 1442 2977 decumana
1457 2950 1597 2988 propter
1612 2956 1708 2988 mag-
