1946 3261
618 209 735 254 LIB.
770 208 900 254 VIII.
965 210 1102 254 CAP.
1134 210 1325 255 43—46.
1648 209 1736 253 249

244 337 348 382 culo
366 345 713 384 commoraturus
732 339 982 389 videbatur,
1001 354 1139 396 quum
1155 338 1235 382 sibi
1252 336 1444 382 conscius
1463 345 1589 389 esset,
1606 352 1739 396 quam

244 397 467 442 inimicum
486 400 671 443 deberet
694 402 907 443 Caesarem
926 399 1124 455 habere‚)
1143 397 1258 440 hunc
1280 398 1553 465 Epasnactus
1574 399 1739 442 Arver-

243 472 340 508 nus,
359 458 638 502 amicissimus
658 460 817 518 Populi
830 458 1029 508 Romani,
1047 457 1135 500 sine
1147 457 1422 502 dubitatione
1435 457 1526 501 ulla
1542 457 1739 502 vinctum

246 517 301 560 ad
325 517 540 560 Caesarem
560 517 758 561 deduxit.

304 576 377 618 45.
412 576 630 620 Labienus
662 577 837 620 interim
858 577 902 620 in
923 576 1117 620 Treviris
1141 583 1342 633 equestre
1365 575 1571 634 proelium
1591 593 1740 621 secun-

243 632 351 677 dum
372 635 500 684 fecit;
531 636 920 694 compluribusque
942 635 1135 679 Treviris
1151 634 1407 685 interfectis,
1429 643 1474 677 et
1495 636 1740 687 Germanis,

243 694 320 751 qui
355 694 463 737 nulli
498 695 704 738 adversus
740 696 960 739 Romanos
991 694 1154 738 auxilia
1181 692 1478 752 denegabant,
1515 694 1740 754 Principes

244 769 399 796 eorum
420 752 542 797 vivos
563 754 605 797 in
625 771 747 797 suam
769 755 940 814 redegit
961 762 1246 814 potestatem;
1287 761 1422 810 atque
1441 752 1484 796 in
1505 752 1554 795 iis
1579 754 1740 797 Surum

248 811 462 863 AEduum,
504 813 581 870 qui
624 823 669 857 et
707 815 885 857 virtutis
922 823 967 857 et
1008 813 1177 872 generis
1216 828 1426 856 summam
1467 811 1740 855 nobilitatem

243 870 434 915 habebat
463 873 668 932 solusque
703 890 756 917 ex
794 874 950 918 AEduis
986 873 1042 917 ad
1074 873 1119 916 id
1154 881 1326 931 tempus
1363 879 1661 931 permanserat
1698 872 1741 915 in

241 946 387 975 armis.

301 991 375 1034 46.
409 992 475 1036 Ea
501 1008 548 1036 re
578 993 770 1053 cognita,
807 993 967 1044 Caesar,
999 1008 1136 1050 quum
1167 991 1211 1034 in
1231 991 1431 1035 omnibus
1466 990 1622 1033 Galliae
1644 1006 1742 1049 par-

241 1050 360 1094 tibus
399 1051 510 1096 bene
551 1069 618 1097 res
668 1062 811 1112 gestas
858 1053 1030 1096 videret.
1072 1051 1390 1110 judicaretque,
1440 1050 1743 1109 superioribus

241 1110 398 1153 aestivis
417 1112 607 1155 Galliam
623 1113 843 1156 devictam
862 1121 906 1155 et
923 1113 1149 1156 subactam
1166 1128 1253 1154 esse
1271 1127 1281 1160 ;
1315 1109 1601 1169 Aquitaniam
1619 1125 1743 1152 num-

243 1185 375 1227 quam
411 1171 505 1230 ipse
529 1172 704 1222 adisset,
735 1172 810 1215 sed
831 1188 909 1230 per
935 1172 984 1214 P.
1010 1171 1215 1214 Crassum
1243 1170 1429 1230 quadam
1449 1186 1502 1212 ex
1523 1178 1650 1227 parte
1670 1169 1743 1212 de-

242 1229 415 1272 vicisset
435 1246 445 1278 ;
490 1247 588 1274 cum
612 1231 655 1274 ῙΙ
680 1232 925 1290 legionibus
944 1232 988 1274 in
1009 1247 1103 1273 eam
1126 1239 1297 1290 partem
1326 1237 1390 1272 est
1415 1228 1656 1287 profectus,
1691 1236 1744 1271 ut

243 1288 305 1331 ibi
339 1297 583 1332 extremum
619 1300 792 1348 tempus
835 1299 1110 1333 consumeret
1142 1289 1417 1332 aestivorum:
1462 1304 1594 1346 quam
1632 1304 1742 1338 rem,

242 1348 357 1390 sicut
388 1355 547 1398 cetera,
583 1348 786 1390 celeriter
818 1348 1094 1404 feliciterque
1127 1347 1341 1390 confecit:
1382 1363 1569 1405 namque
1598 1363 1745 1390 omnes

244 1406 496 1464 Aquitaniae
523 1406 719 1450 civitates
752 1407 919 1464 legatos
950 1406 1004 1448 ad
1037 1422 1134 1447 eum
1164 1406 1374 1448 miserunt
1406 1406 1662 1463 obsidesque
1702 1406 1743 1449 ei

242 1466 476 1509 dederunt.
542 1466 714 1515 Quibus
747 1465 878 1508 rebus
901 1465 1048 1523 gestiS,
1079 1464 1161 1521 ipsi
1182 1481 1281 1506 cum
1311 1464 1511 1522 equitum
1544 1465 1744 1523 praesidio

245 1525 502 1568 Narbonem
527 1525 753 1583 profectus
774 1533 854 1574 est,
888 1524 1130 1567 exercitum
1157 1540 1236 1581 per
1267 1522 1456 1582 Legatos
1486 1524 1529 1566 in
1560 1523 1744 1568 hiberna

243 1583 451 1627 deduxit:
491 1593 680 1641 quatuor
708 1583 900 1641 legiones
928 1583 970 1626 in
993 1582 1149 1640 Belgio
1169 1582 1413 1626 conlocavit
1435 1599 1535 1625 cum
1559 1583 1626 1625 M.
1653 1585 1743 1626 An-

242 1644 364 1687 tonio
383 1651 428 1685 et
458 1643 511 1686 C.
535 1642 756 1686 Trebonio
788 1652 832 1685 et
866 1642 914 1684 P.
952 1641 1130 1684 Vatinio
1163 1650 1207 1684 et
1244 1642 1299 1690 Q.
1338 1641 1505 1691 Tullio,
1541 1641 1745 1700 Legatis:

241 1702 352 1746 duas
385 1702 427 1745 in
459 1702 626 1745 AEduos
657 1702 790 1752 misit,
825 1717 1016 1760 quorum
1050 1701 1094 1744 in
1115 1701 1229 1743 omni
1257 1700 1405 1743 Gallia
1427 1717 1637 1744 summam
1658 1718 1745 1745 esse

242 1762 551 1806 auctoritatem
582 1761 770 1806 sciebat:
816 1762 924 1804 duas
959 1761 1003 1803 in
1041 1760 1229 1803 Turonis
1261 1759 1319 1802 ad
1357 1758 1461 1803 fines
1497 1760 1746 1804 Carnutum

240 1821 403 1881 posuit,
422 1837 518 1879 quae
535 1837 705 1865 omnem
722 1821 946 1880 regionem
964 1820 1240 1878 conjunctam
1259 1819 1434 1863 Oceano
1446 1820 1718 1863 continerent
1735 1836 1745 1862 :

241 1881 352 1925 duas
372 1881 564 1939 reliquas
586 1881 628 1923 in
652 1880 932 1924 Lemovicum
952 1880 1062 1929 finis,
1096 1895 1183 1922 non
1203 1879 1331 1937 longe
1352 1879 1409 1921 ab
1430 1880 1657 1930 Arvernis,
1692 1895 1747 1923 ne

243 1956 333 1998 qua
354 1956 455 1999 pars
478 1940 634 1983 Galliae
654 1956 792 1984 vacua
813 1941 870 1983 ab
891 1939 1088 1983 exercitu
1109 1947 1232 1982 esset.
1287 1939 1455 1981 Paucos
1476 1939 1566 1980 dies
1588 1939 1680 1997 ipse
1702 1939 1746 1982 in

249 1999 481 2043 Provincia
515 2008 726 2050 moratus,
760 2016 899 2059 quum
931 1998 1133 2042 celeriter
1162 2013 1308 2041 omnes
1333 2006 1572 2040 conventus
1592 2014 1747 2056 percu-

243 2059 466 2108 currisset,
484 2059 680 2117 publicas
697 2058 1012 2103 controversias
1023 2057 1311 2116 cognovisset,
1330 2057 1440 2100 bene
1457 2057 1622 2099 meritis
1638 2074 1747 2116 prae-

245 2118 333 2161 mia
352 2118 592 2167 tribuisset,
627 2118 935 2177 (cognoscendi
954 2117 1067 2160 enim
1088 2117 1318 2160 maximam
1340 2115 1595 2159 facultatem
1618 2117 1746 2161 habe-

244 2178 338 2227 bat,
361 2177 482 2235 quali
504 2178 690 2235 quisque
711 2178 853 2221 animo
876 2178 919 2220 in
938 2176 1259 2235 rempublicam
1287 2175 1439 2218 fuisset
1469 2175 1607 2219 totius
1642 2177 1747 2219 Gal-

246 2236 315 2281 liae
333 2236 595 2287 defectione,
618 2253 752 2295 quam
772 2237 1039 2281 sustinuerat
1056 2235 1270 2280 fidelitate
1287 2243 1425 2293 atque
1446 2235 1617 2279 auxiliis
1642 2235 1746 2280 Pro-

295 2429 444 2471 Recleqit.
465 2428 526 2462 alii
540 2430 676 2471 redific-

301 2476 452 2507 Virtutis.
475 2473 537 2506 alii
552 2477 721 2508 virtutem.

303 2521 344 2551 Ut
357 2519 416 2550 ibi.
440 2518 502 2550 alii
516 2519 588 2552 ubi.

296 2564 342 2595 In
375 2563 507 2605 Belyio.
552 2563 655 2597 codd.
685 2561 893 2594 recentiores
922 2564 959 2594 in

246 2609 375 2650 Belqc's.

296 2653 341 2685 In
358 2652 489 2683 AEduos
502 2654 605 2683 misit.
636 2649 698 2682 alii
721 2650 874 2683 deduxit.
895 2650 957 2682 alii

246 2699 283 2729 in
302 2697 428 2728 AEdm‘s
442 2697 617 2728 constituit.

295 2742 340 2774 In
361 2742 516 2772 Turonis.
545 2738 609 2771 alii
631 2743 669 2772 in
698 2741 857 2772 Turones.
903 2739 957 2772 Sic

247 2785 415 2818 interdum
434 2784 571 2817 struitur
581 2784 721 2816 verbum
733 2794 871 2826 ponere.

294 2832 436 2872 Reqe'on.
458 2829 504 2860 al.
523 2828 729 2870 praemittunt
743 2830 853 2861 illam.

295 2876 341 2914 In
358 2874 450 2907 Lem.
459 2875 555 2917 finis.
571 2872 634 2909 alii
642 2874 782 2917 finibus.

1083 2427 1281 2460 Conventus.
1315 2425 1388 2458 vid.
1416 2427 1490 2459 lnd,
1529 2427 1579 2459 M.
1626 2425 1746 2464 Urbes,

1035 2472 1069 2505 in
1085 2471 1214 2513 quibus
1229 2471 1432 2514 agebantur.
1479 2470 1533 2504 Sic
1556 2469 1629 2503 Cic.
1650 2471 1748 2503 Verr.

1034 2521 1067 2555 2,
1085 2519 1138 2548 20.
1157 2527 1220 2558 pro
1236 2516 1312 2557 Lig.
1330 2519 1362 2548 8.
1388 2515 1476 2547 Plin.
1493 2519 1524 2554 3,
1544 2517 1572 2547 1.

1083 2563 1198 2596 Quam
1237 2559 1498 2600 (desectionem)
1546 2561 1747 2592 sustinuerat

1035 2606 1168 2646 (Caesar
1182 2615 1250 2637 non
1267 2605 1493 2636 succubuerat
1509 2603 1570 2642 illi,
1594 2603 1682 2635 vires
1704 2605 1747 2636 ad

1035 2661 1112 2682 eam
1144 2649 1405 2690 obprimendam
1438 2648 1618 2687 habuerat)
1650 2649 1747 2689 fidel.

1035 2700 1140 2736 alque
1172 2705 1258 2726 aas.
1307 2695 1493 2725 Prot-imae
1522 2692 1612 2734 (ejus
1644 2693 1748 2734 partis

1035 2738 1170 2777 Galliae,
1184 2749 1259 2779 quae
1276 2736 1460 2768 Provincia
1481 2737 1636 2768 Romana
1649 2739 1746 2777 erat).

1035 2785 1074 2816 In
1105 2783 1172 2814 fine
1202 2784 1291 2814 illius
1330 2781 1511 2812 delendum
1548 2792 1623 2813 esse
1660 2782 1746 2814 vidit

1034 2827 1205 2865 Clarkius,
1217 2826 1298 2868 quia
1311 2825 1494 2857 Provincia
1507 2826 1580 2857 κατ’
1596 2826 1697 2870 ἐξοχὴν
1712 2826 1746 2859 in

1037 2872 1091 2905 his
1107 2870 1206 2905 libris
1222 2870 1360 2903 dicitur.
1384 2870 1436 2904 M.
