1946 3261
219 170 305 224 502

444 179 501 221 A.
535 171 736 220 HIRTII
768 170 853 214 DE
883 167 1468 214 BELLOAFRICANO.

227 312 258 335 “
281 304 447 349 virtute
496 307 645 344 nostra
684 296 924 355 intelleges,
978 295 1087 354 quid
1126 310 1180 338 ex
1224 294 1310 337 tuis
1351 293 1487 352 copiis
1529 308 1707 352 sperare

227 371 260 392 “
282 361 481 408 debeas.”

286 423 357 464 46.
394 420 629 475 Postquam
648 415 737 459 haec
768 413 979 458 Centurio
1000 411 1201 472 praesenti
1221 410 1362 453 animo
1382 408 1588 453 adversus
1620 425 1646 452 o
1680 410 1711 453 i-

229 482 400 526 nionem
431 478 522 535 ejus
542 483 606 518 est
638 475 824 523 locutus,
858 473 922 516 ira
948 472 1138 530 percitus
1169 470 1315 529 Scipio
1335 478 1467 526 atque
1489 469 1617 511 animi
1637 425 1712 510 (ἷο-

231 542 322 583 lore
343 538 537 580 incensus
556 534 710 577 adnuit
733 531 1086 580 centurionibus,
1117 529 1225 587 quid
1257 528 1352 571 fieri
1389 527 1547 576 vellet3
1579 535 1710 585 atque

231 605 330 641 ante
352 596 479 654 pedes
498 593 808 637 centurionem
832 589 1036 633 interficit
1057 589 1333 645 reliquosque
1352 595 1577 630 veteranos
1605 601 1631 628 a
1662 585 1714 627 ti-

230 655 410 701 ronibus
426 654 553 713 jubet
577 651 752 694 secerni.

817 657 844 677 ‘⁶
870 648 1140 699 Abducite‚”
1172 647 1330 704 inquit,
1372 653 1401 672 “
1425 645 1525 687 istos
1550 644 1716 687 nefario

235 722 265 742 “
287 714 447 756 scelere
469 711 777 754 contaminatos
794 716 837 751 et
859 708 973 750 caede
998 707 1157 749 civium
1178 706 1435 764 saginatos.”

233 772 398 817 vallum
420 770 597 813 deducti
617 777 717 811 sunt
751 776 795 810 et
827 766 1122 810 cruciabiliter
1154 764 1386 807 interfecti.

1499 704 1570 746 Sic
1591 710 1717 745 extra

1448 762 1626 805 Tirones
1646 779 1719 805 au-

236 839 327 875 tem
342 830 470 889 jubet
502 831 615 872 inter
647 826 837 885 legiones
867 825 1086 882 dispertiri
1107 831 1151 865 et
1176 822 1422 866 Cominium
1444 837 1542 863 cum
1563 821 1716 864 Ticida

235 890 282 934 in
320 896 597 947 conspectum
633 902 757 928 suum
793 884 995 942 prohibet
1027 882 1194 925 adduci.

1260 882 1356 930 Qua
1395 896 1448 922 ex
1484 895 1532 923 re
1575 880 1718 923 Caesar

239 956 493 997 commotus,
516 962 605 995 eos,
639 960 746 1002 quos
767 944 810 988 in
832 942 1088 996 stationibus
1117 956 1215 983 cum
1236 939 1374 998 longis
1403 939 1583 982 navibus
1603 938 1722 997 apud

241 1007 466 1066 Thapsum
486 1004 686 1048 custodiae
707 1019 851 1045 caussa
881 1002 923 1044 in
943 1001 1032 1044 salo
1050 1017 1137 1042 esse
1155 1000 1354 1058 jusserat,
1388 1006 1439 1040 ut
1465 997 1550 1039 suis
1573 1013 1722 1040 onera-

242 1067 319 1111 riis
340 1065 565 1124 longisque
595 1062 777 1104 navibus
798 1059 997 1118 praesidio
1014 1067 1168 1109 essent,
1190 1058 1248 1101 ob
1266 1057 1574 1115 negligentiam
1604 1056 1723 1114 igno-

241 1124 381 1168 miniae
400 1139 543 1166 caussa
560 1119 839 1163 dimittendos
860 1120 916 1162 ab
937 1119 1147 1168 exercitu,
1184 1116 1567 1175 gravissimumque
1592 1114 1635 1157 in
1655 1130 1725 1158 eos

237 1184 433 1227 ‘edietum
456 1179 784 1240 proponendum
805 1178 991 1221 curavit.

295 1242 366 1285 47.
391 1241 475 1282 Per
489 1239 532 1281 id
543 1248 715 1297 tempus
729 1239 818 1279 fere
836 1236 1014 1279 Caesaris
1028 1233 1233 1278 exercitui
1248 1250 1314 1276 res
1326 1232 1483 1275 accidit
1497 1230 1728 1274 incredibi-

241 1301 296 1345 lis
313 1298 481 1343 auditu.
515 1297 717 1354 Namque
734 1296 1021 1353 Virgiliarum
1037 1294 1158 1351 signo
1171 1291 1565 1341 confecto,circiter
1579 1290 1730 1349 vigilia

299 1415 543 1450 Cmcv'abiliter.
595 1413 672 1445 Vox
689 1416 847 1453 suspecta
862 1412 954 1443 Dod-

253 1462 353 1495 wello
373 1460 405 1492 in
424 1459 514 1490 Diss.
541 1459 583 1489 de
598 1457 695 1489 Julio
712 1456 823 1488 Celso.
842 1457 898 1487 sed
915 1466 955 1487 ea

251 1507 321 1549 jam
338 1515 417 1536 usus
435 1503 575 1535 Plautus
593 1502 716 1533 Pseud.
742 1504 774 1539 4,
792 1503 820 1539 l,
837 1503 889 1532 40.

304 1550 347 1581 In
361 1549 441 1580 salo.
487 1547 538 1578 Ex
558 1546 619 1577 hac
648 1545 763 1586 phrasi
785 1550 958 1576 auctorem

258 1593 457 1626 Africanum
481 1596 515 1621 et
543 1590 596 1621 his
618 1588 959 1629 temporibusjunio-

254 1649 325 1670 rem
343 1636 445 1669 fuisse
461 1640 642 1675 auguratur
660 1632 876 1663 Dodwellus:
903 1643 960 1663 ve-

257 1692 331 1714 rum
342 1680 391 1711 sic
409 1680 506 1720 plane
532 1677 633 1708 Corn.
658 1676 773 1717 Nepos
786 1676 909 1708 Theni.
929 1678 960 1707 8.

257 1730 290 1757 et
308 1725 396 1756 Plin.
409 1726 441 1761 9,
458 1724 498 1753 44
510 1722 596 1761 (67).

307 1768 496 1809 Lonqe'sque
522 1765 674 1797 navibus.
734 1763 843 1794 Jurin.
873 1763 964 1794 delet

262 1814 384 1853 longis.
413 1811 464 1842 hae
489 1809 563 1841 scil.
586 1809 619 1840 in
640 1807 785 1839 statione
800 1812 906 1845 erant,
930 1812 964 1837 ut

264 1856 339 1888 istis
355 1859 465 1886 essent
482 1852 652 1894 praesidio.

317 1900 540 1939 Vir-filiarum
555 1899 648 1938 siyno
665 1895 817 1936 confecto.
864 1893 967 1925 Vete-

264 1954 318 1975 res
342 1942 473 1979 dicunt,
489 1941 581 1972 sidus
595 1940 770 1981 confectum
796 1949 868 1970 esse
884 1943 968 1976 tum,

265 1997 346 2019 cum
376 1991 503 2017 certum
530 1995 665 2016 cursum
688 1983 851 2019 absolvit,
866 1988 911 2020 et,
927 1983 969 2012 ad

268 2041 371 2072 quam
387 2035 510 2061 metam
527 2035 618 2060 certo
631 2034 782 2069 tempore
799 2025 970 2068 pervenire

270 2080 303 2106 et
332 2074 416 2105 solet
439 2079 470 2104 et
495 2073 609 2109 debet,
634 2073 675 2103 ad
701 2082 776 2102 earn
803 2070 969 2111 pervenit.

273 2117 329 2148 Sic
345 2127 364 2148 a
382 2116 497 2148 Plinio
518 2116 580 2154 (H.
596 2116 638 2146 N.
657 2120 690 2153 9,
704 2115 775 2149 41.)
790 2115 880 2146 sidus
897 2124 972 2144 cum

271 2161 515 2202 tempestatibus
531 2161 646 2198 confici
657 2159 792 2195 dicitur,
804 2159 838 2189 h.
848 2169 877 2189 e.
889 2163 975 2188 tem-

274 2210 387 2247 pestas
412 2214 484 2235 esse
509 2208 592 2240 tum,
617 2213 695 2234 cum
725 2202 818 2233 sidus
844 2207 974 2233 certum

274 2257 411 2280 cursum
443 2246 608 2278 absolvit:
640 2245 700 2276 ubi
732 2245 799 2276 vid.
830 2244 977 2276 Hardui-

277 2303 353 2325 nuS.
379 2292 470 2323 Idem
487 2289 573 2321 alibi
589 2289 648 2328 (H.
666 2289 707 2320 N.
724 2291 774 2327 16,
789 2293 842 2321 94.
858 2301 889 2321 v.
909 2290 977 2328 36.)

278 2335 363 2368 dicit
377 2347 385 2366 :
435 2336 511 2366 Hoc
548 2339 745 2375 aryumento
782 2335 979 2375 intelliqitm·

277 2380 373 2411 sidus
396 2378 588 2419 confectum,
612 2377 645 2408 h.
671 2386 701 2407 e.
730 2376 835 2407 solem
863 2388 979 2418 perve-

279 2423 371 2455 nisse
382 2432 512 2463 e0‚quo
526 2431 603 2452 cum
616 2420 781 2461 pervenit,
797 2421 979 2451 solstitium

281 2472 346 2498 est.
389 2466 563 2504 (Poteram
579 2465 710 2502 addere,
734 2464 891 2505 loquendi
909 2475 981 2495 uio-

283 2512 365 2542 dum
383 2508 519 2541 fluxisse
532 2509 621 2547 inde,
634 2507 716 2550 quia
731 2508 834 2539 etiam
847 2513 983 2549 tempus

284 2554 365 2586 anni
379 2559 522 2589 certum,
536 2558 636 2594 atque
651 2552 736 2589 dies,
760 2551 863 2582 veluti
879 2551 985 2592 aequi-

286 2597 454 2636 noctium,
470 2596 664 2634 solstitium,
685 2596 816 2633 bruma,
830 2595 985 2626 dicuntur

287 2642 446 2674 confecta
460 2647 545 2677 tum,
565 2651 643 2672 cum
669 2639 753 2678 dies,
781 2638 839 2681 qui
861 2639 984 2670 sensim

289 2686 479 2726 sensimque
494 2683 790 2726 adpropinquavit,
798 2682 869 2724 jam
887 2683 986 2724 plane

290 2731 408 2761 adest:
432 2733 469 2760 ut
483 2727 673 2759 Columella
688 2728 730 2759 de
746 2738 779 2759 re
795 2732 877 2758 rust.
898 2729 930 2764 9,
949 2729 986 2758 14

290 2772 473 2814 aliquoties
487 2772 620 2803 locutus
636 2772 714 2812 est.)
758 2771 864 2813 Igitur
883 2770 987 2801 etiam

290 2816 362 2847 haec
378 2816 500 2847 verba:
531 2817 648 2857 Viryil.
663 2826 690 2846 S.
714 2816 864 2855 confecto,
888 2813 990 2854 signi-

289 2859 391 2892 ficare
407 2860 542 2900 debent,
555 2866 735 2902 postquam
751 2858 905 2900 Virgiliae
919 2869 991 2891 cer-

1024 1416 1095 1442 tum
1111 1420 1244 1442 cursum
1260 1409 1475 1441 absolverant
1489 1413 1523 1440 et
1543 1409 1585 1440 ad
1602 1413 1728 1441 metam

1026 1461 1150 1486 certam
1176 1463 1414 1495 pervenerant:
1437 1459 1470 1484 et
1490 1463 1567 1484 cum
1585 1458 1730 1494 tempus,

1025 1510 1094 1541 quo
1126 1498 1218 1530 sidus
1243 1497 1432 1536 conficitur,
1460 1496 1657 1529 hominibus
1686 1496 1730 1528 sit

1028 1549 1120 1581 nota,
1134 1553 1200 1584 qua
1216 1542 1346 1583 aliquid
1359 1542 1490 1580 adesse,
1502 1547 1560 1572 aut
1578 1541 1728 1572 futurum

1028 1593 1086 1619 aut
1130 1586 1384 1628 suscipiendum
1423 1596 1496 1617 esse
1537 1590 1730 1625 agnoscant,

1030 1632 1133 1663 etiam
1150 1631 1183 1661 h.
1202 1631 1224 1662 l.
1253 1630 1329 1662 talis
1344 1635 1423 1661 nota
1449 1640 1470 1661 a
1495 1629 1655 1670 scriptore
1672 1639 1732 1660 ex-

1033 1686 1143 1716 pressa
1159 1679 1218 1705 est.
1265 1674 1376 1712 Quem
1402 1684 1479 1714 ergo
1504 1683 1638 1704 cursum
1657 1672 1734 1704 Vir-

1029 1719 1120 1760 giliae
1140 1719 1199 1750 illo
1217 1724 1385 1759 tempore,
1405 1729 1473 1759 quo
1492 1718 1564 1748 haec
1582 1717 1731 1758 procella
1767 1747 1771 1751 ,

1035 1762 1171 1803 ingruit,
1185 1762 1423 1793 absolverant?
1451 1762 1534 1792 etad
1545 1770 1646 1801 quam
1662 1770 1732 1791 me-

1033 1813 1103 1838 tam
1120 1807 1298 1837 venerant?
1323 1811 1355 1836 et
1381 1805 1476 1845 cujus
1499 1804 1547 1835 rei
1572 1809 1651 1835 nota
1666 1803 1732 1835 fuit

1035 1850 1094 1882 ille
1110 1860 1227 1881 cursus
1241 1849 1439 1880 absolutus?
1464 1847 1602 1879 Scilicet
1619 1858 1735 1888 perve-

1035 1899 1151 1926 nerant
1165 1904 1220 1932 eo,
1235 1899 1271 1923 ut
1286 1903 1395 1930 mane,
1413 1902 1489 1923 cum
1505 1892 1667 1930 diluculo,
1681 1902 1738 1923 oc-

1035 1939 1196 1970 ciderent.
1234 1937 1318 1968 Nam
1345 1936 1494 1977 procella
1519 1936 1591 1967 haec
1618 1946 1636 1966 e
1657 1945 1737 1967 vera

1036 1983 1165 2014 ratione
1190 1980 1281 2018 anni,
1311 1980 1343 2012 in
1371 1980 1586 2011 Novenbrem
1620 1978 1740 2011 incidit

1035 2028 1086 2067 (v.
1115 2026 1157 2057 ad
1184 2036 1214 2056 c.
1233 2024 1318 2063 37.);
1347 2031 1381 2055 et
1404 2033 1510 2054 annus
1535 2023 1600 2054 fuit
1626 2028 1739 2056 sextus

1038 2076 1139 2111 atque
1187 2067 1467 2110 quadragesimus
1511 2072 1587 2098 ante
1639 2077 1739 2098 aeram

1040 2113 1257 2146 christianam
1271 2119 1320 2151 (v.
1337 2111 1463 2143 Usserii
1479 2110 1598 2143 Annal.
1617 2110 1639 2142 l.
1653 2121 1682 2142 c.
1697 2112 1740 2142 ad

1041 2170 1073 2190 c.
1093 2158 1160 2195 37.)
1177 2170 1186 2196 ;
1208 2164 1241 2187 et
1256 2156 1364 2197 regio,
1390 2155 1449 2187 ubi
1466 2166 1517 2187 res
1538 2154 1673 2193 accidit,
1688 2161 1740 2187 est

1041 2203 1253 2233 Tunetanum
1279 2206 1313 2231 et
1342 2198 1542 2241 Algeriense
1574 2199 1743 2238 Regnum,

1044 2247 1123 2277 Jam
1139 2246 1323 2277 docuerunt
1340 2254 1393 2274 me
1412 2243 1522 2284 periti,
1548 2242 1582 2273 in
1611 2242 1668 2273 illa
1692 2253 1744 2274 re-

1045 2290 1159 2331 gione,
1178 2289 1237 2319 illo
1253 2298 1354 2327 anno,
1368 2288 1424 2319 die
1446 2286 1580 2318 decimo
1595 2286 1744 2317 Novem-

1045 2334 1115 2366 bris
1152 2332 1314 2373 virgilias
1353 2341 1450 2363 mane
1486 2330 1674 2363 occidisse:
1711 2335 1744 2360 et

1047 2377 1278 2409 Guischardus
1325 2374 1526 2414 (Memoires
1568 2373 1746 2406 militaires

1050 2422 1130 2452 Vol.
1147 2424 1179 2451 2.
1204 2431 1237 2461 p.
1255 2423 1330 2450 952.
1354 2419 1406 2450 vel
1421 2419 1463 2450 Τ.
1480 2423 1511 2450 2.
1526 2429 1561 2459 p.
1587 2419 1665 2457 349)
1682 2429 1744 2450 un·-

1049 2464 1218 2496 decimum
1232 2463 1435 2494 Novembris
1448 2463 1528 2493 edit.
1573 2462 1662 2503 Ergo
1680 2462 1744 2494 hoc

1051 2519 1119 2540 uno
1149 2518 1246 2539 sensu
1284 2510 1371 2538 nunc
1405 2506 1556 2549 Virgiliae
1580 2506 1745 2537 confectae

1050 2552 1220 2589 dicuntur,
1243 2552 1321 2592 quia
1333 2551 1375 2582 ad
1392 2550 1478 2581 hanc
1495 2560 1600 2591 usque
1625 2555 1747 2581 metam

1052 2597 1104 2628 sui
1122 2606 1239 2627 cursus
1255 2600 1487 2636 pervenerant,
1511 2601 1546 2625 ut
1567 2603 1643 2625 cum
1658 2593 1746 2624 dilu-

1051 2641 1128 2672 culo
1153 2640 1358 2670 occiderent.
1403 2637 1465 2669 Sed
1488 2644 1520 2670 et
1535 2637 1750 2680 quaerendum

1054 2690 1115 2723 est,
1139 2693 1290 2725 quaenam
1308 2683 1378 2714 haec
1395 2682 1493 2714 fuerit
1508 2681 1670 2723 temporis
1688 2690 1750 2711 no-

1054 2728 1148 2760 tatio.
1195 2727 1298 2767 Igitur
1317 2732 1456 2764 veteres,
1469 2726 1749 2767 quotiescumque

1055 2773 1097 2803 de
1125 2772 1190 2802 hoc
1213 2781 1334 2802 occasu
1360 2770 1555 2809 (matutino)
1590 2767 1749 2809 Virgilia-

1056 2827 1131 2848 rum
1153 2817 1331 2857 loquuntur
1361 2814 1466 2854 (alius
1497 2813 1601 2851 enim,
1630 2816 1750 2853 praeter

1057 2861 1161 2900 hunc,
1183 2869 1250 2893 non
1265 2865 1315 2894 est
1330 2868 1443 2892 mense
1468 2855 1683 2896 Novembri),
1698 2861 1753 2888 to-
