<?xml version="1.0" encoding="UTF-8"?>
<!DOCTYPE html PUBLIC "-//W3C//DTD XHTML 1.0 Transitional//EN"
    "http://www.w3.org/TR/xhtml1/DTD/xhtml1-transitional.dtd">
<html xmlns="http://www.w3.org/1999/xhtml" xml:lang="en" lang="en">
 <head>
  <title>
</title>
<meta http-equiv="Content-Type" content="text/html;charset=utf-8" />
  <meta name='ocr-system' content='tesseract 3.04.00' />
  <meta name='ocr-capabilities' content='ocr_page ocr_carea ocr_par ocr_line ocrx_word'/>
</head>
<body>
  <div class='ocr_page' id='page_1' title='image "./commentariidebel00caesuoft_0605.png"; bbox 0 0 1946 3261; ppageno 0'>
   <div class='ocr_carea' id='block_1_1' title="bbox 0 0 25 3261">
    <p class='ocr_par' dir='ltr' id='par_1_1' title="bbox 0 0 25 3261">
     <span class='ocr_line' id='line_1_1' title="bbox 0 0 25 3261; baseline 0 0"><span class='ocrx_word' id='word_1_1' title='bbox 0 0 25 3261; x_wconf 95' lang='lat' dir='ltr'><strong> </strong></span> 
     </span>
    </p>
   </div>
   <div class='ocr_carea' id='block_1_2' title="bbox 110 2232 122 2265">
    <p class='ocr_par' dir='ltr' id='par_1_2' title="bbox 110 2232 122 2265">
     <span class='ocr_line' id='line_1_2' title="bbox 110 2232 122 2265; baseline 0 0"><span class='ocrx_word' id='word_1_2' title='bbox 110 2232 122 2265; x_wconf 62' lang='lat' dir='ltr'>N</span> 
     </span>
    </p>
   </div>
   <div class='ocr_carea' id='block_1_3' title="bbox 615 218 1625 268">
    <p class='ocr_par' dir='ltr' id='par_1_3' title="bbox 615 218 1625 268">
     <span class='ocr_line' id='line_1_3' title="bbox 615 218 1625 268; baseline 0.003 -4"><span class='ocrx_word' id='word_1_3' title='bbox 615 218 730 266; x_wconf 88' lang='lat' dir='ltr'><strong>LIB.</strong></span> <span class='ocrx_word' id='word_1_4' title='bbox 793 219 929 264; x_wconf 90' lang='lat' dir='ltr'>CAP.</span> <span class='ocrx_word' id='word_1_5' title='bbox 960 218 1147 265; x_wconf 82' lang='lat'>35-37.</span> <span class='ocrx_word' id='word_1_6' title='bbox 1537 218 1625 268; x_wconf 81' lang='lat'><strong>565</strong></span> 
     </span>
    </p>
   </div>
   <div class='ocr_carea' id='block_1_4' title="bbox 144 344 1627 1452">
    <p class='ocr_par' dir='ltr' id='par_1_4' title="bbox 144 344 1627 1317">
     <span class='ocr_line' id='line_1_4' title="bbox 151 344 1626 402; baseline 0.003 -17"><span class='ocrx_word' id='word_1_7' title='bbox 151 350 297 401; x_wconf 85' lang='lat' dir='ltr'><strong>portas</strong></span> <span class='ocrx_word' id='word_1_8' title='bbox 320 344 646 402; x_wconf 74' lang='lat' dir='ltr'><strong>praeclusissem,</strong></span> <span class='ocrx_word' id='word_1_9' title='bbox 669 346 745 390; x_wconf 87' lang='lat' dir='ltr'><strong>illo</strong></span> <span class='ocrx_word' id='word_1_10' title='bbox 768 346 973 390; x_wconf 86' lang='lat' dir='ltr'><strong>beneficio</strong></span> <span class='ocrx_word' id='word_1_11' title='bbox 993 362 1118 389; x_wconf 90' lang='lat' dir='ltr'><strong>suum</strong></span> <span class='ocrx_word' id='word_1_12' title='bbox 1137 344 1391 390; x_wconf 86' lang='lat' dir='ltr'><strong>maleficium</strong></span> <span class='ocrx_word' id='word_1_13' title='bbox 1410 345 1626 390; x_wconf 80' lang='lat' dir='ltr'><strong>existima-</strong></span> 
     </span>
     <span class='ocr_line' id='line_1_5' title="bbox 148 402 1622 463; baseline 0.003 -19"><span class='ocrx_word' id='word_1_14' title='bbox 148 402 256 449; x_wconf 83' lang='lat' dir='ltr'><strong>bant</strong></span> <span class='ocrx_word' id='word_1_15' title='bbox 276 419 317 445; x_wconf 91' lang='lat' dir='ltr'><strong>se</strong></span> <span class='ocrx_word' id='word_1_16' title='bbox 337 402 601 448; x_wconf 85' lang='lat' dir='ltr'><strong>lucrifacere.</strong></span> <span class='ocrx_word' id='word_1_17' title='bbox 666 405 858 448; x_wconf 86' lang='lat' dir='ltr'>Lusitani</span> <span class='ocrx_word' id='word_1_18' title='bbox 880 405 1050 463; x_wconf 85' lang='lat' dir='ltr'>Hispali</span> <span class='ocrx_word' id='word_1_19' title='bbox 1067 420 1262 463; x_wconf 85' lang='lat' dir='ltr'><strong>pugnare</strong></span> <span class='ocrx_word' id='word_1_20' title='bbox 1283 405 1405 449; x_wconf 92' lang='lat' dir='ltr'><strong>nullo</strong></span> <span class='ocrx_word' id='word_1_21' title='bbox 1426 414 1622 463; x_wconf 86' lang='lat' dir='ltr'><strong>tempore</strong></span> 
     </span>
     <span class='ocr_line' id='line_1_6' title="bbox 149 459 1620 523; baseline 0.003 -22"><span class='ocrx_word' id='word_1_22' title='bbox 149 459 423 504; x_wconf 83' lang='lat' dir='ltr'><strong>desistebant.</strong></span> <span class='ocrx_word' id='word_1_23' title='bbox 479 463 608 512; x_wconf 84' lang='lat' dir='ltr'><strong>Quod</strong></span> <span class='ocrx_word' id='word_1_24' title='bbox 632 463 772 507; x_wconf 84' lang='lat' dir='ltr'><strong>Caesar</strong></span> <span class='ocrx_word' id='word_1_25' title='bbox 793 479 930 521; x_wconf 90' lang='lat' dir='ltr'><strong>quum</strong></span> <span class='ocrx_word' id='word_1_26' title='bbox 953 463 1330 513; x_wconf 84' lang='lat' dir='ltr'><strong>animadverteret,</strong></span> <span class='ocrx_word' id='word_1_27' title='bbox 1353 465 1385 506; x_wconf 92' lang='lat' dir='ltr'><strong>si</strong></span> <span class='ocrx_word' id='word_1_28' title='bbox 1409 462 1620 523; x_wconf 88' lang='lat' dir='ltr'><strong>oppidum</strong></span> 
     </span>
     <span class='ocr_line' id='line_1_7' title="bbox 148 520 1625 578; baseline 0.003 -18"><span class='ocrx_word' id='word_1_29' title='bbox 148 534 304 576; x_wconf 84' lang='lat' dir='ltr'><strong>capere</strong></span> <span class='ocrx_word' id='word_1_30' title='bbox 323 521 620 571; x_wconf 83' lang='lat' dir='ltr'><strong>contenderet,</strong></span> <span class='ocrx_word' id='word_1_31' title='bbox 645 531 694 563; x_wconf 92' lang='lat' dir='ltr'><strong>ut</strong></span> <span class='ocrx_word' id='word_1_32' title='bbox 715 521 905 564; x_wconf 89' lang='lat' dir='ltr'><strong>homines</strong></span> <span class='ocrx_word' id='word_1_33' title='bbox 925 520 1083 578; x_wconf 90' lang='lat' dir='ltr'><strong>perditi</strong></span> <span class='ocrx_word' id='word_1_34' title='bbox 1107 521 1380 564; x_wconf 88' lang='lat' dir='ltr'><strong>incenderent</strong></span> <span class='ocrx_word' id='word_1_35' title='bbox 1402 531 1445 564; x_wconf 89' lang='lat' dir='ltr'><strong>et</strong></span> <span class='ocrx_word' id='word_1_36' title='bbox 1466 521 1625 564; x_wconf 86' lang='lat' dir='ltr'><strong>moenia.</strong></span> 
     </span>
     <span class='ocr_line' id='line_1_8' title="bbox 149 575 1625 637; baseline 0.003 -19"><span class='ocrx_word' id='word_1_37' title='bbox 149 575 362 627; x_wconf 88' lang='lat' dir='ltr'><strong>delerent,</strong></span> <span class='ocrx_word' id='word_1_38' title='bbox 390 578 451 620; x_wconf 86' lang='lat' dir='ltr'><strong>ita</strong></span> <span class='ocrx_word' id='word_1_39' title='bbox 482 579 658 622; x_wconf 86' lang='lat' dir='ltr'><strong>consilio</strong></span> <span class='ocrx_word' id='word_1_40' title='bbox 690 579 839 622; x_wconf 86' lang='lat' dir='ltr'><strong>habito</strong></span> <span class='ocrx_word' id='word_1_41' title='bbox 867 588 1014 628; x_wconf 88' lang='lat' dir='ltr'><strong>noctu,</strong></span> <span class='ocrx_word' id='word_1_42' title='bbox 1050 579 1219 637; x_wconf 85' lang='lat' dir='ltr'><strong>patitur</strong></span> <span class='ocrx_word' id='word_1_43' title='bbox 1245 580 1472 622; x_wconf 86' lang='lat' dir='ltr'><strong>Lusitanos</strong></span> <span class='ocrx_word' id='word_1_44' title='bbox 1494 595 1625 637; x_wconf 89' lang='lat' dir='ltr'><strong>erup-</strong></span> 
     </span>
     <span class='ocr_line' id='line_1_9' title="bbox 149 635 1625 694; baseline 0.003 -18"><span class='ocrx_word' id='word_1_45' title='bbox 149 635 309 677; x_wconf 85' lang='lat' dir='ltr'><strong>tionem</strong></span> <span class='ocrx_word' id='word_1_46' title='bbox 330 636 489 678; x_wconf 84' lang='lat' dir='ltr'><strong>facere:</strong></span> <span class='ocrx_word' id='word_1_47' title='bbox 522 637 566 679; x_wconf 90' lang='lat' dir='ltr'><strong>id</strong></span> <span class='ocrx_word' id='word_1_48' title='bbox 587 638 705 694; x_wconf 92' lang='lat' dir='ltr'><strong>quod</strong></span> <span class='ocrx_word' id='word_1_49' title='bbox 726 638 922 680; x_wconf 78' lang='lat' dir='ltr'><strong>consult-o</strong></span> <span class='ocrx_word' id='word_1_50' title='bbox 950 652 1035 680; x_wconf 92' lang='lat' dir='ltr'><strong>non</strong></span> <span class='ocrx_word' id='word_1_51' title='bbox 1061 636 1362 679; x_wconf 84' lang='lat' dir='ltr'><strong>existimabant</strong></span> <span class='ocrx_word' id='word_1_52' title='bbox 1386 637 1490 679; x_wconf 89' lang='lat' dir='ltr'><strong>fieri.</strong></span> <span class='ocrx_word' id='word_1_53' title='bbox 1554 637 1625 681; x_wconf 80' lang='lat' dir='ltr'><strong>Ita</strong></span> 
     </span>
     <span class='ocr_line' id='line_1_10' title="bbox 147 693 1622 752; baseline 0.002 -19"><span class='ocrx_word' id='word_1_54' title='bbox 147 693 415 750; x_wconf 88' lang='lat' dir='ltr'><strong>erumpendo</strong></span> <span class='ocrx_word' id='word_1_55' title='bbox 436 709 579 744; x_wconf 88' lang='lat' dir='ltr'><strong>naves,</strong></span> <span class='ocrx_word' id='word_1_56' title='bbox 607 711 704 752; x_wconf 86' lang='lat' dir='ltr'><strong>quae</strong></span> <span class='ocrx_word' id='word_1_57' title='bbox 724 695 780 736; x_wconf 88' lang='lat' dir='ltr'><strong>ad</strong></span> <span class='ocrx_word' id='word_1_58' title='bbox 803 695 955 737; x_wconf 83' lang='lat' dir='ltr'><strong>Baetim</strong></span> <span class='ocrx_word' id='word_1_59' title='bbox 977 696 1134 738; x_wconf 91' lang='lat' dir='ltr'><strong>flumen</strong></span> <span class='ocrx_word' id='word_1_60' title='bbox 1157 695 1350 744; x_wconf 89' lang='lat' dir='ltr'><strong>fuissent,</strong></span> <span class='ocrx_word' id='word_1_61' title='bbox 1371 695 1622 738; x_wconf 89' lang='lat' dir='ltr'><strong>incendunt.</strong></span> 
     </span>
     <span class='ocr_line' id='line_1_11' title="bbox 150 750 1626 811; baseline 0.002 -19"><span class='ocrx_word' id='word_1_62' title='bbox 150 750 302 792; x_wconf 87' lang='lat' dir='ltr'><strong>Nostri</strong></span> <span class='ocrx_word' id='word_1_63' title='bbox 321 751 424 793; x_wconf 92' lang='lat' dir='ltr'><strong>dum</strong></span> <span class='ocrx_word' id='word_1_64' title='bbox 445 752 640 795; x_wconf 90' lang='lat' dir='ltr'><strong>incendio</strong></span> <span class='ocrx_word' id='word_1_65' title='bbox 661 753 929 802; x_wconf 87' lang='lat' dir='ltr'><strong>detinentur,</strong></span> <span class='ocrx_word' id='word_1_66' title='bbox 961 753 1024 794; x_wconf 92' lang='lat' dir='ltr'><strong>illi</strong></span> <span class='ocrx_word' id='word_1_67' title='bbox 1046 752 1308 811; x_wconf 86' lang='lat' dir='ltr'><strong>profugiunt</strong></span> <span class='ocrx_word' id='word_1_68' title='bbox 1328 761 1371 794; x_wconf 83' lang='lat' dir='ltr'><strong>et</strong></span> <span class='ocrx_word' id='word_1_69' title='bbox 1392 753 1448 795; x_wconf 92' lang='lat' dir='ltr'><strong>ab</strong></span> <span class='ocrx_word' id='word_1_70' title='bbox 1469 753 1626 810; x_wconf 85' lang='lat' dir='ltr'><strong>equiti-</strong></span> 
     </span>
     <span class='ocr_line' id='line_1_12' title="bbox 144 808 1622 869; baseline 0.001 -18"><span class='ocrx_word' id='word_1_71' title='bbox 144 808 224 851; x_wconf 90' lang='lat' dir='ltr'><strong>bus</strong></span> <span class='ocrx_word' id='word_1_72' title='bbox 245 809 542 852; x_wconf 90' lang='lat' dir='ltr'><strong>conciduntur.</strong></span> <span class='ocrx_word' id='word_1_73' title='bbox 606 811 706 860; x_wconf 79' lang='lat' dir='ltr'><strong>Quo</strong></span> <span class='ocrx_word' id='word_1_74' title='bbox 728 811 858 860; x_wconf 86' lang='lat' dir='ltr'><strong>facto,</strong></span> <span class='ocrx_word' id='word_1_75' title='bbox 882 811 1045 869; x_wconf 87' lang='lat' dir='ltr'><strong>oppido</strong></span> <span class='ocrx_word' id='word_1_76' title='bbox 1065 819 1337 867; x_wconf 87' lang='lat' dir='ltr'><strong>recuperato,</strong></span> <span class='ocrx_word' id='word_1_77' title='bbox 1363 811 1514 853; x_wconf 88' lang='lat' dir='ltr'><strong>Astam</strong></span> <span class='ocrx_word' id='word_1_78' title='bbox 1535 811 1622 854; x_wconf 89' lang='lat' dir='ltr'><strong>iter</strong></span> 
     </span>
     <span class='ocr_line' id='line_1_13' title="bbox 145 865 1624 926; baseline 0.003 -19"><span class='ocrx_word' id='word_1_79' title='bbox 145 865 286 909; x_wconf 88' lang='lat' dir='ltr'><strong>facere</strong></span> <span class='ocrx_word' id='word_1_80' title='bbox 306 868 455 925; x_wconf 87' lang='lat' dir='ltr'><strong>coepit,</strong></span> <span class='ocrx_word' id='word_1_81' title='bbox 484 884 536 910; x_wconf 86' lang='lat' dir='ltr'><strong>ex</strong></span> <span class='ocrx_word' id='word_1_82' title='bbox 558 885 644 926; x_wconf 89' lang='lat' dir='ltr'><strong>qua</strong></span> <span class='ocrx_word' id='word_1_83' title='bbox 666 869 841 911; x_wconf 89' lang='lat' dir='ltr'><strong>civitate</strong></span> <span class='ocrx_word' id='word_1_84' title='bbox 863 869 998 926; x_wconf 85' lang='lat' dir='ltr'><strong>legati</strong></span> <span class='ocrx_word' id='word_1_85' title='bbox 1029 869 1083 910; x_wconf 87' lang='lat' dir='ltr'><strong>ad</strong></span> <span class='ocrx_word' id='word_1_86' title='bbox 1105 868 1370 911; x_wconf 91' lang='lat' dir='ltr'><strong>deditionem</strong></span> <span class='ocrx_word' id='word_1_87' title='bbox 1391 878 1624 919; x_wconf 90' lang='lat' dir='ltr'><strong>venerunt,</strong></span> 
     </span>
     <span class='ocr_line' id='line_1_14' title="bbox 148 924 1624 986; baseline 0.003 -20"><span class='ocrx_word' id='word_1_88' title='bbox 148 924 514 982; x_wconf 88' lang='lat' dir='ltr'><strong>Mundensesque‚</strong></span> <span class='ocrx_word' id='word_1_89' title='bbox 534 927 608 983; x_wconf 90' lang='lat' dir='ltr'><strong>qui</strong></span> <span class='ocrx_word' id='word_1_90' title='bbox 629 944 679 969; x_wconf 81' lang='lat' dir='ltr'><strong>ex</strong></span> <span class='ocrx_word' id='word_1_91' title='bbox 698 927 851 985; x_wconf 85' lang='lat' dir='ltr'><strong>proelio</strong></span> <span class='ocrx_word' id='word_1_92' title='bbox 872 927 915 968; x_wconf 88' lang='lat' dir='ltr'><strong>in</strong></span> <span class='ocrx_word' id='word_1_93' title='bbox 933 927 1143 985; x_wconf 87' lang='lat' dir='ltr'><strong>oppidum</strong></span> <span class='ocrx_word' id='word_1_94' title='bbox 1163 928 1464 985; x_wconf 83' lang='lat' dir='ltr'><strong>confugerant,</strong></span> <span class='ocrx_word' id='word_1_95' title='bbox 1484 943 1624 986; x_wconf 89' lang='lat' dir='ltr'><strong>quum</strong></span> 
     </span>
     <span class='ocr_line' id='line_1_15' title="bbox 147 981 1625 1035; baseline 0.003 -11"><span class='ocrx_word' id='word_1_96' title='bbox 147 981 312 1025; x_wconf 90' lang='lat' dir='ltr'><strong>diutius</strong></span> <span class='ocrx_word' id='word_1_97' title='bbox 343 984 769 1034; x_wconf 84' lang='lat' dir='ltr'><strong>circumsiderentur,</strong></span> <span class='ocrx_word' id='word_1_98' title='bbox 801 986 908 1028; x_wconf 90' lang='lat' dir='ltr'><strong>bene</strong></span> <span class='ocrx_word' id='word_1_99' title='bbox 936 985 1063 1027; x_wconf 90' lang='lat' dir='ltr'><strong>multi</strong></span> <span class='ocrx_word' id='word_1_100' title='bbox 1083 984 1348 1028; x_wconf 88' lang='lat' dir='ltr'><strong>deditionem</strong></span> <span class='ocrx_word' id='word_1_101' title='bbox 1379 986 1544 1028; x_wconf 82' lang='lat' dir='ltr'><strong>faciunt</strong></span> <span class='ocrx_word' id='word_1_102' title='bbox 1562 992 1625 1035; x_wconf 88' lang='lat' dir='ltr'><strong>et,</strong></span> 
     </span>
     <span class='ocr_line' id='line_1_16' title="bbox 148 1043 1627 1101; baseline 0.004 -21"><span class='ocrx_word' id='word_1_103' title='bbox 148 1056 282 1097; x_wconf 84' lang='lat' dir='ltr'><strong>quum</strong></span> <span class='ocrx_word' id='word_1_104' title='bbox 316 1052 454 1084; x_wconf 89' lang='lat' dir='ltr'><strong>essent</strong></span> <span class='ocrx_word' id='word_1_105' title='bbox 486 1043 528 1084; x_wconf 91' lang='lat' dir='ltr'><strong>in</strong></span> <span class='ocrx_word' id='word_1_106' title='bbox 561 1043 769 1101; x_wconf 73' lang='lat' dir='ltr'><strong>legionem</strong></span> <span class='ocrx_word' id='word_1_107' title='bbox 807 1043 1044 1092; x_wconf 87' lang='lat' dir='ltr'><strong>distributi,</strong></span> <span class='ocrx_word' id='word_1_108' title='bbox 1079 1044 1307 1101; x_wconf 85' lang='lat' dir='ltr'><strong>conjurant</strong></span> <span class='ocrx_word' id='word_1_109' title='bbox 1341 1045 1452 1086; x_wconf 91' lang='lat' dir='ltr'><strong>inter</strong></span> <span class='ocrx_word' id='word_1_110' title='bbox 1481 1060 1539 1095; x_wconf 91' lang='lat' dir='ltr'><strong>se,</strong></span> <span class='ocrx_word' id='word_1_111' title='bbox 1572 1053 1627 1086; x_wconf 88' lang='lat' dir='ltr'><strong>ut</strong></span> 
     </span>
     <span class='ocr_line' id='line_1_17' title="bbox 146 1097 1626 1160; baseline 0.002 -20"><span class='ocrx_word' id='word_1_112' title='bbox 146 1107 279 1141; x_wconf 90' lang='lat' dir='ltr'><strong>noctu</strong></span> <span class='ocrx_word' id='word_1_113' title='bbox 300 1099 422 1157; x_wconf 80' lang='lat' dir='ltr'><strong>signo</strong></span> <span class='ocrx_word' id='word_1_114' title='bbox 437 1100 558 1150; x_wconf 86' lang='lat' dir='ltr'><strong>dato,</strong></span> <span class='ocrx_word' id='word_1_115' title='bbox 575 1097 650 1158; x_wconf 86' lang='lat' dir='ltr'><strong>qui</strong></span> <span class='ocrx_word' id='word_1_116' title='bbox 670 1103 712 1144; x_wconf 91' lang='lat' dir='ltr'><strong>in</strong></span> <span class='ocrx_word' id='word_1_117' title='bbox 730 1102 891 1159; x_wconf 88' lang='lat' dir='ltr'><strong>oppido</strong></span> <span class='ocrx_word' id='word_1_118' title='bbox 911 1101 1102 1151; x_wconf 85' lang='lat' dir='ltr'><strong>fuissent,</strong></span> <span class='ocrx_word' id='word_1_119' title='bbox 1115 1102 1388 1160; x_wconf 90' lang='lat' dir='ltr'><strong>eruptionem</strong></span> <span class='ocrx_word' id='word_1_120' title='bbox 1409 1103 1626 1145; x_wconf 86' lang='lat' dir='ltr'><strong>facerent:</strong></span> 
     </span>
     <span class='ocr_line' id='line_1_18' title="bbox 146 1156 1625 1217; baseline 0.003 -19"><span class='ocrx_word' id='word_1_121' title='bbox 146 1156 210 1199; x_wconf 89' lang='lat' dir='ltr'><strong>illi</strong></span> <span class='ocrx_word' id='word_1_122' title='bbox 241 1157 401 1200; x_wconf 78' lang='lat' dir='ltr'><strong>caedem</strong></span> <span class='ocrx_word' id='word_1_123' title='bbox 433 1159 475 1201; x_wconf 86' lang='lat' dir='ltr'><strong>in</strong></span> <span class='ocrx_word' id='word_1_124' title='bbox 497 1160 644 1202; x_wconf 88' lang='lat' dir='ltr'><strong>castris</strong></span> <span class='ocrx_word' id='word_1_125' title='bbox 675 1161 1035 1202; x_wconf 78' lang='lat' dir='ltr'><strong>administrarent.</strong></span> <span class='ocrx_word' id='word_1_126' title='bbox 1101 1159 1197 1202; x_wconf 91' lang='lat' dir='ltr'><strong>Hac</strong></span> <span class='ocrx_word' id='word_1_127' title='bbox 1230 1176 1275 1202; x_wconf 92' lang='lat' dir='ltr'><strong>re</strong></span> <span class='ocrx_word' id='word_1_128' title='bbox 1304 1160 1492 1217; x_wconf 85' lang='lat' dir='ltr'><strong>cognita,</strong></span> <span class='ocrx_word' id='word_1_129' title='bbox 1516 1160 1625 1203; x_wconf 86' lang='lat' dir='ltr'><strong>inse-</strong></span> 
     </span>
     <span class='ocr_line' id='line_1_19' title="bbox 145 1216 1627 1275; baseline 0.003 -18"><span class='ocrx_word' id='word_1_130' title='bbox 145 1216 296 1271; x_wconf 88' lang='lat' dir='ltr'><strong>quenti</strong></span> <span class='ocrx_word' id='word_1_131' title='bbox 329 1225 454 1259; x_wconf 85' lang='lat' dir='ltr'><strong>nocte</strong></span> <span class='ocrx_word' id='word_1_132' title='bbox 476 1218 625 1275; x_wconf 86' lang='lat' dir='ltr'><strong>vigilia</strong></span> <span class='ocrx_word' id='word_1_133' title='bbox 654 1218 784 1262; x_wconf 83' lang='lat' dir='ltr'><strong>tertia</strong></span> <span class='ocrx_word' id='word_1_134' title='bbox 811 1227 967 1260; x_wconf 84' lang='lat' dir='ltr'><strong>tessera</strong></span> <span class='ocrx_word' id='word_1_135' title='bbox 999 1217 1117 1267; x_wconf 85' lang='lat' dir='ltr'><strong>data,</strong></span> <span class='ocrx_word' id='word_1_136' title='bbox 1150 1227 1274 1260; x_wconf 81' lang='lat' dir='ltr'><strong>extra</strong></span> <span class='ocrx_word' id='word_1_137' title='bbox 1294 1219 1458 1261; x_wconf 65' lang='lat' dir='ltr'><strong>vallum</strong></span> <span class='ocrx_word' id='word_1_138' title='bbox 1480 1234 1627 1262; x_wconf 85' lang='lat' dir='ltr'><strong>omnes</strong></span> 
     </span>
     <span class='ocr_line' id='line_1_20' title="bbox 145 1283 437 1317; baseline -0.003 -2"><span class='ocrx_word' id='word_1_139' title='bbox 145 1283 247 1315; x_wconf 81' lang='lat' dir='ltr'><strong>sunt</strong></span> <span class='ocrx_word' id='word_1_140' title='bbox 268 1290 437 1317; x_wconf 84' lang='lat' dir='ltr'><strong>concisi.</strong></span> 
     </span>
    </p>

    <p class='ocr_par' dir='ltr' id='par_1_5' title="bbox 146 1332 1627 1452">
     <span class='ocr_line' id='line_1_21' title="bbox 202 1332 1627 1393; baseline 0.002 -19"><span class='ocrx_word' id='word_1_141' title='bbox 202 1332 273 1374; x_wconf 79' lang='lat'><strong>37.</strong></span> <span class='ocrx_word' id='word_1_142' title='bbox 308 1333 572 1376; x_wconf 86' lang='lat' dir='ltr'><strong>Carteienses</strong></span> <span class='ocrx_word' id='word_1_143' title='bbox 591 1335 751 1383; x_wconf 79' lang='lat' dir='ltr'><strong>Duces,</strong></span> <span class='ocrx_word' id='word_1_144' title='bbox 771 1334 875 1378; x_wconf 89' lang='lat' dir='ltr'><strong>dum</strong></span> <span class='ocrx_word' id='word_1_145' title='bbox 896 1336 1035 1379; x_wconf 83' lang='lat' dir='ltr'><strong>Caesar</strong></span> <span class='ocrx_word' id='word_1_146' title='bbox 1054 1334 1094 1376; x_wconf 90' lang='lat' dir='ltr'><strong>in</strong></span> <span class='ocrx_word' id='word_1_147' title='bbox 1112 1334 1263 1377; x_wconf 89' lang='lat' dir='ltr'><strong>itinere</strong></span> <span class='ocrx_word' id='word_1_148' title='bbox 1275 1335 1444 1392; x_wconf 88' lang='lat' dir='ltr'><strong>reliqua</strong></span> <span class='ocrx_word' id='word_1_149' title='bbox 1461 1333 1627 1393; x_wconf 78' lang='lat' dir='ltr'><strong>oppida,</strong></span> 
     </span>
     <span class='ocr_line' id='line_1_22' title="bbox 146 1391 1626 1452; baseline 0.001 -20"><span class='ocrx_word' id='word_1_150' title='bbox 146 1391 391 1448; x_wconf 81' lang='lat' dir='ltr'><strong>obpugnat,</strong></span> <span class='ocrx_word' id='word_1_151' title='bbox 431 1401 612 1450; x_wconf 85' lang='lat' dir='ltr'><strong>propter</strong></span> <span class='ocrx_word' id='word_1_152' title='bbox 654 1393 907 1451; x_wconf 90' lang='lat' dir='ltr'><strong>Pompeium</strong></span> <span class='ocrx_word' id='word_1_153' title='bbox 944 1393 1166 1436; x_wconf 87' lang='lat' dir='ltr'><strong>dissentire</strong></span> <span class='ocrx_word' id='word_1_154' title='bbox 1203 1403 1442 1452; x_wconf 66' lang='lat' dir='ltr'><strong>coeperunt.</strong></span> <span class='ocrx_word' id='word_1_155' title='bbox 1518 1393 1626 1436; x_wconf 84' lang='lat' dir='ltr'><strong>Pars</strong></span> 
     </span>
    </p>
   </div>
   <div class='ocr_carea' id='block_1_5' title="bbox 95 1450 1627 1509">
    <p class='ocr_par' dir='ltr' id='par_1_6' title="bbox 95 1450 1627 1509">
     <span class='ocr_line' id='line_1_23' title="bbox 95 1450 1627 1509; baseline 0.002 -19"><span class='ocrx_word' id='word_1_156' title='bbox 95 1461 98 1465; x_wconf 86' lang='grc'><em>·</em></span> <span class='ocrx_word' id='word_1_157' title='bbox 144 1458 253 1498; x_wconf 88' lang='lat' dir='ltr'><strong>erat,</strong></span> <span class='ocrx_word' id='word_1_158' title='bbox 278 1465 373 1506; x_wconf 77' lang='lat' dir='ltr'><strong>quae</strong></span> <span class='ocrx_word' id='word_1_159' title='bbox 395 1450 560 1507; x_wconf 83' lang='lat' dir='ltr'><strong>legatos</strong></span> <span class='ocrx_word' id='word_1_160' title='bbox 587 1451 641 1494; x_wconf 91' lang='lat' dir='ltr'><strong>ad</strong></span> <span class='ocrx_word' id='word_1_161' title='bbox 667 1452 876 1493; x_wconf 83' lang='lat' dir='ltr'><strong>Caesarem</strong></span> <span class='ocrx_word' id='word_1_162' title='bbox 898 1453 1084 1500; x_wconf 84' lang='lat' dir='ltr'><strong>miserat,</strong></span> <span class='ocrx_word' id='word_1_163' title='bbox 1108 1467 1223 1509; x_wconf 89' lang='lat' dir='ltr'><strong>pars,</strong></span> <span class='ocrx_word' id='word_1_164' title='bbox 1246 1452 1322 1509; x_wconf 89' lang='lat' dir='ltr'><strong>qui</strong></span> <span class='ocrx_word' id='word_1_165' title='bbox 1346 1450 1627 1509; x_wconf 87' lang='lat' dir='ltr'><strong>Pompeiana-</strong></span> 
     </span>
    </p>
   </div>
   <div class='ocr_carea' id='block_1_6' title="bbox 143 1508 1627 1800">
    <p class='ocr_par' dir='ltr' id='par_1_7' title="bbox 143 1508 1627 1800">
     <span class='ocr_line' id='line_1_24' title="bbox 146 1508 1627 1567; baseline 0.001 -16"><span class='ocrx_word' id='word_1_166' title='bbox 146 1522 243 1551; x_wconf 88' lang='lat' dir='ltr'><strong>rum</strong></span> <span class='ocrx_word' id='word_1_167' title='bbox 283 1508 471 1564; x_wconf 88' lang='lat' dir='ltr'><strong>partium</strong></span> <span class='ocrx_word' id='word_1_168' title='bbox 510 1510 702 1552; x_wconf 85' lang='lat' dir='ltr'><strong>fautores</strong></span> <span class='ocrx_word' id='word_1_169' title='bbox 740 1519 893 1552; x_wconf 85' lang='lat' dir='ltr'><strong>essent.</strong></span> <span class='ocrx_word' id='word_1_170' title='bbox 955 1510 1173 1553; x_wconf 88' lang='lat' dir='ltr'><strong>Seditione</strong></span> <span class='ocrx_word' id='word_1_171' title='bbox 1210 1510 1437 1560; x_wconf 82' lang='lat' dir='ltr'><strong>concitata,</strong></span> <span class='ocrx_word' id='word_1_172' title='bbox 1475 1518 1627 1567; x_wconf 86' lang='lat' dir='ltr'><strong>portas</strong></span> 
     </span>
     <span class='ocr_line' id='line_1_25' title="bbox 147 1565 1625 1625; baseline 0.002 -18"><span class='ocrx_word' id='word_1_173' title='bbox 147 1575 381 1624; x_wconf 86' lang='lat' dir='ltr'><strong>occupant:</strong></span> <span class='ocrx_word' id='word_1_174' title='bbox 416 1565 551 1608; x_wconf 87' lang='lat' dir='ltr'><strong>caedes</strong></span> <span class='ocrx_word' id='word_1_175' title='bbox 572 1568 620 1610; x_wconf 91' lang='lat' dir='ltr'><strong>fit</strong></span> <span class='ocrx_word' id='word_1_176' title='bbox 642 1584 816 1625; x_wconf 81' lang='lat' dir='ltr'><strong>magna:</strong></span> <span class='ocrx_word' id='word_1_177' title='bbox 851 1569 1014 1610; x_wconf 87' lang='lat' dir='ltr'><strong>saucius</strong></span> <span class='ocrx_word' id='word_1_178' title='bbox 1040 1568 1268 1625; x_wconf 82' lang='lat' dir='ltr'><strong>Pompeius</strong></span> <span class='ocrx_word' id='word_1_179' title='bbox 1298 1584 1425 1610; x_wconf 90' lang='lat' dir='ltr'><strong>naves</strong></span> <span class='ocrx_word' id='word_1_180' title='bbox 1452 1568 1535 1610; x_wconf 88' lang='lat' dir='ltr'><strong>XX</strong></span> <span class='ocrx_word' id='word_1_181' title='bbox 1557 1583 1625 1610; x_wconf 93' lang='lat' dir='ltr'><strong>oc-</strong></span> 
     </span>
     <span class='ocr_line' id='line_1_26' title="bbox 145 1620 1626 1683; baseline 0.002 -17"><span class='ocrx_word' id='word_1_182' title='bbox 145 1633 277 1681; x_wconf 83' lang='lat' dir='ltr'><strong>cupat</strong></span> <span class='ocrx_word' id='word_1_183' title='bbox 310 1620 462 1678; x_wconf 81' lang='lat' dir='ltr'><strong>longas</strong></span> <span class='ocrx_word' id='word_1_184' title='bbox 497 1634 541 1667; x_wconf 89' lang='lat' dir='ltr'><strong>et</strong></span> <span class='ocrx_word' id='word_1_185' title='bbox 574 1627 786 1683; x_wconf 75' lang='lat' dir='ltr'><strong>profugit.</strong></span> <span class='ocrx_word' id='word_1_186' title='bbox 852 1626 1023 1675; x_wconf 84' lang='lat' dir='ltr'><strong>Didius,</strong></span> <span class='ocrx_word' id='word_1_187' title='bbox 1056 1626 1132 1683; x_wconf 88' lang='lat' dir='ltr'><strong>qui</strong></span> <span class='ocrx_word' id='word_1_188' title='bbox 1157 1626 1351 1668; x_wconf 85' lang='lat' dir='ltr'><strong>Gadibus</strong></span> <span class='ocrx_word' id='word_1_189' title='bbox 1378 1626 1497 1669; x_wconf 87' lang='lat' dir='ltr'><strong>classi</strong></span> <span class='ocrx_word' id='word_1_190' title='bbox 1517 1641 1626 1683; x_wconf 86' lang='lat' dir='ltr'><strong>prae-</strong></span> 
     </span>
     <span class='ocr_line' id='line_1_27' title="bbox 147 1683 1625 1741; baseline 0.003 -18"><span class='ocrx_word' id='word_1_191' title='bbox 147 1683 310 1731; x_wconf 88' lang='lat' dir='ltr'><strong>fuisset,</strong></span> <span class='ocrx_word' id='word_1_192' title='bbox 343 1683 415 1738; x_wconf 84' lang='lat' dir='ltr'><strong>(ad</strong></span> <span class='ocrx_word' id='word_1_193' title='bbox 446 1700 575 1740; x_wconf 89' lang='lat' dir='ltr'><strong>quem</strong></span> <span class='ocrx_word' id='word_1_194' title='bbox 605 1684 730 1726; x_wconf 89' lang='lat' dir='ltr'><strong>simul</strong></span> <span class='ocrx_word' id='word_1_195' title='bbox 751 1685 930 1726; x_wconf 87' lang='lat' dir='ltr'><strong>nuncius</strong></span> <span class='ocrx_word' id='word_1_196' title='bbox 952 1684 1122 1727; x_wconf 87' lang='lat' dir='ltr'><strong>adlatus</strong></span> <span class='ocrx_word' id='word_1_197' title='bbox 1143 1692 1222 1733; x_wconf 87' lang='lat' dir='ltr'><strong>est,</strong></span> <span class='ocrx_word' id='word_1_198' title='bbox 1253 1684 1476 1727; x_wconf 88' lang='lat' dir='ltr'><strong>confestim</strong></span> <span class='ocrx_word' id='word_1_199' title='bbox 1503 1685 1625 1741; x_wconf 88' lang='lat' dir='ltr'><strong>sequi</strong></span> 
     </span>
     <span class='ocr_line' id='line_1_28' title="bbox 143 1740 1626 1800; baseline 0.002 -18"><span class='ocrx_word' id='word_1_200' title='bbox 143 1740 296 1798; x_wconf 88' lang='lat' dir='ltr'><strong>coepit:</strong></span> <span class='ocrx_word' id='word_1_201' title='bbox 330 1741 489 1798; x_wconf 87' lang='lat' dir='ltr'><strong>partim</strong></span> <span class='ocrx_word' id='word_1_202' title='bbox 510 1742 728 1798; x_wconf 86' lang='lat' dir='ltr'><strong>peditatus</strong></span> <span class='ocrx_word' id='word_1_203' title='bbox 756 1751 800 1783; x_wconf 83' lang='lat' dir='ltr'><strong>et</strong></span> <span class='ocrx_word' id='word_1_204' title='bbox 822 1742 1042 1799; x_wconf 86' lang='lat' dir='ltr'><strong>equitatus</strong></span> <span class='ocrx_word' id='word_1_205' title='bbox 1070 1742 1124 1785; x_wconf 86' lang='lat' dir='ltr'><strong>ad</strong></span> <span class='ocrx_word' id='word_1_206' title='bbox 1146 1742 1496 1800; x_wconf 86' lang='lat' dir='ltr'><strong>persequendum</strong></span> <span class='ocrx_word' id='word_1_207' title='bbox 1517 1742 1626 1786; x_wconf 85' lang='lat' dir='ltr'><strong>cele-</strong></span> 
     </span>
    </p>
   </div>
   <div class='ocr_carea' id='block_1_7' title="bbox 588 1899 1618 1943">
    <p class='ocr_par' dir='ltr' id='par_1_8' title="bbox 588 1899 1618 1943">
     <span class='ocr_line' id='line_1_29' title="bbox 588 1899 1618 1943; baseline 0.005 -13"><span class='ocrx_word' id='word_1_208' title='bbox 588 1900 639 1931; x_wconf 76' lang='lat' dir='ltr'><strong>Sic</strong></span> <span class='ocrx_word' id='word_1_209' title='bbox 679 1899 784 1931; x_wconf 78' lang='lat' dir='ltr'><strong>Norv.</strong></span> <span class='ocrx_word' id='word_1_210' title='bbox 819 1906 852 1931; x_wconf 74' lang='lat' dir='ltr'><strong>et</strong></span> <span class='ocrx_word' id='word_1_211' title='bbox 915 1902 1031 1932; x_wconf 56' lang='lat' dir='ltr'><strong>itinere</strong></span> <span class='ocrx_word' id='word_1_212' title='bbox 1053 1917 1097 1923; x_wconf 89' lang='lat'><strong>·-—</strong></span> <span class='ocrx_word' id='word_1_213' title='bbox 1119 1901 1298 1942; x_wconf 71' lang='lat' dir='ltr'><strong>obpuffnae,</strong></span> <span class='ocrx_word' id='word_1_214' title='bbox 1327 1911 1401 1943; x_wconf 79' lang='lat' dir='ltr'><strong>quoe</strong></span> <span class='ocrx_word' id='word_1_215' title='bbox 1425 1913 1480 1943; x_wconf 81' lang='lat' dir='ltr'><strong>pr.</strong></span> <span class='ocrx_word' id='word_1_216' title='bbox 1514 1902 1554 1934; x_wconf 86' lang='lat' dir='ltr'><strong>P.</strong></span> <span class='ocrx_word' id='word_1_217' title='bbox 1584 1903 1618 1935; x_wconf 82' lang='lat' dir='ltr'><strong>d.</strong></span> 
     </span>
    </p>
   </div>
   <div class='ocr_carea' id='block_1_8' title="bbox 197 1903 1622 1985">
    <p class='ocr_par' dir='ltr' id='par_1_9' title="bbox 197 1903 1622 1985">
     <span class='ocr_line' id='line_1_30' title="bbox 197 1903 533 1944; baseline -0.003 -10"><span class='ocrx_word' id='word_1_218' title='bbox 197 1903 334 1944; x_wconf 80' lang='lat' dir='ltr'><strong>Hispali</strong></span> <span class='ocrx_word' id='word_1_219' title='bbox 365 1912 533 1944; x_wconf 69' lang='lat' dir='ltr'><strong>puqnare.</strong></span> 
     </span>
     <span class='ocr_line' id='line_1_31' title="bbox 916 1945 1622 1985; baseline 0.003 -10"><span class='ocrx_word' id='word_1_220' title='bbox 916 1954 997 1985; x_wconf 70' lang='grc' dir='ltr'><strong>σαψ.</strong></span> <span class='ocrx_word' id='word_1_221' title='bbox 1043 1945 1105 1975; x_wconf 83' lang='lat' dir='ltr'><strong>Sed</strong></span> <span class='ocrx_word' id='word_1_222' title='bbox 1136 1945 1317 1976; x_wconf 89' lang='lat' dir='ltr'><strong>Davisium</strong></span> <span class='ocrx_word' id='word_1_223' title='bbox 1343 1946 1451 1977; x_wconf 87' lang='lat' dir='ltr'><strong>codex</strong></span> <span class='ocrx_word' id='word_1_224' title='bbox 1478 1945 1622 1978; x_wconf 88' lang='lat' dir='ltr'><strong>Norvic.</strong></span> 
     </span>
    </p>
   </div>
   <div class='ocr_carea' id='block_1_9' title="bbox 149 1945 851 1987">
    <p class='ocr_par' dir='ltr' id='par_1_10' title="bbox 149 1945 851 1987">
     <span class='ocr_line' id='line_1_32' title="bbox 149 1945 851 1987; baseline -0.003 -11"><span class='ocrx_word' id='word_1_225' title='bbox 149 1947 263 1977; x_wconf 76' lang='lat' dir='ltr'><strong>petav.</strong></span> <span class='ocrx_word' id='word_1_226' title='bbox 303 1946 430 1987; x_wconf 82' lang='lat' dir='ltr'><strong>Vulgo,</strong></span> <span class='ocrx_word' id='word_1_227' title='bbox 450 1947 622 1986; x_wconf 73' lang='lat' dir='ltr'><strong>Hispalim</strong></span> <span class='ocrx_word' id='word_1_228' title='bbox 636 1945 851 1985; x_wconf 70' lang='lat' dir='ltr'><strong>obpuqnare:</strong></span> 
     </span>
    </p>
   </div>
   <div class='ocr_carea' id='block_1_10' title="bbox 142 1987 851 2940">
    <p class='ocr_par' dir='ltr' id='par_1_11' title="bbox 146 1987 851 2204">
     <span class='ocr_line' id='line_1_33' title="bbox 147 1987 851 2026; baseline -0.004 -6"><span class='ocrx_word' id='word_1_229' title='bbox 147 1989 242 2021; x_wconf 80' lang='lat' dir='ltr'><strong>falso.</strong></span> <span class='ocrx_word' id='word_1_230' title='bbox 290 1989 375 2020; x_wconf 78' lang='lat' dir='ltr'><strong>Nam</strong></span> <span class='ocrx_word' id='word_1_231' title='bbox 402 1989 553 2020; x_wconf 78' lang='lat' dir='ltr'><strong>Lusitani</strong></span> <span class='ocrx_word' id='word_1_232' title='bbox 581 1988 614 2018; x_wconf 93' lang='lat' dir='ltr'><strong>in</strong></span> <span class='ocrx_word' id='word_1_233' title='bbox 638 1987 721 2018; x_wconf 79' lang='lat' dir='ltr'><strong>urbe</strong></span> <span class='ocrx_word' id='word_1_234' title='bbox 744 1993 851 2026; x_wconf 73' lang='lat' dir='ltr'><strong>erant,</strong></span> 
     </span>
     <span class='ocr_line' id='line_1_34' title="bbox 146 2032 850 2073; baseline -0.006 -9"><span class='ocrx_word' id='word_1_235' title='bbox 146 2044 287 2073; x_wconf 84' lang='lat' dir='ltr'><strong>eamque</strong></span> <span class='ocrx_word' id='word_1_236' title='bbox 304 2032 539 2070; x_wconf 73' lang='lat' dir='ltr'><strong>defendebant,</strong></span> <span class='ocrx_word' id='word_1_237' title='bbox 562 2038 598 2062; x_wconf 89' lang='lat' dir='ltr'><strong>ut</strong></span> <span class='ocrx_word' id='word_1_238' title='bbox 615 2042 689 2072; x_wconf 89' lang='lat' dir='ltr'><strong>cap.</strong></span> <span class='ocrx_word' id='word_1_239' title='bbox 707 2034 761 2060; x_wconf 88' lang='grc'><strong>35.</strong></span> <span class='ocrx_word' id='word_1_240' title='bbox 777 2041 850 2061; x_wconf 86' lang='lat' dir='ltr'><strong>nar-</strong></span> 
     </span>
     <span class='ocr_line' id='line_1_35' title="bbox 146 2073 850 2107; baseline -0.003 0"><span class='ocrx_word' id='word_1_241' title='bbox 146 2081 253 2107; x_wconf 82' lang='lat' dir='ltr'><strong>ratum</strong></span> <span class='ocrx_word' id='word_1_242' title='bbox 270 2082 330 2107; x_wconf 85' lang='lat' dir='ltr'><strong>est.</strong></span> <span class='ocrx_word' id='word_1_243' title='bbox 376 2077 556 2107; x_wconf 86' lang='lat' dir='ltr'><strong>Monuerat</strong></span> <span class='ocrx_word' id='word_1_244' title='bbox 571 2075 637 2105; x_wconf 89' lang='lat' dir='ltr'><strong>hoc</strong></span> <span class='ocrx_word' id='word_1_245' title='bbox 653 2073 757 2105; x_wconf 83' lang='lat' dir='ltr'><strong>etiam</strong></span> <span class='ocrx_word' id='word_1_246' title='bbox 773 2074 850 2105; x_wconf 92' lang='lat' dir='ltr'><strong>Cel-</strong></span> 
     </span>
     <span class='ocr_line' id='line_1_36' title="bbox 147 2118 847 2160; baseline -0.004 -9"><span class='ocrx_word' id='word_1_247' title='bbox 147 2120 251 2151; x_wconf 79' lang='lat' dir='ltr'><strong>larius</strong></span> <span class='ocrx_word' id='word_1_248' title='bbox 267 2125 344 2160; x_wconf 83' lang='lat' dir='ltr'><strong>post</strong></span> <span class='ocrx_word' id='word_1_249' title='bbox 357 2119 563 2150; x_wconf 88' lang='lat' dir='ltr'><strong>Goduinum.</strong></span> <span class='ocrx_word' id='word_1_250' title='bbox 580 2119 630 2148; x_wconf 80' lang='lat' dir='ltr'><strong>M.</strong></span> <span class='ocrx_word' id='word_1_251' title='bbox 662 2118 847 2159; x_wconf 83' lang='lat' dir='ltr'><strong>Glandorp.</strong></span> 
     </span>
     <span class='ocr_line' id='line_1_37' title="bbox 146 2164 776 2204; baseline -0.005 -10"><span class='ocrx_word' id='word_1_252' title='bbox 146 2164 346 2195; x_wconf 83' lang='lat' dir='ltr'><strong>emendabat</strong></span> <span class='ocrx_word' id='word_1_253' title='bbox 369 2164 536 2204; x_wconf 68' lang='lat' dir='ltr'><strong>Hispalim</strong></span> <span class='ocrx_word' id='word_1_254' title='bbox 549 2171 776 2204; x_wconf 70' lang='lat' dir='ltr'><strong>propuqnare.</strong></span> 
     </span>
    </p>

    <p class='ocr_par' dir='ltr' id='par_1_12' title="bbox 142 2204 849 2326">
     <span class='ocr_line' id='line_1_38' title="bbox 198 2204 849 2248; baseline -0.003 -10"><span class='ocrx_word' id='word_1_255' title='bbox 198 2209 237 2238; x_wconf 56' lang='lat' dir='ltr'><strong>tft</strong></span> <span class='ocrx_word' id='word_1_256' title='bbox 261 2209 409 2240; x_wconf 77' lang='lat' dir='ltr'><strong>homines</strong></span> <span class='ocrx_word' id='word_1_257' title='bbox 427 2207 526 2248; x_wconf 75' lang='lat' dir='ltr'><strong>perd.</strong></span> <span class='ocrx_word' id='word_1_258' title='bbox 543 2206 674 2237; x_wconf 73' lang='lat' dir='ltr'><strong>incenael.</strong></span> <span class='ocrx_word' id='word_1_259' title='bbox 700 2204 735 2235; x_wconf 80' lang='lat' dir='ltr'><strong>h,</strong></span> <span class='ocrx_word' id='word_1_260' title='bbox 750 2215 780 2235; x_wconf 90' lang='lat' dir='ltr'><strong>e.</strong></span> <span class='ocrx_word' id='word_1_261' title='bbox 798 2205 849 2236; x_wconf 84' lang='lat' dir='ltr'><strong>su-</strong></span> 
     </span>
     <span class='ocr_line' id='line_1_39' title="bbox 145 2247 847 2290; baseline -0.003 -8"><span class='ocrx_word' id='word_1_262' title='bbox 145 2256 255 2282; x_wconf 87' lang='lat' dir='ltr'><strong>turum</strong></span> <span class='ocrx_word' id='word_1_263' title='bbox 271 2262 356 2289; x_wconf 82' lang='lat' dir='ltr'><strong>esse,</strong></span> <span class='ocrx_word' id='word_1_264' title='bbox 372 2256 408 2281; x_wconf 91' lang='lat' dir='ltr'><strong>ut</strong></span> <span class='ocrx_word' id='word_1_265' title='bbox 424 2250 578 2281; x_wconf 87' lang='lat' dir='ltr'><strong>homines</strong></span> <span class='ocrx_word' id='word_1_266' title='bbox 594 2247 718 2290; x_wconf 85' lang='lat' dir='ltr'><strong>perditi</strong></span> <span class='ocrx_word' id='word_1_267' title='bbox 734 2247 847 2280; x_wconf 86' lang='lat' dir='ltr'><strong>incen-</strong></span> 
     </span>
     <span class='ocr_line' id='line_1_40' title="bbox 142 2295 271 2326; baseline -0.008 0"><span class='ocrx_word' id='word_1_268' title='bbox 142 2295 271 2326; x_wconf 77' lang='lat' dir='ltr'><strong>derent-</strong></span> 
     </span>
    </p>

    <p class='ocr_par' dir='ltr' id='par_1_13' title="bbox 145 2335 847 2588">
     <span class='ocr_line' id='line_1_41' title="bbox 193 2335 845 2379; baseline -0.005 -8"><span class='ocrx_word' id='word_1_269' title='bbox 193 2339 516 2379; x_wconf 73' lang='lat' dir='ltr'><strong>Patimr—facere.</strong></span> <span class='ocrx_word' id='word_1_270' title='bbox 574 2336 642 2367; x_wconf 93' lang='lat' dir='ltr'><strong>Dio</strong></span> <span class='ocrx_word' id='word_1_271' title='bbox 670 2335 761 2368; x_wconf 79' lang='lat' dir='ltr'><strong>Cass.</strong></span> <span class='ocrx_word' id='word_1_272' title='bbox 793 2339 845 2375; x_wconf 84' lang='lat'><strong>43,</strong></span> 
     </span>
     <span class='ocr_line' id='line_1_42' title="bbox 146 2378 846 2424; baseline -0.004 -12"><span class='ocrx_word' id='word_1_273' title='bbox 146 2383 200 2412; x_wconf 86' lang='grc'><strong>39.</strong></span> <span class='ocrx_word' id='word_1_274' title='bbox 233 2381 439 2423; x_wconf 49' lang='lat' dir='ltr'><strong>’Aspeliam-spor</strong></span> <span class='ocrx_word' id='word_1_275' title='bbox 468 2394 492 2411; x_wconf 72' lang='grc' dir='ltr'>π</span> <span class='ocrx_word' id='word_1_276' title='bbox 510 2378 651 2423; x_wconf 68' lang='grc' dir='ltr'><em>οσεῧξεύων</em></span> <span class='ocrx_word' id='word_1_277' title='bbox 681 2380 693 2409; x_wconf 77' lang='grc' dir='ltr'>ὅ</span> <span class='ocrx_word' id='word_1_278' title='bbox 721 2382 846 2424; x_wconf 56' lang='grc' dir='ltr'><strong>Καῖσαρ,</strong></span> 
     </span>
     <span class='ocr_line' id='line_1_43' title="bbox 146 2395 847 2464; baseline -0.003 -8"><span class='ocrx_word' id='word_1_279' title='bbox 146 2423 254 2456; x_wconf 62' lang='grc' dir='ltr'><strong>ἐλπίδα</strong></span> <span class='ocrx_word' id='word_1_280' title='bbox 270 2426 362 2464; x_wconf 74' lang='grc' dir='ltr'><strong><em>σφίσιν</em></strong></span> <span class='ocrx_word' id='word_1_281' title='bbox 378 2425 412 2458; x_wconf 68' lang='grc' dir='ltr'><strong>ὥς</strong></span> <span class='ocrx_word' id='word_1_282' title='bbox 430 2426 482 2454; x_wconf 69' lang='grc' dir='ltr'><strong>καὶ</strong></span> <span class='ocrx_word' id='word_1_283' title='bbox 493 2395 643 2463; x_wconf 55' lang='grc' dir='ltr'><strong>Ξιαφυγεῖν</strong></span> <span class='ocrx_word' id='word_1_284' title='bbox 663 2421 847 2463; x_wconf 66' lang='grc' dir='ltr'><strong>δυνησομένοις</strong></span> 
     </span>
     <span class='ocr_line' id='line_1_44' title="bbox 147 2465 845 2512; baseline -0.003 -13"><span class='ocrx_word' id='word_1_285' title='bbox 147 2469 293 2512; x_wconf 61' lang='grc' dir='ltr'><strong>παρέσχε·</strong></span> <span class='ocrx_word' id='word_1_286' title='bbox 319 2469 381 2510; x_wconf 73' lang='grc' dir='ltr'><strong>κᾴκ</strong></span> <span class='ocrx_word' id='word_1_287' title='bbox 401 2467 499 2498; x_wconf 63' lang='grc' dir='ltr'><strong>τούς-ον</strong></span> <span class='ocrx_word' id='word_1_288' title='bbox 520 2468 648 2510; x_wconf 66' lang='grc' dir='ltr'><strong>πεξιοξᾶῗν</strong></span> <span class='ocrx_word' id='word_1_289' title='bbox 670 2465 700 2500; x_wconf 60' lang='grc' dir='ltr'><strong>δὴ</strong></span> <span class='ocrx_word' id='word_1_290' title='bbox 726 2468 790 2502; x_wconf 72' lang='grc' dir='ltr'><strong>τοὺς</strong></span> <span class='ocrx_word' id='word_1_291' title='bbox 815 2468 845 2498; x_wconf 66' lang='lat' dir='ltr'><strong>{n</strong></span> 
     </span>
     <span class='ocr_line' id='line_1_45' title="bbox 146 2511 847 2553; baseline -0.001 -10"><span class='ocrx_word' id='word_1_292' title='bbox 146 2513 199 2543; x_wconf 73' lang='grc' dir='ltr'><strong>ταῧ</strong></span> <span class='ocrx_word' id='word_1_293' title='bbox 218 2513 335 2553; x_wconf 70' lang='grc' dir='ltr'><strong>«τείχους</strong></span> <span class='ocrx_word' id='word_1_294' title='bbox 358 2511 488 2550; x_wconf 70' lang='grc' dir='ltr'><strong>ἔξιὸντας,</strong></span> <span class='ocrx_word' id='word_1_295' title='bbox 514 2512 627 2545; x_wconf 68' lang='grc' dir='ltr'><strong>ἐκείνους</strong></span> <span class='ocrx_word' id='word_1_296' title='bbox 653 2511 769 2552; x_wconf 74' lang='grc' dir='ltr'><strong>ἒλίχιζε</strong></span> <span class='ocrx_word' id='word_1_297' title='bbox 796 2512 847 2542; x_wconf 76' lang='grc' dir='ltr'><strong>καὶ</strong></span> 
     </span>
     <span class='ocr_line' id='line_1_46' title="bbox 145 2557 377 2588; baseline -0.004 -1"><span class='ocrx_word' id='word_1_298' title='bbox 145 2557 301 2588; x_wconf 63' lang='grc' dir='ltr'><strong>ἀπώλλυε.</strong></span> <span class='ocrx_word' id='word_1_299' title='bbox 327 2557 377 2587; x_wconf 87' lang='grc' dir='ltr'><strong>Μ.</strong></span> 
     </span>
    </p>

    <p class='ocr_par' dir='ltr' id='par_1_14' title="bbox 146 2596 844 2726">
     <span class='ocr_line' id='line_1_47' title="bbox 194 2596 844 2640; baseline -0.003 -9"><span class='ocrx_word' id='word_1_300' title='bbox 194 2600 419 2640; x_wconf 75' lang='grc' dir='ltr'><strong>Ενιι-ηιμηιιίο.</strong></span> <span class='ocrx_word' id='word_1_301' title='bbox 465 2598 519 2636; x_wconf 86' lang='lat' dir='ltr'><strong>Sic</strong></span> <span class='ocrx_word' id='word_1_302' title='bbox 535 2598 631 2630; x_wconf 67' lang='lat' dir='ltr'><strong>leid.</strong></span> <span class='ocrx_word' id='word_1_303' title='bbox 649 2600 678 2629; x_wconf 90' lang='lat'><strong>1.</strong></span> <span class='ocrx_word' id='word_1_304' title='bbox 730 2596 844 2638; x_wconf 76' lang='lat' dir='ltr'><strong>Vulgo</strong></span> 
     </span>
     <span class='ocr_line' id='line_1_48' title="bbox 147 2641 844 2684; baseline -0.001 -10"><span class='ocrx_word' id='word_1_305' title='bbox 147 2644 237 2675; x_wconf 77' lang='lat' dir='ltr'><strong>male</strong></span> <span class='ocrx_word' id='word_1_306' title='bbox 262 2643 498 2684; x_wconf 72' lang='lat' dir='ltr'><strong>inrumpendo.</strong></span> <span class='ocrx_word' id='word_1_307' title='bbox 543 2641 622 2674; x_wconf 88' lang='lat' dir='ltr'><strong>Vid.</strong></span> <span class='ocrx_word' id='word_1_308' title='bbox 644 2646 714 2673; x_wconf 87' lang='lat' dir='ltr'><strong>not·</strong></span> <span class='ocrx_word' id='word_1_309' title='bbox 739 2642 781 2673; x_wconf 82' lang='lat' dir='ltr'><strong>ad</strong></span> <span class='ocrx_word' id='word_1_310' title='bbox 804 2642 844 2673; x_wconf 88' lang='lat' dir='ltr'><strong>G.</strong></span> 
     </span>
     <span class='ocr_line' id='line_1_49' title="bbox 146 2689 245 2726; baseline -0.01 -8"><span class='ocrx_word' id='word_1_311' title='bbox 146 2689 176 2726; x_wconf 81' lang='grc' dir='ltr'><strong>τ,</strong></span> <span class='ocrx_word' id='word_1_312' title='bbox 194 2690 245 2718; x_wconf 82' lang='grc'><strong>69.</strong></span> 
     </span>
    </p>

    <p class='ocr_par' dir='ltr' id='par_1_15' title="bbox 192 2729 714 2763">
     <span class='ocr_line' id='line_1_50' title="bbox 192 2729 714 2763; baseline -0.004 -1"><span class='ocrx_word' id='word_1_313' title='bbox 192 2733 404 2763; x_wconf 75' lang='lat' dir='ltr'><strong>Detinemur.</strong></span> <span class='ocrx_word' id='word_1_314' title='bbox 427 2729 488 2761; x_wconf 87' lang='lat' dir='ltr'><strong>alii</strong></span> <span class='ocrx_word' id='word_1_315' title='bbox 506 2729 714 2761; x_wconf 58' lang='lat' dir='ltr'><strong>destinentur.</strong></span> 
     </span>
    </p>

    <p class='ocr_par' dir='ltr' id='par_1_16' title="bbox 146 2772 847 2940">
     <span class='ocr_line' id='line_1_51' title="bbox 194 2772 846 2807; baseline -0.006 0"><span class='ocrx_word' id='word_1_316' title='bbox 194 2776 398 2807; x_wconf 73' lang='lat' dir='ltr'><strong>Carteienses</strong></span> <span class='ocrx_word' id='word_1_317' title='bbox 420 2775 541 2805; x_wconf 73' lang='lat' dir='ltr'><strong>Duces.</strong></span> <span class='ocrx_word' id='word_1_318' title='bbox 587 2772 681 2804; x_wconf 88' lang='lat' dir='ltr'><strong>Olim</strong></span> <span class='ocrx_word' id='word_1_319' title='bbox 710 2772 743 2803; x_wconf 91' lang='lat' dir='ltr'><strong>in</strong></span> <span class='ocrx_word' id='word_1_320' title='bbox 769 2773 846 2803; x_wconf 85' lang='lat' dir='ltr'><strong>edd.</strong></span> 
     </span>
     <span class='ocr_line' id='line_1_52' title="bbox 146 2815 846 2857; baseline -0.001 -9"><span class='ocrx_word' id='word_1_321' title='bbox 146 2826 217 2850; x_wconf 84' lang='lat' dir='ltr'><strong>erat</strong></span> <span class='ocrx_word' id='word_1_322' title='bbox 232 2819 296 2854; x_wconf 89' lang='lat' dir='ltr'><strong>hoc</strong></span> <span class='ocrx_word' id='word_1_323' title='bbox 312 2828 434 2850; x_wconf 78' lang='lat' dir='ltr'><strong>nexum</strong></span> <span class='ocrx_word' id='word_1_324' title='bbox 448 2827 525 2848; x_wconf 91' lang='lat' dir='ltr'><strong>cum</strong></span> <span class='ocrx_word' id='word_1_325' title='bbox 536 2816 710 2857; x_wconf 85' lang='lat' dir='ltr'><strong>superiore</strong></span> <span class='ocrx_word' id='word_1_326' title='bbox 721 2815 846 2857; x_wconf 87' lang='lat' dir='ltr'><strong>eapite,</strong></span> 
     </span>
     <span class='ocr_line' id='line_1_53' title="bbox 146 2861 846 2904; baseline -0.001 -12"><span class='ocrx_word' id='word_1_327' title='bbox 146 2867 180 2892; x_wconf 89' lang='lat' dir='ltr'><strong>et</strong></span> <span class='ocrx_word' id='word_1_328' title='bbox 202 2862 376 2904; x_wconf 82' lang='lat' dir='ltr'><strong>legebatur</strong></span> <span class='ocrx_word' id='word_1_329' title='bbox 402 2862 467 2893; x_wconf 87' lang='lat' dir='ltr'><strong>hoc</strong></span> <span class='ocrx_word' id='word_1_330' title='bbox 490 2861 614 2892; x_wconf 87' lang='lat' dir='ltr'><strong>modo:</strong></span> <span class='ocrx_word' id='word_1_331' title='bbox 639 2862 749 2893; x_wconf 66' lang='lat' dir='ltr'><strong>omnes</strong></span> <span class='ocrx_word' id='word_1_332' title='bbox 768 2865 846 2892; x_wconf 72' lang='lat' dir='ltr'><strong>sunt</strong></span> 
     </span>
     <span class='ocr_line' id='line_1_54' title="bbox 147 2905 847 2940; baseline -0.001 -3"><span class='ocrx_word' id='word_1_333' title='bbox 147 2909 266 2939; x_wconf 71' lang='lat' dir='ltr'><strong>concisi</strong></span> <span class='ocrx_word' id='word_1_334' title='bbox 280 2907 322 2938; x_wconf 86' lang='grc' dir='ltr'><em>Μ</em></span> <span class='ocrx_word' id='word_1_335' title='bbox 322 2907 482 2940; x_wconf 73' lang='lat' dir='ltr'><strong>undenses</strong></span> <span class='ocrx_word' id='word_1_336' title='bbox 499 2906 622 2939; x_wconf 77' lang='lat' dir='ltr'><strong>Duces.</strong></span> <span class='ocrx_word' id='word_1_337' title='bbox 678 2905 788 2937; x_wconf 79' lang='lat' dir='ltr'><strong>C&#39;aesar</strong></span> <span class='ocrx_word' id='word_1_338' title='bbox 809 2906 847 2936; x_wconf 82' lang='lat' dir='ltr'><strong>in</strong></span> 
     </span>
    </p>
   </div>
   <div class='ocr_carea' id='block_1_11' title="bbox 909 1988 1622 2948">
    <p class='ocr_par' dir='ltr' id='par_1_17' title="bbox 909 1988 1622 2323">
     <span class='ocr_line' id='line_1_55' title="bbox 917 1988 1621 2025; baseline 0.006 -7"><span class='ocrx_word' id='word_1_339' title='bbox 917 1988 1104 2025; x_wconf 77' lang='lat' dir='ltr'><strong>admonuit,</strong></span> <span class='ocrx_word' id='word_1_340' title='bbox 1120 1994 1156 2018; x_wconf 84' lang='lat' dir='ltr'><strong>ut</strong></span> <span class='ocrx_word' id='word_1_341' title='bbox 1173 1988 1249 2019; x_wconf 88' lang='lat' dir='ltr'><strong>inde</strong></span> <span class='ocrx_word' id='word_1_342' title='bbox 1263 1988 1393 2020; x_wconf 89' lang='lat' dir='ltr'><strong>ederet:</strong></span> <span class='ocrx_word' id='word_1_343' title='bbox 1417 1999 1529 2021; x_wconf 81' lang='lat' dir='ltr'><strong>omnes</strong></span> <span class='ocrx_word' id='word_1_344' title='bbox 1541 1994 1621 2022; x_wconf 72' lang='lat' dir='ltr'><strong>sunt</strong></span> 
     </span>
     <span class='ocr_line' id='line_1_56' title="bbox 916 2032 1617 2070; baseline 0.003 -9"><span class='ocrx_word' id='word_1_345' title='bbox 916 2034 1044 2063; x_wconf 77' lang='lat' dir='ltr'><strong>concisi.</strong></span> <span class='ocrx_word' id='word_1_346' title='bbox 1093 2032 1305 2070; x_wconf 70' lang='lat' dir='ltr'><strong>Carteienses,</strong></span> <span class='ocrx_word' id='word_1_347' title='bbox 1333 2033 1416 2063; x_wconf 80' lang='lat' dir='ltr'><strong>dum</strong></span> <span class='ocrx_word' id='word_1_348' title='bbox 1446 2034 1560 2064; x_wconf 72' lang='lat' dir='ltr'><strong>Caesar</strong></span> <span class='ocrx_word' id='word_1_349' title='bbox 1573 2050 1617 2056; x_wconf 92' lang='lat'>—</span> 
     </span>
     <span class='ocr_line' id='line_1_57' title="bbox 916 2075 1622 2115; baseline 0.004 -10"><span class='ocrx_word' id='word_1_350' title='bbox 916 2075 1097 2115; x_wconf 69' lang='lat' dir='ltr'><strong>obpuqnat,</strong></span> <span class='ocrx_word' id='word_1_351' title='bbox 1107 2080 1246 2115; x_wconf 73' lang='lat' dir='ltr'><strong>propter</strong></span> <span class='ocrx_word' id='word_1_352' title='bbox 1257 2092 1312 2105; x_wconf 93' lang='grc'><strong>-.</strong></span> <span class='ocrx_word' id='word_1_353' title='bbox 1348 2075 1437 2106; x_wconf 81' lang='lat' dir='ltr'><strong>Idem</strong></span> <span class='ocrx_word' id='word_1_354' title='bbox 1450 2086 1492 2106; x_wconf 83' lang='lat' dir='ltr'><strong>ex</strong></span> <span class='ocrx_word' id='word_1_355' title='bbox 1504 2077 1622 2108; x_wconf 81' lang='lat' dir='ltr'><strong>Petav.</strong></span> 
     </span>
     <span class='ocr_line' id='line_1_58' title="bbox 916 2117 1616 2161; baseline 0.004 -13"><span class='ocrx_word' id='word_1_356' title='bbox 916 2123 948 2148; x_wconf 89' lang='lat' dir='ltr'><strong>et</strong></span> <span class='ocrx_word' id='word_1_357' title='bbox 974 2117 1072 2148; x_wconf 76' lang='lat' dir='ltr'><strong>Leid.</strong></span> <span class='ocrx_word' id='word_1_358' title='bbox 1098 2128 1145 2158; x_wconf 87' lang='lat' dir='ltr'><strong>pr.</strong></span> <span class='ocrx_word' id='word_1_359' title='bbox 1167 2117 1307 2158; x_wconf 83' lang='lat' dir='ltr'><strong>protulit</strong></span> <span class='ocrx_word' id='word_1_360' title='bbox 1331 2118 1421 2149; x_wconf 88' lang='lat' dir='ltr'><strong>Oud.</strong></span> <span class='ocrx_word' id='word_1_361' title='bbox 1438 2119 1504 2150; x_wconf 88' lang='lat' dir='ltr'><strong>nisi</strong></span> <span class='ocrx_word' id='word_1_362' title='bbox 1522 2121 1616 2161; x_wconf 90' lang='lat' dir='ltr'><strong>quod</strong></span> 
     </span>
     <span class='ocr_line' id='line_1_59' title="bbox 916 2160 1616 2200; baseline 0.006 -9"><span class='ocrx_word' id='word_1_363' title='bbox 916 2160 952 2191; x_wconf 90' lang='lat' dir='ltr'><strong>hi</strong></span> <span class='ocrx_word' id='word_1_364' title='bbox 973 2163 1174 2192; x_wconf 69' lang='lat' dir='ltr'><strong>Carteienses</strong></span> <span class='ocrx_word' id='word_1_365' title='bbox 1191 2163 1314 2200; x_wconf 76' lang='lat' dir='ltr'><strong>Duces,</strong></span> <span class='ocrx_word' id='word_1_366' title='bbox 1331 2172 1399 2193; x_wconf 90' lang='lat' dir='ltr'><strong>uno</strong></span> <span class='ocrx_word' id='word_1_367' title='bbox 1411 2162 1517 2194; x_wconf 88' lang='lat' dir='ltr'><strong>verbo</strong></span> <span class='ocrx_word' id='word_1_368' title='bbox 1531 2167 1616 2195; x_wconf 70' lang='lat' dir='ltr'><strong>aue·-</strong></span> 
     </span>
     <span class='ocr_line' id='line_1_60' title="bbox 914 2204 1613 2248; baseline 0.004 -13"><span class='ocrx_word' id='word_1_369' title='bbox 914 2205 1034 2235; x_wconf 83' lang='lat' dir='ltr'><strong>tiorem</strong></span> <span class='ocrx_word' id='word_1_370' title='bbox 1051 2205 1177 2243; x_wconf 89' lang='lat' dir='ltr'><strong>locum,</strong></span> <span class='ocrx_word' id='word_1_371' title='bbox 1198 2204 1375 2236; x_wconf 84' lang='lat' dir='ltr'><strong>exhibent.</strong></span> <span class='ocrx_word' id='word_1_372' title='bbox 1419 2205 1462 2236; x_wconf 85' lang='lat' dir='ltr'><strong>Et</strong></span> <span class='ocrx_word' id='word_1_373' title='bbox 1478 2206 1526 2238; x_wconf 81' lang='lat' dir='ltr'><strong>sic</strong></span> <span class='ocrx_word' id='word_1_374' title='bbox 1541 2207 1613 2248; x_wconf 86' lang='lat' dir='ltr'><strong>jam</strong></span> 
     </span>
     <span class='ocr_line' id='line_1_61' title="bbox 914 2248 1614 2291; baseline 0.007 -13"><span class='ocrx_word' id='word_1_375' title='bbox 914 2248 1080 2279; x_wconf 83' lang='lat' dir='ltr'><strong>Cellarius</strong></span> <span class='ocrx_word' id='word_1_376' title='bbox 1107 2248 1268 2288; x_wconf 83' lang='lat' dir='ltr'><strong>ediderat,</strong></span> <span class='ocrx_word' id='word_1_377' title='bbox 1292 2249 1513 2291; x_wconf 79' lang='lat' dir='ltr'><strong>convenitque</strong></span> <span class='ocrx_word' id='word_1_378' title='bbox 1543 2250 1614 2283; x_wconf 84' lang='lat' dir='ltr'><strong>his-</strong></span> 
     </span>
     <span class='ocr_line' id='line_1_62' title="bbox 909 2291 1092 2323; baseline 0 0"><span class='ocrx_word' id='word_1_379' title='bbox 909 2291 1016 2323; x_wconf 82' lang='lat' dir='ltr'><strong>toriae.</strong></span> <span class='ocrx_word' id='word_1_380' title='bbox 1042 2293 1092 2323; x_wconf 90' lang='lat' dir='ltr'><strong>M.</strong></span> 
     </span>
    </p>

    <p class='ocr_par' dir='ltr' id='par_1_18' title="bbox 912 2335 1615 2459">
     <span class='ocr_line' id='line_1_63' title="bbox 959 2335 1615 2380; baseline 0.003 -12"><span class='ocrx_word' id='word_1_381' title='bbox 959 2337 1061 2373; x_wconf 83' lang='lat' dir='ltr'><strong>Pars,</strong></span> <span class='ocrx_word' id='word_1_382' title='bbox 1084 2338 1151 2377; x_wconf 25' lang='lat' dir='ltr'><strong>quvi.</strong></span> <span class='ocrx_word' id='word_1_383' title='bbox 1194 2335 1377 2377; x_wconf 63' lang='lat' dir='ltr'><strong>Synthesis.</strong></span> <span class='ocrx_word' id='word_1_384' title='bbox 1421 2337 1450 2368; x_wconf 90' lang='lat' dir='ltr'><strong>E</strong></span> <span class='ocrx_word' id='word_1_385' title='bbox 1478 2338 1615 2380; x_wconf 87' lang='lat' dir='ltr'><strong>conjec-</strong></span> 
     </span>
     <span class='ocr_line' id='line_1_64' title="bbox 913 2378 1615 2422; baseline 0.007 -13"><span class='ocrx_word' id='word_1_386' title='bbox 913 2383 986 2410; x_wconf 89' lang='lat' dir='ltr'><strong>tura</strong></span> <span class='ocrx_word' id='word_1_387' title='bbox 1004 2378 1200 2421; x_wconf 86' lang='lat' dir='ltr'><strong>Glandorpii</strong></span> <span class='ocrx_word' id='word_1_388' title='bbox 1223 2381 1361 2412; x_wconf 86' lang='lat' dir='ltr'><strong>dederat</strong></span> <span class='ocrx_word' id='word_1_389' title='bbox 1383 2379 1541 2422; x_wconf 88' lang='lat' dir='ltr'><strong>Scaliger.</strong></span> <span class='ocrx_word' id='word_1_390' title='bbox 1557 2382 1615 2414; x_wconf 85' lang='lat' dir='ltr'><strong>fir-</strong></span> 
     </span>
     <span class='ocr_line' id='line_1_65' title="bbox 912 2423 1447 2459; baseline 0.004 -6"><span class='ocrx_word' id='word_1_391' title='bbox 912 2423 1019 2459; x_wconf 66' lang='lat' dir='ltr'><strong>mavit</strong></span> <span class='ocrx_word' id='word_1_392' title='bbox 1034 2423 1189 2455; x_wconf 86' lang='lat' dir='ltr'><strong>Oudend.</strong></span> <span class='ocrx_word' id='word_1_393' title='bbox 1203 2435 1222 2455; x_wconf 91' lang='lat' dir='ltr'><strong>e</strong></span> <span class='ocrx_word' id='word_1_394' title='bbox 1237 2424 1336 2456; x_wconf 90' lang='lat' dir='ltr'><strong>codd.</strong></span> <span class='ocrx_word' id='word_1_395' title='bbox 1350 2424 1447 2456; x_wconf 88' lang='lat' dir='ltr'><strong>Leid.</strong></span> 
     </span>
    </p>

    <p class='ocr_par' dir='ltr' id='par_1_19' title="bbox 909 2467 1613 2814">
     <span class='ocr_line' id='line_1_66' title="bbox 961 2467 1613 2508; baseline 0.006 -10"><span class='ocrx_word' id='word_1_396' title='bbox 961 2468 1080 2498; x_wconf 80' lang='lat' dir='ltr'><strong>Gadis.</strong></span> <span class='ocrx_word' id='word_1_397' title='bbox 1122 2467 1204 2508; x_wconf 81' lang='lat' dir='ltr'><strong>Leg.</strong></span> <span class='ocrx_word' id='word_1_398' title='bbox 1226 2468 1386 2505; x_wconf 67' lang='lat' dir='ltr'><strong>Gadibm,</strong></span> <span class='ocrx_word' id='word_1_399' title='bbox 1408 2473 1443 2500; x_wconf 89' lang='lat' dir='ltr'><strong>ut</strong></span> <span class='ocrx_word' id='word_1_400' title='bbox 1460 2469 1520 2501; x_wconf 78' lang='lat' dir='ltr'><strong>alii</strong></span> <span class='ocrx_word' id='word_1_401' title='bbox 1537 2480 1613 2501; x_wconf 87' lang='lat' dir='ltr'><strong>mo-</strong></span> 
     </span>
     <span class='ocr_line' id='line_1_67' title="bbox 911 2510 1611 2554; baseline 0.006 -13"><span class='ocrx_word' id='word_1_402' title='bbox 911 2516 1067 2542; x_wconf 87' lang='lat' dir='ltr'><strong>nuerunt.</strong></span> <span class='ocrx_word' id='word_1_403' title='bbox 1112 2510 1234 2543; x_wconf 85' lang='lat' dir='ltr'><strong>Didius</strong></span> <span class='ocrx_word' id='word_1_404' title='bbox 1250 2511 1352 2544; x_wconf 86' lang='lat' dir='ltr'><strong>classi</strong></span> <span class='ocrx_word' id='word_1_405' title='bbox 1367 2511 1509 2544; x_wconf 79' lang='lat' dir='ltr'><strong>Caesaris</strong></span> <span class='ocrx_word' id='word_1_406' title='bbox 1524 2524 1611 2554; x_wconf 84' lang='lat' dir='ltr'><strong>prae-</strong></span> 
     </span>
     <span class='ocr_line' id='line_1_68' title="bbox 911 2553 1610 2594; baseline 0.006 -10"><span class='ocrx_word' id='word_1_407' title='bbox 911 2553 989 2585; x_wconf 78' lang='lat' dir='ltr'><strong>suit.</strong></span> <span class='ocrx_word' id='word_1_408' title='bbox 1007 2554 1052 2586; x_wconf 81' lang='lat' dir='ltr'><strong>cf.</strong></span> <span class='ocrx_word' id='word_1_409' title='bbox 1066 2565 1096 2585; x_wconf 89' lang='lat' dir='ltr'><strong>c.</strong></span> <span class='ocrx_word' id='word_1_410' title='bbox 1109 2556 1162 2586; x_wconf 87' lang='grc'><strong>40.</strong></span> <span class='ocrx_word' id='word_1_411' title='bbox 1178 2561 1212 2586; x_wconf 88' lang='lat' dir='ltr'><strong>et</strong></span> <span class='ocrx_word' id='word_1_412' title='bbox 1226 2555 1294 2587; x_wconf 90' lang='lat' dir='ltr'><strong>Dio</strong></span> <span class='ocrx_word' id='word_1_413' title='bbox 1306 2555 1403 2587; x_wconf 87' lang='lat' dir='ltr'><strong>Cass.</strong></span> <span class='ocrx_word' id='word_1_414' title='bbox 1416 2558 1469 2594; x_wconf 82' lang='lat'><strong>43,</strong></span> <span class='ocrx_word' id='word_1_415' title='bbox 1487 2559 1537 2588; x_wconf 89' lang='grc'><strong>18.</strong></span> <span class='ocrx_word' id='word_1_416' title='bbox 1555 2559 1610 2588; x_wconf 78' lang='lat'><strong>20.</strong></span> 
     </span>
     <span class='ocr_line' id='line_1_69' title="bbox 914 2597 1609 2641; baseline 0.003 -12"><span class='ocrx_word' id='word_1_417' title='bbox 914 2597 997 2636; x_wconf 80' lang='lat' dir='ltr'><strong>Quae</strong></span> <span class='ocrx_word' id='word_1_418' title='bbox 1027 2604 1222 2640; x_wconf 87' lang='lat' dir='ltr'><strong>sequuntur,</strong></span> <span class='ocrx_word' id='word_1_419' title='bbox 1251 2598 1285 2631; x_wconf 86' lang='lat' dir='ltr'><strong>in</strong></span> <span class='ocrx_word' id='word_1_420' title='bbox 1310 2601 1439 2641; x_wconf 78' lang='lat' dir='ltr'><strong>partim</strong></span> <span class='ocrx_word' id='word_1_421' title='bbox 1469 2605 1503 2630; x_wconf 85' lang='lat' dir='ltr'><strong>et</strong></span> <span class='ocrx_word' id='word_1_422' title='bbox 1531 2601 1609 2632; x_wconf 79' lang='lat' dir='ltr'><strong>item</strong></span> 
     </span>
     <span class='ocr_line' id='line_1_70' title="bbox 911 2642 1609 2683; baseline 0.003 -11"><span class='ocrx_word' id='word_1_423' title='bbox 911 2651 978 2673; x_wconf 88' lang='lat' dir='ltr'><strong>non</strong></span> <span class='ocrx_word' id='word_1_424' title='bbox 1002 2642 1156 2674; x_wconf 81' lang='lat' dir='ltr'><strong>videntur</strong></span> <span class='ocrx_word' id='word_1_425' title='bbox 1178 2642 1352 2683; x_wconf 82' lang='lat' dir='ltr'><strong>scripturae</strong></span> <span class='ocrx_word' id='word_1_426' title='bbox 1375 2642 1462 2674; x_wconf 88' lang='lat' dir='ltr'><strong>vitio</strong></span> <span class='ocrx_word' id='word_1_427' title='bbox 1483 2653 1609 2674; x_wconf 86' lang='lat' dir='ltr'><strong>carere.</strong></span> 
     </span>
     <span class='ocr_line' id='line_1_71' title="bbox 915 2685 1610 2727; baseline 0 -10"><span class='ocrx_word' id='word_1_428' title='bbox 915 2687 1130 2727; x_wconf 71' lang='lat' dir='ltr'><strong>Consequitur</strong></span> <span class='ocrx_word' id='word_1_429' title='bbox 1141 2697 1209 2718; x_wconf 85' lang='lat' dir='ltr'><strong>eos:</strong></span> <span class='ocrx_word' id='word_1_430' title='bbox 1232 2686 1344 2717; x_wconf 79' lang='lat' dir='ltr'><strong>forsan</strong></span> <span class='ocrx_word' id='word_1_431' title='bbox 1362 2696 1439 2722; x_wconf 76' lang='lat' dir='ltr'><strong>eas‚·</strong></span> <span class='ocrx_word' id='word_1_432' title='bbox 1461 2685 1533 2717; x_wconf 77' lang='lat' dir='ltr'><strong>scil.</strong></span> <span class='ocrx_word' id='word_1_433' title='bbox 1548 2696 1610 2717; x_wconf 86' lang='lat' dir='ltr'><strong>na-</strong></span> 
     </span>
     <span class='ocr_line' id='line_1_72' title="bbox 909 2729 1608 2771; baseline 0.003 -11"><span class='ocrx_word' id='word_1_434' title='bbox 909 2739 968 2760; x_wconf 85' lang='lat' dir='ltr'><strong>ves</strong></span> <span class='ocrx_word' id='word_1_435' title='bbox 995 2729 1161 2771; x_wconf 90' lang='lat' dir='ltr'><strong>Pompeii.</strong></span> <span class='ocrx_word' id='word_1_436' title='bbox 1184 2730 1234 2760; x_wconf 88' lang='lat' dir='ltr'><strong>M.</strong></span> <span class='ocrx_word' id='word_1_437' title='bbox 1279 2729 1348 2760; x_wconf 89' lang='lat' dir='ltr'><strong>Alii</strong></span> <span class='ocrx_word' id='word_1_438' title='bbox 1375 2731 1608 2771; x_wconf 79' lang='lat' dir='ltr'><strong>insequuntur.</strong></span> 
     </span>
     <span class='ocr_line' id='line_1_73' title="bbox 912 2771 1608 2814; baseline 0.001 -11"><span class='ocrx_word' id='word_1_439' title='bbox 912 2772 997 2814; x_wconf 87' lang='lat' dir='ltr'><strong>Cap.</strong></span> <span class='ocrx_word' id='word_1_440' title='bbox 1009 2775 1061 2804; x_wconf 86' lang='lat'><strong>39.</strong></span> <span class='ocrx_word' id='word_1_441' title='bbox 1075 2780 1109 2804; x_wconf 92' lang='lat' dir='ltr'><strong>et</strong></span> <span class='ocrx_word' id='word_1_442' title='bbox 1123 2775 1175 2805; x_wconf 87' lang='lat'><strong>40.</strong></span> <span class='ocrx_word' id='word_1_443' title='bbox 1191 2771 1315 2813; x_wconf 81' lang='lat' dir='ltr'><strong>legitur</strong></span> <span class='ocrx_word' id='word_1_444' title='bbox 1327 2771 1427 2803; x_wconf 88' lang='lat' dir='ltr'><strong>etiam</strong></span> <span class='ocrx_word' id='word_1_445' title='bbox 1449 2773 1608 2806; x_wconf 76' lang='lat' dir='ltr'><strong>Gadibus.</strong></span> 
     </span>
    </p>

    <p class='ocr_par' dir='ltr' id='par_1_20' title="bbox 909 2817 1610 2948">
     <span class='ocr_line' id='line_1_74' title="bbox 956 2817 1610 2858; baseline 0 -9"><span class='ocrx_word' id='word_1_446' title='bbox 956 2817 1126 2849; x_wconf 72' lang='lat' dir='ltr'><strong>peditatus</strong></span> <span class='ocrx_word' id='word_1_447' title='bbox 1148 2820 1179 2847; x_wconf 83' lang='lat' dir='ltr'><strong>et</strong></span> <span class='ocrx_word' id='word_1_448' title='bbox 1198 2817 1363 2858; x_wconf 72' lang='lat' dir='ltr'><strong>equitatus</strong></span> <span class='ocrx_word' id='word_1_449' title='bbox 1377 2833 1421 2839; x_wconf 96' lang='lat'>—</span> <span class='ocrx_word' id='word_1_450' title='bbox 1434 2818 1496 2848; x_wconf 77' lang='lat' dir='ltr'><strong>iter</strong></span> <span class='ocrx_word' id='word_1_451' title='bbox 1502 2817 1610 2858; x_wconf 76' lang='lat' dir='ltr'><strong>facie-</strong></span> 
     </span>
     <span class='ocr_line' id='line_1_75' title="bbox 909 2859 1610 2901; baseline 0.003 -9"><span class='ocrx_word' id='word_1_452' title='bbox 909 2860 1000 2892; x_wconf 83' lang='lat' dir='ltr'><strong>bant.</strong></span> <span class='ocrx_word' id='word_1_453' title='bbox 1045 2860 1099 2892; x_wconf 90' lang='lat' dir='ltr'><strong>Sic</strong></span> <span class='ocrx_word' id='word_1_454' title='bbox 1124 2860 1222 2891; x_wconf 90' lang='lat' dir='ltr'><strong>codd.</strong></span> <span class='ocrx_word' id='word_1_455' title='bbox 1272 2859 1381 2901; x_wconf 88' lang='lat' dir='ltr'><strong>Vulgo</strong></span> <span class='ocrx_word' id='word_1_456' title='bbox 1402 2860 1610 2901; x_wconf 72' lang='lat' dir='ltr'><strong>peditatt&#39;bus</strong></span> 
     </span>
     <span class='ocr_line' id='line_1_76' title="bbox 910 2903 1433 2948; baseline -0.002 -12"><span class='ocrx_word' id='word_1_457' title='bbox 910 2909 941 2938; x_wconf 83' lang='lat' dir='ltr'><strong>et</strong></span> <span class='ocrx_word' id='word_1_458' title='bbox 954 2904 1155 2948; x_wconf 67' lang='lat' dir='ltr'><strong>equitatibus</strong></span> <span class='ocrx_word' id='word_1_459' title='bbox 1168 2919 1212 2929; x_wconf 93' lang='lat'>—</span> <span class='ocrx_word' id='word_1_460' title='bbox 1225 2903 1433 2945; x_wconf 73' lang='lat' dir='ltr'><strong>iterfaciens.</strong></span> 
     </span>
    </p>
   </div>
  </div>
 </body>
</html>
