1946 3261
601 197 717 241 LIB.
752 196 812 240 ΙΙ.
848 196 1013 240 >CAR
1052 195 1234 238 11-13.
1573 191 1658 236 319

181 324 425 368 musculum
443 325 700 368 devolvunt.
765 325 907 368 Ictum
941 323 1119 366 firmitas
1148 321 1337 364 materiae
1357 318 1566 368 sustinet;
1597 327 1659 368 et,

180 383 397 441 quidquid
433 384 601 434 incidit,
633 384 806 442 fastigio
839 381 1023 426 musculi
1045 381 1249 423 elabitur.
1313 379 1364 422 Id
1391 377 1468 421 ubi
1490 377 1659 436 vident,

182 451 354 485 mutant
373 444 621 492 consilium3
654 460 802 502 cupas,
841 441 952 485 taeda
985 456 1036 482 ac
1064 439 1161 497 pice
1192 439 1388 487 refertas,
1424 435 1661 479 incendunt

181 517 339 559 easque
361 501 415 544 de
435 519 560 544 muro
582 503 626 544 in
646 501 882 544 musculum
902 498 1155 542 devolvunt.
1202 496 1414 538 Involutae
1431 496 1661 545 labuntur,

183 560 369 618 delapsae
381 561 438 603 ab
455 561 664 603 lateribus
682 560 892 618 longuriis
910 557 1128 614 furcisque
1145 555 1201 597 ab
1219 571 1350 612 opere
1366 562 1658 598 removentur.

184 618 364 661 Interim
383 619 464 661 sub
489 619 680 662 musculo
714 619 872 661 milites
890 616 1089 661 vectibus
1112 613 1256 656 infima
1283 629 1382 655 saxa
1413 614 1547 656 turris
1567 613 1660 657 hos-

182 677 309 726 tium,
332 677 491 733 quibus
513 677 797 720 fundamenta
831 675 1181 722 continebantur,
1211 671 1476 714 convellunt.
1540 673 1662 715 Mus-

182 735 307 777 culus
328 751 380 777 ex
401 736 516 778 turri
530 736 718 779 lateritia
735 753 759 778 a
773 736 926 778 nostris
940 735 1037 777 telis
1055 731 1367 788 tormentisque
1387 729 1660 773 defenditur:

181 794 323 837 hostes
343 811 396 836 ex
414 811 540 838 muro
569 812 618 837 ac
648 795 846 838 turribus
873 794 1211 837 submoventur:
1246 804 1331 832 non
1363 788 1494 830 datur
1525 788 1663 832 libera

181 853 294 895 muri
329 852 591 896 defendendi
623 854 818 896 facultas.
882 851 1194 910 Compluribus
1230 849 1318 907 jam
1353 847 1576 906 lapidibus
1611 865 1664 891 ex

182 928 249 961 ea,
282 928 380 969 quae
405 912 600 963 suberat,
640 913 753 956 turri
787 911 1026 960 subductis,
1058 908 1287 968 repentina
1307 907 1434 950 ruina
1456 922 1556 965 pars
1576 907 1665 966 ejus

184 971 318 1014 turris
338 970 544 1022 concidit,
566 988 666 1031 pars
687 972 851 1029 reliqua
872 984 1134 1027 consequens
1154 965 1487 1026 procumbebat.

248 1030 312 1072 12.
346 1030 461 1073 Tum
481 1030 640 1081 hostes,
663 1031 796 1074 turris
818 1030 1044 1088 repentina
1060 1027 1187 1070 ruina
1205 1025 1425 1074 commoti,
1443 1023 1665 1083 inopinato

182 1089 297 1132 malo
318 1089 502 1133 turbati.
549 1091 743 1134 Deorum
767 1089 830 1132 ira
851 1088 1053 1147 perculsi,
1093 1087 1212 1130 urbis
1229 1084 1477 1143 direptione
1498 1092 1663 1142 perter-

184 1147 276 1198 riti,
317 1149 495 1191 inermes
527 1165 625 1192 cum
664 1148 807 1191 infulis
838 1165 925 1190 sese
946 1156 1077 1206 porta
1113 1146 1225 1188 foras
1259 1143 1445 1186 universi
1474 1142 1663 1202 proripi-

185 1215 290 1256 unt;
321 1207 376 1250 ad
413 1207 599 1267 Legatos
629 1218 761 1266 atque
782 1207 1022 1250 exercitum
1042 1205 1258 1264 subplices
1294 1218 1442 1245 manus
1463 1201 1660 1245 tendunt.

189 1265 288 1314 Qua
308 1281 419 1309 nova
440 1283 487 1309 re
509 1268 673 1317 oblata,
697 1267 832 1310 omnis
851 1265 1166 1309 administratio
1186 1263 1290 1306 belli
1315 1261 1523 1311 consistit,
1555 1260 1665 1303 mili-

187 1332 357 1382 tesque,
390 1326 527 1368 aversi
550 1343 574 1368 a
595 1326 767 1385 proelio,
799 1325 852 1367 ad
881 1324 1071 1366 studium
1091 1322 1296 1366 audiendi
1317 1330 1362 1363 et
1382 1318 1664 1379 cognoscendi

185 1383 399 1426 feruntur·
464 1385 557 1428 Ubi
578 1384 718 1428 hostes
737 1384 792 1427 ad
813 1384 998 1441 Legatos
1016 1382 1338 1438 exercitumque
1357 1388 1664 1437 pervenerunt,

189 1443 375 1486 universi
395 1459 437 1485 se
458 1443 513 1486 ad
548 1444 679 1502 pedes
713 1442 976 1502 projiciunt;
1008 1449 1150 1490 orant,
1188 1447 1216 1465 ‘⁶
1241 1448 1292 1481 ut
1323 1438 1536 1481 adventus
1573 1437 1664 1481 Cae-

188 1507 218 1526 ‘⁶
241 1501 346 1544 saris
362 1510 658 1561 exspectetur:
693 1512 863 1561 captam
884 1517 1002 1543 suam
1029 1500 1185 1543 urbem
1212 1497 1367 1547 videri,
1397 1512 1532 1556 opera
1564 1512 1663 1555 per-

190 1567 219 1586 ‘⁶
244 1560 375 1610 fecta,
413 1569 579 1603 turrem
613 1562 871 1608 subrutam;
906 1560 1053 1617 itaque
1086 1575 1112 1600 a
1147 1557 1395 1600 defensione
1429 1556 1662 1598 desistere:

190 1626 219 1645 ‘⁶
243 1619 407 1661 nullam
429 1619 590 1663 exoriri
612 1636 775 1662 moram
794 1635 930 1678 posse,
952 1634 1040 1676 quo
1063 1617 1217 1667 minus,
1246 1631 1383 1673 quum
1401 1615 1600 1665 venisset,
1632 1615 1665 1657 si

187 1685 216 1704 ‘⁶
240 1677 454 1736 imperata
474 1694 559 1722 non
578 1679 786 1728 facerent,
819 1677 874 1720 ad
910 1686 1061 1719 nutum
1083 1693 1105 1718 e
1140 1673 1323 1733 vestigio
1354 1673 1665 1732 diriperentur.

189 1744 218 1763 ‘⁶
243 1737 433 1787 Docent‚
470 1738 502 1781 si
534 1739 707 1782 omnino
746 1737 880 1781 turris
918 1735 1187 1784 concidisset,
1228 1749 1312 1776 non
1351 1748 1471 1792 posse
1511 1732 1666 1775 milites

189 1804 218 1823 ⁶⁶
242 1796 470 1846 contineri,
506 1797 612 1854 quin
634 1816 652 1840 s
687 1814 709 1839 e
733 1796 888 1856 praedae
916 1796 957 1838 in
982 1796 1135 1838 urbem
1165 1795 1463 1850 inrumperent
1496 1792 1667 1836 urbem-

191 1862 221 1881 ‘⁶
244 1871 329 1913 que
356 1855 599 1899 delerent.”
709 1873 768 1899 {ee
798 1865 929 1913 atque
961 1854 1149 1912 ejusdem
1172 1852 1342 1912 generis
1359 1851 1599 1910 complura,
1617 1860 1668 1893 ut

189 1914 246 1958 ab
266 1914 509 1981 hominibus
536 1915 690 1965 doctis,
725 1931 879 1974 magna
901 1930 1000 1957 cum
1027 1911 1320 1957 misericordia
1357 1910 1548 1968 fletuque
1568 1926 1665 1969 pro-

187 1982 462 2017 nunciantur.

255 2033 320 2074 13.
356 2032 526 2082 Quibus
558 2033 689 2075 *ebus
719 2033 923 2076 commoti
953 2032 1108 2091 Legati
1125 2030 1282 2073 milites
1309 2046 1362 2072 ex
1379 2044 1510 2087 opere
1531 2027 1666 2070 dedu-

191 2100 314 2141 cunt,
330 2091 657 2150 obpugnatione
677 2091 908 2141 desistunt,
933 2092 1140 2150 operibus
1161 2088 1376 2132 custodias
1396 2088 1664 2144 relinquunt.

193 2149 472 2194 Induciarum
523 2150 712 2208 quodam
762 2167 919 2210 genere
960 2148 1252 2193 misericordia
1288 2150 1416 2198 factO,
1457 2147 1667 2190 adventus

241 2282 431 2321 Labuntur,
452 2284 492 2315 de
505 2282 652 2325 fastigio.
677 2283 726 2314 M.

248 2328 366 2360 Turris
379 2339 450 2370 rep.
462 2346 507 2351 —
518 2329 675 2369 perculsi.
722 2327 803 2358 Haec
821 2337 895 2359 om-

196 2370 252 2403 nia
285 2371 409 2404 absunt
439 2382 459 2403 a
484 2372 583 2404 codd.
628 2370 744 2413 Cujac.
777 2372 895 2402 Petav.

197 2415 340 2448 Norvic.
368 2415 467 2448 Leid.
490 2415 616 2458 primo,
645 2415 704 2456 qui
720 2420 771 2447 est
788 2416 895 2447 codex

197 2459 359 2501 optimus.
385 2458 484 2492 Voss.
499 2461 630 2492 Lovan.
645 2470 753 2501 neque
769 2466 895 2491 temere

198 2503 269 2536 fieri
287 2502 410 2546 potuit,
431 2510 466 2536 ut
489 2509 558 2536 tam
573 2505 681 2536 multa
697 2515 718 2536 a
742 2504 896 2546 pluribus

197 2548 439 2580 omitterentur.
484 2549 528 2580 Et
553 2554 603 2580 est
628 2548 757 2590 aliquid
785 2554 895 2580 tauto-

194 2593 294 2633 logiae
327 2592 359 2623 in
390 2591 456 2631 his,
480 2595 582 2624 ruina
610 2595 785 2634 repentina
808 2604 896 2624 com—

195 2640 288 2675 moti,
302 2641 336 2667 et
346 2638 517 2677 inopinato
529 2638 619 2668 malo
629 2637 762 2669 turbati.
782 2636 895 2668 Etiam

195 2682 378 2724 direptIone
396 2682 590 2721 portem-itus
605 2680 796 2712 necessario
818 2681 852 2712 h.
870 2682 895 2712 1.

194 2726 271 2764 erit,
286 2732 377 2756 metu
393 2723 598 2765 direptionis
615 2724 811 2756 inminentis
823 2736 897 2766 per-

196 2769 344 2802 territus.
398 2768 460 2799 Est
499 2767 603 2809 igitur
639 2768 817 2808 incertum,
852 2779 895 2801 an

196 2813 299 2846 verba
323 2813 407 2851 haec,
434 2818 468 2843 et
487 2811 627 2853 quidem
642 2812 756 2845 omnia
771 2823 812 2846 ac
828 2812 897 2846 sin-

194 2859 288 2901 gula,
302 2856 448 2890 Caesaris
459 2854 540 2889 sint.
561 2858 613 2890 M.

1012 2285 1096 2315 Cum
1112 2282 1238 2322 insulis.
1261 2281 1314 2314 Cf.
1330 2279 1441 2313 Tacit.
1455 2279 1546 2312 Hist.
1567 2280 1595 2318 l,
1614 2280 1667 2310 66.

963 2326 1041 2359 Liv.
1058 2329 1111 2364 30,
1127 2327 1179 2357 36.

1009 2373 1155 2412 Capsam
1170 2387 1214 2393 -—
1229 2369 1347 2401 rideri.
1378 2368 1432 2400 Sic
1449 2367 1574 2400 rectius
1587 2367 1664 2399 edd.

963 2420 1028 2447 vet.
1046 2414 1202 2458 Bentleio
1213 2413 1341 2456 judice.
1367 2414 1467 2455 Vulg.
1483 2413 1606 2444 videre.

1010 2461 1119 2502 Opera
1157 2457 1349 2499 (machinas
1388 2464 1421 2489 et
1457 2456 1664 2488 munitiones

962 2503 1148 2536 Caesariani
1164 2503 1350 2542 exercitus)
1364 2501 1518 2544 perfecta.
1542 2501 1592 2531 M.

1009 2550 1073 2590 Spe
1106 2547 1245 2590 proedae.
1304 2546 1412 2577 Codd.
1449 2545 1586 2586 quidam
1630 2555 1664 2576 se

957 2593 1099 2635 praeclae,
1126 2592 1214 2623 unde
1231 2591 1347 2622 Heins.
1375 2591 1417 2621 ad
1436 2589 1495 2620 Sil.
1521 2589 1593 2620 Ital.
1613 2591 1662 2620 12.

963 2639 1040 2668 438.
1066 2642 1100 2668 et
1124 2635 1212 2666 Oud.
1236 2635 1439 2666 arbitrantur
1457 2634 1522 2675 leg.
1550 2644 1584 2665 se
1606 2643 1663 2676 spe

959 2681 1096 2723 praellae.

1011 2725 1214 2756 Hominibus
1240 2724 1351 2760 doctis,
1377 2721 1543 2754 facundis.
1587 2722 1665 2756 Vos-

963 2772 1043 2801 sius.
1096 2769 1140 2800 Et
1169 2766 1288 2808 quidni
1319 2767 1433 2808 aliqua
1471 2766 1662 2798 Graecarum

964 2814 1139 2845 literarum
1151 2811 1336 2843 adsuetudo
1363 2812 1411 2850 (v.
1427 2811 1469 2843 ad
1490 2810 1590 2851 l‚29)
1603 2820 1664 2841 eos

963 2857 1129 2889 hactenus
1152 2866 1286 2896 quoque
1310 2855 1534 2898 expoliverit?
1588 2854 1665 2887 Cic.

966 2913 1028 2944 pro
1041 2901 1164 2934 Flacco
1179 2902 1232 2932 26.
1257 2899 1310 2932 M.
