1946 3261
207 187 298 234 424
449 191 507 233 Α.
542 187 746 233 HIRTII
779 187 863 232 DE
896 187 1102 233 BELLO
1134 189 1460 236 ALEXAND.

210 314 413 375 conquiri
442 322 488 358 et
517 314 786 357 frumentum
821 314 938 358 mitti
964 315 1213 375 auxiliaque
1240 314 1399 358 adduci
1427 314 1568 375 jubet.
1630 315 1699 362 In-

208 375 337 418 terim
373 373 633 417 munitiones
669 373 865 432 quotidie
898 375 1103 434 operibus
1137 383 1356 434 augentur
1391 383 1525 432 atque
1558 389 1702 421 omnes

209 432 362 492 oppidi
386 441 549 491 partes,
569 448 666 491 quae
687 433 828 476 minus
848 433 983 476 firmae
1004 450 1092 477 esse
1113 433 1385 484 viderentur,
1408 432 1699 479 testudinibus

207 500 343 549 atque
371 491 578 535 musculis
597 499 808 550 aptantur
826 507 836 534 :
881 508 935 535 ex
955 493 1143 537 aedificiis
1159 501 1306 536 autem
1327 508 1406 551 per
1427 492 1638 535 foramina
1657 493 1702 536 in

208 549 411 609 proxima
432 550 609 594 aedificia
635 550 789 594 arietes
817 552 1113 603 inmittuntur,
1146 560 1442 610 quantumque
1469 558 1547 594 aut
1566 551 1702 595 ruinis

207 608 428 667 dejicitur,
465 618 542 652 aut
578 625 658 668 per
687 610 776 652 vim
809 610 1021 669 recipitur
1052 611 1150 662 loci,
1175 612 1218 654 in
1245 618 1415 653 tantum
1443 610 1703 654 munitiones

209 667 516 726 proferuntur.
579 668 695 711 Nam
714 669 912 712 incendio
933 669 1024 713 fere
1046 679 1143 713 tuta
1167 678 1232 713 est
1266 669 1548 720 Alexandria,
1577 669 1698 727 quod

207 726 297 769 sine
317 726 642 785 contignatione
663 743 714 770 ac
735 729 917 771 materia
935 737 1036 772 sunt
1056 728 1236 773 aedificia
1256 737 1300 771 et
1318 728 1547 771 structuris
1566 737 1701 786 atque

207 785 445 829 fornicibus
475 787 751 829 continentur
781 795 987 846 tectaque
1017 797 1118 831 sunt
1148 788 1304 830 rudere
1327 796 1406 829 aut
1425 786 1698 845 pavimentis.

209 844 358 888 Caesar
394 845 575 888 maxime
614 845 835 896 studebat,
877 856 944 897 ut,
985 862 1117 904 quam
1153 845 1497 905 angustissimam
1531 854 1699 903 partem

208 903 364 961 oppidi
402 903 528 961 palus
560 920 586 946 a
616 905 795 948 meridie
830 905 1058 965 interjecta
1090 906 1321 955 efficiebat,
1358 904 1466 947 hanc
1494 904 1701 963 operibus

211 962 435 1020 vineisque
464 962 644 1021 agendis
672 964 729 1007 ab
761 965 930 1023 reliqua
959 974 1084 1023 parte
1114 965 1237 1008 urbis
1266 963 1547 1012 excluderet;
1589 963 1700 1006 illud

211 1028 428 1080 spectanS,
452 1022 654 1080 primum,
678 1030 745 1072 ut,
767 1040 904 1081 quum
923 1033 1033 1067 esset
1055 1024 1098 1066 in
1118 1023 1226 1066 duas
1250 1031 1397 1081 partes
1418 1023 1523 1065 urbs
1544 1021 1698 1072 divisa,

208 1080 320 1123 acies
342 1096 429 1123 uno
451 1081 628 1123 consilio
649 1089 782 1139 atque
802 1082 983 1141 imperio
1003 1083 1403 1131 administraretur;
1445 1081 1617 1130 deinde,
1649 1089 1701 1124 ut

207 1139 509 1182 laborantibus
530 1141 723 1183 succurri
745 1149 878 1199 atque
899 1157 953 1184 ex
981 1142 1118 1184 altera
1147 1141 1300 1200 oppidi
1332 1148 1460 1199 parte
1487 1140 1699 1182 auxilium

208 1198 312 1241 ferri
335 1206 502 1255 posset;
547 1198 590 1239 in
612 1198 762 1256 primis
780 1216 902 1250 vero,
934 1209 985 1242 ut
1008 1215 1122 1258 aqua
1144 1199 1399 1258 pabuloque
1420 1198 1665 1241 abundaret
1684 1213 1695 1240 :

208 1271 395 1314 quarum
416 1255 598 1299 alterius
626 1257 685 1299 rei
714 1259 881 1316 copiam
901 1259 1119 1317 exiguam,
1141 1258 1320 1301 alterius
1342 1257 1505 1299 nullam
1528 1257 1702 1301 omnino

209 1314 465 1358 facultatem
492 1314 712 1359 habebat:
761 1317 881 1374 quod
920 1326 1158 1374 utrumque
1191 1316 1316 1376 palus
1348 1315 1469 1374 large
1507 1315 1701 1374 praebere

249 1381 407 1416 oterat.

215 1390 246 1432 p
270 1432 313 1474 2.
350 1432 511 1489 Neque
532 1447 636 1475 vero
660 1431 961 1476 Alexandrinis
981 1433 1024 1476 in
1046 1431 1245 1491 gerendis
1270 1433 1454 1491 negotiis
1480 1432 1702 1478 cunctatio

211 1489 305 1533 ulla
333 1498 410 1533 aut
434 1507 557 1533 mora
584 1491 882 1534 inferebatur:
929 1508 1024 1535 nam
1049 1493 1091 1535 in
1117 1507 1263 1535 omnes
1292 1501 1456 1551 partes,
1484 1508 1563 1550 per
1593 1508 1701 1550 quas

208 1549 314 1592 fines
334 1549 537 1608 AEgyptii
559 1549 851 1608 Regnumque
873 1552 1078 1609 pertinet,
1104 1551 1271 1608 legatos
1302 1551 1702 1610 conquisitoresque

213 1608 399 1651 dilectus
435 1607 618 1651 habendi
654 1624 800 1651 caussa
831 1611 1050 1659 miserant,
1085 1626 1379 1669 magnumque
1409 1625 1636 1654 numerum
1659 1611 1701 1653 in

214 1667 431 1725 oppidum
464 1666 654 1708 telorum
686 1677 821 1725 atque
854 1677 1172 1711 tormentorum
1196 1678 1485 1711 convexerant
1511 1677 1556 1711 et
1578 1668 1700 1711 innu-

215 1724 469 1768 merabilem
496 1725 823 1768 multitudinem
856 1727 1144 1770 adduxerant.
1210 1727 1305 1770 Nec
1333 1727 1473 1769 minus
1510 1727 1552 1770 in
1590 1728 1702 1770 urbe

213 1783 409 1827 maximae
428 1799 649 1827 armorum
670 1794 793 1827 erant
816 1785 1025 1829 institutae
1047 1786 1238 1829 officinae.

213 1842 404 1901 puberes
442 1852 733 1893 armaverant,
781 1845 942 1901 quibus
981 1845 1144 1887 domini
1186 1844 1282 1887 locu
1320 1844 1494 1887 letiores
1534 1845 1700 1889 victum

211 1900 520 1959 quotidianum
556 1902 907 1961 stipendiumque
940 1904 1209 1963 praebebant.
1285 1861 1383 1946 i-lac
1419 1903 1698 1947 multitudine

995 2046 1091 2078 Hanc
1109 2055 1252 2077 massam
1271 2044 1441 2087 paviendo
1462 2046 1700 2086 consolidam3

995 2090 1041 2122 ita
1057 2091 1091 2121 fit
1107 2102 1125 2121 e
1141 2091 1256 2122 rudi-rc
1278 2090 1521 2131 pavimentum.
1568 2091 1619 2121 Ex
1635 2090 1698 2122 hac

262 2046 467 2077 Munitiones
506 2050 687 2087 auqentur,
734 2050 771 2075 ut
810 2055 921 2087 nuper

220 2095 375 2130 coeptum
390 2095 471 2120 emt.
487 2089 558 2120 vid.
576 2089 615 2120 B.
633 2088 674 2120 C.
693 2091 724 2125 3,
746 2091 818 2120 112.
843 2091 893 2120 M.

1303 1786 1462 1828 Servos
1492 1794 1702 1844 praeterea
1757 1806 1768 1818 ·

266 2135 448 2174 Aptantur,
471 2139 508 2164 ut
533 2132 581 2164 ibi
607 2143 680 2164 esse
702 2133 832 2174 possint
853 2144 925 2164 ma-

219 2177 345 2211 chinae,
373 2182 475 2217 utque
500 2177 662 2208 firmiores
683 2188 756 2208 csse
786 2178 926 2218 possint.

222 2223 272 2252 M.
319 2220 394 2251 Non
411 2231 490 2261 ergo
508 2232 593 2262 opus
609 2232 685 2252 cum
704 2221 820 2262 Lipsio
850 2223 924 2253 Pol.

222 2267 252 2303 l,
278 2267 311 2295 9.
333 2266 512 2296 emendare.
539 2268 743 2307 quatiuntur
766 2266 819 2297 vel
841 2266 924 2308 quid

220 2308 345 2341 simile.

267 2352 439 2391 lucendio,
465 2350 533 2383 i.c.
559 2351 590 2383 in
616 2351 771 2384 incendio
794 2355 848 2385 vel
879 2353 924 2385 ab

221 2395 392 2429 incendio.

265 2442 477 2481 Contiynatio
493 2450 534 2472 ac
550 2443 706 2479 viaceria,
720 2441 925 2483 contignata·

217 2485 343 2517 trabes.
368 2485 417 2515 M.

265 2531 451 2560 Scy-uotum
476 2534 506 2561 et
527 2529 687 2570 fornices,
712 2530 826 2560 structi
860 2531 925 2563 sor-

218 2572 327 2604 nices.
352 2572 402 2604 M.

265 2617 399 2648 Radere
422 2621 484 2648 aut
507 2616 577 2656 (an,
607 2617 683 2652 ew)
709 2618 922 2658 pavimentis,

218 2662 349 2699 rudere,
366 2661 458 2701 quod
473 2666 524 2691 est
544 2660 787 2703 pavimentum,
811 2671 829 2690 e
852 2672 920 2701 quo

217 2705 253 2735 iit
285 2704 531 2746 pavimentum.
600 2705 718 2736 Rudas
756 2703 921 2745 significat

217 2754 333 2786 tostas,
349 2748 498 2789 lapillos,
510 2747 683 2790 aliamque
694 2758 871 2780 arenosam
888 2755 921 2780 ct

214 2792 401 2832 glareosum
426 2792 602 2824 materiam
627 2792 815 2825 concisam.
839 2803 920 2824 con-

214 2841 337 2870 tusam.
365 2836 625 2874 comminutam,
661 2847 738 2878 quae
765 2836 857 2867 calce
886 2844 920 2868 et

211 2889 298 2922 aqua
337 2881 455 2913 adfusa
493 2879 651 2913 miscetur
690 2881 724 2914 in
761 2891 918 2913 massam.

993 2145 1076 2175 ergo
1091 2145 1201 2165 massa
1212 2134 1563 2166 consolidatafuerunt
1574 2133 1699 2166 aedium

993 2185 1093 2210 tecta.
1129 2179 1181 2210 Cf.
1199 2179 1240 2209 de
1259 2179 1299 2209 B.
1313 2179 1357 2209 H.
1376 2181 1408 2209 8.
1456 2179 1591 2210 Vitruv.
1618 2181 1648 2217 7,
1670 2181 1698 2210 1.

993 2222 1133 2254 Ceteros
1147 2224 1242 2254 locos
1250 2223 1418 2254 Gesnerus
1434 2221 1466 2254 in
1482 2223 1587 2254 Thes.
1604 2223 1641 2254 L.
1657 2222 1696 2254 L.

992 2266 1251 2309 diligentissime
1268 2266 1428 2308 conlegit.
1453 2268 1502 2298 M.
1548 2266 1602 2298 Cf.
1620 2267 1695 2298 Pal-

993 2312 1058 2342 lad.
1081 2314 1108 2345 l.
1127 2314 1157 2342 9.

1039 2357 1210 2396 Spvctnns.
1235 2354 1346 2395 Vulgo
1357 2363 1506 2395 sperans.
1522 2354 1586 2385 Sed
1597 2354 1696 2385 codd.

992 2405 1026 2429 et
1041 2400 1117 2430 edd.
1141 2405 1206 2430 vet.
1229 2405 1433 2440 exspectans.
1447 2398 1534 2429 unde
1550 2398 1691 2430 Ursinus

993 2443 1079 2474 bene
1094 2449 1257 2485 spectans,
1273 2448 1309 2473 ut
1325 2443 1364 2473 C.
1382 2446 1414 2479 3,
1431 2444 1485 2472 85.

1040 2489 1140 2519 Fines
1167 2487 1322 2528 AEqyptie'
1355 2487 1590 2527 Reymaemqm’,
1615 2486 1698 2518 fines

996 2531 1104 2569 Regni
1122 2531 1285 2572 rssgyptii.
1310 2531 1362 2562 M.
1409 2529 1478 2560 Alii
1497 2531 1651 2572 AEqypti.

1039 2577 1198 2607 Pertinet.
1228 2575 1320 2606 Bene
1335 2573 1395 2606 sic.
1420 2574 1467 2604 lta
1483 2579 1517 2604 et
1533 2573 1573 2605 G.
1590 2577 1622 2608 4.
1642 2575 1693 2605 ll.

991 2620 1089 2650 codd.
1105 2619 1241 2660 quidam
1251 2619 1392 2659 fecisset.
1408 2617 1467 2648 ubi
1482 2618 1691 2660 vulgofecis-

989 2669 1070 2694 smil.
1116 2662 1168 2693 Cf.
1186 2669 1255 2693 not.
1272 2664 1313 2693 ad
1330 2662 1368 2692 C.
1387 2664 1416 2699 l,
1432 2664 1462 2692 9.

1035 2708 1328 2738 Immmernbilem
1355 2705 1602 2736 multitudinem
1631 2704 1693 2735 ho-

988 2751 1130 2784 minum.
1162 2761 1220 2781 seu
1254 2750 1414 2782 militum.
1489 2749 1693 2781 Monuerunt

987 2794 1192 2826 ciacconius
1206 2800 1241 2826 et
1257 2793 1427 2825 Davisius.
1453 2794 1502 2824 M.

1034 2840 1112 2870 Hac
1137 2839 1354 2871 multitudine
1376 2847 1492 2869 recens
1514 2836 1691 2868 conlecta:

986 2883 1209 2926 obponuntur
1223 2881 1389 2916 veteranis
1403 2879 1614 2915 cohortibus.
1638 2881 1690 2914 M.
