1946 3261
157 255 240 300 670

166 383 347 423 Traiectus,
361 381 469 418 loeus,
480 377 571 410 unde
587 377 754 420 trajicitur
766 389 870 417 mare,

208 427 250 457 A.
269 427 310 456 56

167 470 414 501 Transcurrere
428 468 469 498 de
484 466 643 505 navibus,
657 466 698 498 C.
711 467 724 496 1
732 489 742 505 ,
755 468 796 496 58

169 512 368 552 Transferre
407 521 441 542 se
486 511 533 542 ad
565 512 673 542 alium
712 512 873 546 vestitum,

206 560 334 586 mutare
355 559 478 591 vestes,
498 554 552 586 Af.
569 554 610 584 57

169 598 377 637 Transjicere
400 599 529 629 milites‘
539 598 689 639 flumen,
720 595 872 627 transdu-

205 651 293 675 cere.
324 640 445 682 jubere
485 640 641 679 transire,
676 639 715 670 C.
758 643 787 677 1,
819 641 872 670 54.

207 686 324 723 55,83

169 729 411 765 Transmissus,
425 727 592 768 trajectus,
606 726 714 758 subst.
739 728 770 763 5,
783 727 816 761 2,
834 724 872 754 13

169 772 412 812 Τναηερονιαγε
426 773 609 803 exercitum
626 771 736 800 Rhen.
764 771 796 806 4,
814 769 852 798 16

170 814 414 846 Transcendm
430 815 563 851 vallem,
586 813 692 843 multa
706 820 784 842 cum
800 821 874 842 mo·-

207 858 304 889 lestia
318 857 363 888 ire
375 867 434 898 per
447 857 582 894 vallem,
598 855 637 886 C.
654 858 685 893 1,
701 857 742 886 68

170 901 349 939 Transtra,
375 901 484 932 trabes
508 899 663 938 confixae,
692 899 724 930 in
748 897 874 939 quibus

206 945 349 985 remiges
366 945 494 981 sedent,
513 946 545 982 3,
563 945 601 974 13

165 988 467 1020 Tranmrsastum
482 988 624 1029 tiquum,
638 991 874 1023 transversum,

204 1031 244 1063 C.
259 1035 292 1070 2,
309 1033 347 1062 15

166 1075 333 1107 Tribunus
346 1075 498 1111 cohortis,
514 1073 553 1104 C.
571 1076 602 1111 9,
618 1075 660 1104 20

168 1117 502 1157 Ίψπὴᾱα,0.3,96

166 1161 290 1193 Tm'er‘is
304 1163 413 1198 naz-is,
427 1160 552 1203 τριήρης,
579 1158 736 1196 triremis,
762 1158 816 1189 Af.
833 1160 873 1190 44

166 1203 275 1241 Tn‘ni,
291 1210 365 1241 tres,
385 1206 413 1240 1,
428 1205 470 1233 53

165 1247 372 1288 Triquetra-3,
397 1250 427 1284 5,
443 1248 482 1276 13

166 1290 390 1328 Trislimcmia,
412 1290 466 1320 Af.
485 1291 524 1320 10

169 1333 384 1366 Tumultuari
399 1343 486 1374 pass.
507 1335 539 1370 7,
557 1334 593 1363 61

167 1377 395 1409 Tumultuarii
415 1378 546 1414 milites,
576 1375 699 1416 raptim
723 1374 874 1413 collecti,

169 1464 289 1495 Turris
304 1465 405 1503 villae,
422 1463 474 1494 Af.
485 1465 539 1494 40.
562 1468 671 1495 turres
687 1463 719 1494 in
737 1473 773 1494 re
785 1461 876 1493 mili-

207 1507 285 1545 tari,
299 1517 386 1549 quas
402 1506 584 1547 descripsit
603 1505 781 1546 vegetius.
797 1509 828 1541 4,
845 1507 877 1535 7.

208 1556 366 1582 constant
401 1550 579 1589 trabibus3
621 1551 716 1590 plura
754 1551 879 1580 habent

210 1594 371 1632 tabulata,
387 1599 426 1625 ut
439 1599 597 1634 quatuor,
622 1595 653 1631 6,
670 1596 723 1623 29.
750 1593 781 1624 in
804 1592 879 1633 qui-

209 1637 272 1670 bus
287 1644 523 1679 oppugnantes
547 1637 595 1667 sic
613 1636 712 1667 divisi
731 1642 829 1673 stant,
844 1642 879 1667 ut

211 1681 244 1712 in
260 1691 395 1713 summo
413 1681 491 1719 sint,
513 1680 571 1721 qui
587 1680 655 1711 tela
672 1681 820 1717 mittunt,
844 1679 877 1710 in

210 1725 440 1763 inferioribus,
462 1724 520 1765 qui
546 1734 679 1755 murum
709 1724 878 1765 quatiunt,

210 1774 244 1799 et
259 1774 374 1809 ponte,
398 1768 458 1810 qui
474 1773 525 1798 est
543 1767 577 1798 in
599 1766 694 1805 turri,
710 1773 880 1799 transeunt

209 1811 245 1843 in
257 1822 392 1851 muros;
425 1811 600 1843 altissimae
612 1811 775 1842 interdum
793 1817 881 1848 sunt,

210 1861 247 1886 ut
274 1866 390 1888 muros
415 1859 596 1895 superent;
621 1855 793 1894 quadratae
818 1864 880 1894 po-

210 1899 291 1937 tius,
312 1909 415 1940 quam
432 1898 607 1936 rotundae;
631 1897 881 1929 constituuntur

211 1943 245 1974 in
260 1953 395 1984 aggere,
421 1948 459 1973 ut
483 1941 674 1982 promoveri
705 1941 834 1982 possint
849 1946 881 1970 et

210 1986 348 2018 altiores
363 1986 440 2024 sint,
466 1989 499 2023 2,
515 1987 569 2016 80.
597 1988 699 2016 turris
725 1985 883 2015 ambula-

212 2033 311 2068 toria,
334 2040 411 2071 quae
435 2029 518 2060 rotis
540 2027 703 2070 subjectis
718 2027 829 2058 eloco
849 2026 881 2057 in

214 2073 330 2105 locum
360 2073 564 2111 transfertur,
595 2083 620 2103 s.
654 2077 883 2112 promovetur,

215 2118 303 2148 A.2.
341 2116 493 2157 Exiguas
520 2115 636 2153 fuisse,
657 2126 746 2155 quae,
775 2119 806 2148 5.
830 2116 883 2145 40.

213 2165 533 2196 commemorantur,
549 2170 567 2190 e
583 2159 755 2190 celeritate
778 2157 885 2190 aedifl-

215 2203 314 2234 candi
327 2204 467 2244 adparet

179 2247 336 2278 Turritus
359 2247 570 2287 elephantus,
586 2244 638 2276 Af.
655 2246 696 2276 30

179 2290 301 2323 Τιιέανὶ
311 2292 473 2332 inopiam,
495 2288 541 2319 ab
558 2299 599 2319 ea
617 2293 706 2319 tutos
731 2294 887 2328 praestare

219 2333 388 2370 homines,
416 2332 456 2363 C.
487 2333 517 2370 1,
533 2335 587 2363 52.
626 2331 681 2362 Sic
713 2331 888 2372 defendere

223 2378 301 2412 tela,
314 2382 431 2408 aesmm
447 2375 506 2413 (ab
520 2373 651 2415 aliquo)

187 2508 326 2545 Vocare,
342 2508 422 2548 ayri
443 2509 566 2537 vacant
589 2505 711 2537 incolis
727 2510 760 2536 et
783 2504 889 2542 cultu,

223 2552 292 2590 4,3

188 2595 334 2633 Vacuus,
355 2593 451 2625 nullo
466 2598 562 2624 certo
590 2591 725 2633 negotio
741 2600 892 2632 occupa-

222 2643 288 2675 tus,
305 2639 345 2671 A.
360 2640 378 2667 2

190 2681 439 2718 Vadimonium,
455 2684 584 2712 tenetur
597 2679 799 2717 vadimonio,
823 2677 896 2719 qui,

226 2723 316 2755 datis
331 2724 492 2761 vadibus,
509 2722 541 2754 in
555 2721 686 2764 judicio
699 2731 895 2763 comparere

225 2766 412 2799 obstrictus
425 2772 486 2805 est,
503 2767 542 2797 Α.
558 2768 599 2798 49

188 2811 336 2848 Vadam,
377 2811 475 2843 locus
519 2809 630 2849 fluvii,
668 2808 726 2841 ubi
760 2807 894 2840 transiri

226 2859 352 2897 potest,
380 2855 409 2892 1,
425 2856 457 2886 6.
472 2853 516 2886 cf.
531 2864 561 2886 c.
577 2856 610 2886 8.
633 2853 720 2892 loca,
735 2862 802 2885 non
819 2851 898 2885 altis

788 244 989 296 ῙΝΒΕΧ
1041 260 1048 264 ·

985 377 1085 419 aquis
1101 375 1224 414 offusa,
1236 377 1269 415 3,
1290 377 1339 408 12.
1375 374 1474 407 Unde
1486 374 1648 407 vadosum

986 432 1092 460 ware,
1106 431 1171 452 non
1184 420 1398 460 profundum,
1411 419 1452 451 C.
1472 421 1499 456 1,
1519 421 1562 449 25

950 467 1071 503 Valles,
1089 468 1129 503 is,
1147 466 1179 501 7,
1195 466 1250 494 47.
1273 475 1307 496 v.
1333 463 1490 494 Oudend.
1506 463 1548 494 ad
1574 462 1608 493 h.
1625 461 1649 493 l.

985 510 1026 539 de
1043 509 1105 540 hac
1122 508 1229 539 forma
1245 506 1448 539 nominativi

951 553 1077 590 Vallus,
1108 553 1216 592 palus,
1261 554 1291 584 7.
1322 553 1375 582 73.
1406 550 1451 582 cf.
1488 550 1649 582 scindere.

989 595 1064 633 Sed,
1094 595 1133 626 C.
1167 597 1262 629 3.63.
1292 600 1337 633 et,
1366 594 1406 624 A.
1421 598 1452 624 2.
1475 595 1583 625 vallus
1599 598 1651 624 est

989 649 1049 680 pro
1068 646 1198 678 neutro,
1212 640 1354 675 vallum,
1369 637 1522 679 positum

951 683 979 713 V
977 687 1088 714 astare
1103 688 1229 715 tem-am
1243 683 1380 719 civibus,
1387 691 1513 722 pecore,
1529 690 1652 712 vacue-

987 726 1109 765 facere,
1125 729 1157 764 8,
1173 729 1228 758 24.
1255 726 1349 766 Virg.
1368 725 1445 756 AEn.
1472 727 1504 763 8,
1519 726 1550 755 8.
1577 732 1653 756 vas-

987 774 1060 801 tant
1074 771 1256 802 cultoribus
1272 779 1374 810 ayros

949 813 1133 853 Vectiqalis,
1143 823 1185 853 qu
1192 812 1361 855 i-vectigal
1370 811 1501 842 solvere
1513 815 1656 849 tenetur,

990 858 1020 895 3,
1037 858 1056 887 8

952 901 1065 937 Vectis,
1080 904 1213 937 contus,
1237 899 1280 930 ad
1296 899 1441 930 levanda
1457 902 1491 929 et
1518 906 1652 938 promo-

986 944 1095 974 venda
1121 953 1234 981 onera,
1257 944 1296 973 C.
1320 945 1353 980 2,
1372 944 1421 973 ll.
1448 943 1519 979 (ein
1546 940 1654 973 Hebe-

986 987 1102 1025 baum,
1123 997 1171 1018 un
1184 988 1302 1022 levier)

950 1031 1097 1061 Vectoria
1133 1033 1244 1069 naris,
1290 1028 1453 1060 oneribus
1492 1027 1656 1060 vehendis

986 1073 1163 1111 destinata,
1178 1078 1209 1111 5,
1227 1076 1258 1105 8.
1275 1074 1319 1104 cf.
1338 1073 1431 1104 Suet.
1449 1072 1520 1103 Jul.
1537 1074 1578 1103 63

952 1117 1108 1155 Verturae,
1125 1119 1278 1155 Fulzren,
1293 1117 1332 1148 C.
1351 1118 1383 1154 3,
1401 1118 1454 1154 32,
1472 1119 1513 1146 42

951 1161 1038 1191 Velle
1062 1162 1213 1202 aliquem
1239 1160 1381 1202 aliquid,
1406 1159 1450 1191 ab
1479 1170 1522 1190 eo
1538 1163 1655 1201 postu-

987 1203 1069 1241 lare,
1089 1205 1117 1242 1,
1133 1206 1174 1235 34

952 1247 1071 1278 Venire
1085 1250 1122 1279 in
1137 1259 1242 1289 spem,
1257 1246 1440 1287 concipere
1453 1256 1561 1287 spem,
1579 1247 1609 1284 3,
1624 1246 1656 1276 6.

986 1293 1098 1322 venire
1107 1293 1141 1321 in
1155 1293 1353 1327 (Tm-iatum,
1375 1292 1402 1328 l,
1419 1292 1457 1320 31

952 1334 1064 1364 rerem·
1094 1335 1204 1372 alicui,
1229 1333 1418 1365 sollicitum
1444 1343 1518 1366 esse
1540 1331 1657 1365 deali-

987 1388 1068 1418 quo,
1083 1387 1124 1408 ne
1139 1378 1299 1409 damnum
1317 1377 1443 1418 capiat,
1459 1381 1489 1415 5,
1505 1379 1525 1408 9

952 1421 1180 1461 P⁷m·9obre!²1.e,
1201 1423 1227 1459 1,
1248 1423 1285 1451 16

953 1465 1143 1496 Ver-nacula
1156 1466 1254 1506 leym,
1270 1474 1346 1505 quae
1374 1469 1509 1495 constat
1527 1461 1656 1503 indige-

991 1508 1055 1545 nis,
1071 1509 1110 1539 A.
1129 1510 1183 1545 53,
1200 1511 1254 1539 54.
1280 1509 1325 1538 11.
1343 1510 1385 1538 20

954 1552 1104 1590 Versare,
1127 1551 1272 1591 fortuna
1298 1561 1352 1582 eos
1379 1552 1425 1582 sic
1456 1553 1599 1582 versavit
1624 1551 1662 1581 in

990 1597 1184 1633 cer-comitto,
1216 1594 1341 1633 effecit,
1375 1600 1412 1625 ut
1449 1594 1554 1625 modo
1579 1593 1659 1630 hoc,

990 1640 1095 1669 modo
1127 1638 1210 1669 illud
1245 1637 1291 1670 iis
1317 1638 1498 1676 accideret,
1531 1642 1565 1667 ut
1602 1646 1661 1677 per

992 1682 1086 1714 vices
1102 1681 1234 1713 auxilio
1258 1687 1407 1723 egerent,
1433 1687 1467 1712 et
1494 1680 1660 1713 auxilium

991 1725 1124 1764 ferrent,
1141 1730 1172 1762 5,
1188 1727 1228 1756 44

957 1769 1087 1808 Versu&
1102 1768 1271 1810 oppidum
1288 1778 1402 1800 versus
1419 1774 1546 1810 petere,
1559 1767 1614 1799 Af.
1631 1767 1663 1795 7·

993 1814 1039 1844 ml
1057 1814 1204 1843 ins-ulam
1219 1822 1342 1848 versus,
1377 1812 1431 1843 Af.
1451 1814 1482 1843 8.
1511 1811 1558 1842 ad
1582 1810 1662 1840 Oce-

994 1865 1102 1886 anum
1119 1865 1247 1890 versus,
1266 1856 1296 1886 6.
1314 1856 1354 1885 82

958 1899 1091 1936 Verwn,
1105 1908 1250 1938 aequum,
1267 1900 1298 1929 4,
1315 1899 1335 1926 8

958 1943 1129 1974 sepulum,
1146 1945 1177 1973 5.
1195 1944 1247 1971 44.
1285 1939 1343 1970 Est
1357 1938 1577 1980 genusjaculi

959 1985 1139 2025 Veseiqium
1156 1985 1323 2025 temporis,
1351 1989 1513 2024 punctum
1534 1987 1666 2023 tempo-

996 2027 1054 2065 ris,
1071 2029 1102 2065 7,
1120 2031 1173 2058 95.
1196 2027 1235 2057 C.
1253 2029 1285 2065 9,
1300 2028 1354 2057 26.
1376 2025 1429 2057 Cf.
1446 2025 1523 2057 Cic.
1547 2026 1580 2057 in
1599 2025 1666 2059 Pis.

996 2081 1026 2101 c.
1045 2072 1077 2101 9.
1093 2082 1110 2101 e
1125 2072 1272 2111 vestiqio,
1299 2070 1425 2108 statim,
1439 2075 1475 2100 ut
1491 2071 1668 2112 erlemplm

998 2118 1030 2151 4,
1059 2119 1089 2146 5.
1115 2114 1155 2145 C.
1188 2118 1219 2151 9,
1251 2116 1300 2144 19.
1328 2114 1441 2145 eodem
1458 2115 1603 2155 vestigio,
1625 2112 1666 2144 C.

998 2161 1030 2191 2,
1046 2159 1064 2186 7

962 2203 1083 2232 J'esn're
1115 2201 1224 2232 trabes
1254 2211 1390 2242 ayqere,
1421 2199 1580 2241 obtegere
1605 2199 1668 2231 ob-

1001 2255 1096 2275 ruere
1111 2250 1209 2281 terra,
1227 2245 1259 2281 7,
1277 2246 1317 2274 ‘23

962 2289 1125 2321 Vos-illum
1140 2298 1327 2328 proponere
1353 2294 1431 2318 ante
1449 2287 1621 2329 proelium,
1636 2288 1670 2323 9,

1001 2333 1055 2362 20.
1074 2332 1119 2362 11.
1137 2333 1191 2361 ¹27.
1221 2337 1255 2361 et
1280 2333 1402 2361 rea-illo
1419 2333 1554 2371 siquam
1577 2331 1670 2367 dare,

1001 2375 1042 2405 C.
1059 2377 1155 2412 3‚89.
1172 2376 1214 2405 A.
1231 2377 1283 2406 45.
1312 2373 1485 2404 Vexillum
1496 2380 1545 2405 est
1556 2373 1669 2404 velum

1002 2418 1126 2456 minus,
1155 2417 1234 2456 tela,
1257 2417 1411 2454 linteum,
1437 2428 1456 2447 e
1479 2423 1581 2448 conto
1597 2427 1670 2447 sus-

1003 2471 1154 2503 pensum,
1182 2461 1283 2501 idque
1306 2460 1458 2497 rubrum,
1478 2461 1570 2501 quod
1593 2469 1671 2500 pro-

1002 2505 1142 2546 ponitur
1171 2504 1204 2535 in
1236 2504 1384 2536 tentorio
1418 2504 1542 2535 summi
1575 2502 1671 2534 ducis

1000 2548 1211 2588 (Praetorio),
1251 2554 1286 2578 ut
1325 2546 1475 2588 undique
1519 2546 1673 2588 conspici

1003 2592 1124 2632 possit.
1169 2591 1233 2622 Sed
1249 2597 1282 2622 et
1298 2591 1469 2632 praefertur
1491 2589 1673 2626 militibus,

1007 2635 1038 2666 in
1068 2635 1324 2675 expeditionem
1359 2633 1672 2675 proficiscentibus:

1009 2679 1096 2709 unde
1112 2679 1172 2709 sub
1188 2680 1307 2710 roscillo
1323 2680 1422 2715 mini,
1435 2679 1467 2715 6,
1480 2679 1522 2707 86

970 2723 1038 2754 l'ioe
1054 2727 1250 2757 castrorum,
1276 2720 1456 2752 intervalla
1485 2720 1570 2752 inter
1584 2719 1674 2752 ordi·

1007 2774 1066 2796 nes
1079 2763 1313 2802 tentoriorum,
1330 2768 1361 2801 5,
1377 2765 1417 2795 49

951 2845 956 2850 ,
972 2810 1097 2846 Viator,
1112 2808 1171 2849 qui
1189 2808 1222 2839 in
1236 2808 1356 2839 itinere
1370 2813 1432 2842 est,
1450 2811 1480 2846 5,
1498 2811 1517 2839 5

971 2853 1067 2884 Vicus
1081 2853 1182 2890 urbis,
1214 2861 1372 2882 numerus
1386 2856 1497 2883 certus
1509 2849 1674 2884 aediflcio·

1008 2905 1084 2929 rum
1097 2895 1298 2932 vicinorum,
1315 2894 1353 2926 C.
1371 2897 1397 2934 1,
1412 2895 1454 2926 27
