1946 3261
278 219 357 262 142

686 219 770 264 DE
803 217 1005 262 BELLO
1039 217 1331 263 GALLICO.

275 351 305 370 “
329 348 457 391 rebus
479 344 647 389 Divinis
679 345 909 395 intersunt,
942 344 1149 388 sacrificia
1181 346 1359 404 publica
1379 362 1428 390 ac
1449 346 1620 406 privata
1640 355 1740 406 pro-

277 410 305 428 “
329 413 497 453 curant,
535 404 763 462 religiones
799 404 1157 462 interpretantur.

1221 404 1290 448 Ad
1320 405 1395 448 hos
1426 422 1606 465 magnus
1641 407 1740 450 ado·

277 468 305 487 ‘⁶
329 463 579 506 lescentium
601 479 804 507 numerus
823 463 1059 521 disciplinae
1077 478 1223 505 caussa
1242 465 1478 514 concurrit,
1495 481 1741 524 magnoque

276 523 357 563 “ii
390 530 490 565 sunt
522 522 638 580 apud
670 539 740 565 eos
761 522 934 565 honore.

1000 521 1113 564 Nam
1147 522 1236 564 fere
1270 523 1322 565 de
1351 523 1549 567 omnibus
1569 533 1740 568 contro-

275 584 304 603 “
327 580 476 623 versiis
497 581 684 638 publicis
701 580 966 639 privatisque
987 581 1280 629 constituunt;
1311 591 1370 632 et,
1393 582 1425 624 si
1448 583 1567 641 quod
1587 592 1650 626 est
1668 583 1740 626 ad-

275 642 303 661 “
326 639 498 681 missum
520 639 697 689 facinus,
718 639 752 682 si
769 640 899 682 caedes
917 640 1044 688 facta,
1063 639 1098 681 si
1114 639 1166 681 de
1184 639 1445 691 haereditate,
1463 642 1498 684 si
1514 641 1566 684 de
1583 641 1740 685 finibus

276 701 304 720 “
328 699 621 741 controversia
650 706 729 748 est,
751 698 878 740 iidem
898 697 1159 747 decernunt;
1192 699 1368 756 praemia
1389 716 1622 759 poenasque
1641 716 1742 743 con·

275 760 305 779 ‘⁶
327 757 536 800 stituunt:
569 756 603 799 si
625 756 701 815 qui
723 766 799 799 aut
828 757 1022 815 privatus
1055 766 1131 800 aut
1166 757 1369 815 publicus
1397 774 1545 801 eorum
1565 759 1741 802 decreto

275 819 305 838 “
329 830 414 859 non
434 816 572 865 stetit,
593 815 809 858 sacrificiis
833 815 1111 858 interdicunt.
1177 816 1282 859 Haec
1304 832 1431 875 poena
1451 818 1568 875 apud
1588 834 1658 860 eos
1677 825 1742 860 est

275 878 305 897 “
329 874 588 932 gravissima.

654 874 823 923 Quibus
850 874 912 916 ita
935 883 998 917 est
1020 873 1315 925 interdictum,
1347 876 1377 917 1i
1406 891 1584 918 numero
1605 876 1742 934 inpio-

277 937 305 956 “
329 949 426 975 rum
445 949 494 975 ac
511 933 819 975 sceleratorum
836 932 1072 982 habentu1·;
1104 934 1154 976 iis
1171 950 1313 976 omnes
1329 934 1556 984 decedunt,
1575 934 1742 977 aditum

276 995 305 1015 “
329 1007 478 1034 eorum
498 1007 820 1049 sermonemque
840 991 1088 1049 defugiunt,
1122 1008 1173 1034 ne
1196 993 1302 1051 quid
1334 1010 1386 1035 ex
1406 994 1660 1051 contagione
1681 994 1742 1036 in-

276 1055 306 1073 “
329 1051 542 1093 commodi
580 1050 814 1109 accipiant:
868 1066 1006 1109 neque
1047 1051 1097 1093 iis
1138 1051 1384 1108 petentibus
1418 1052 1488 1109 jus
1529 1052 1741 1101 redditur,

275 1113 305 1133 ‘⁶
329 1125 468 1167 neque
504 1109 637 1152 honos
674 1109 788 1151 ullus
824 1110 1178 1153 communicatur.

1243 1110 1324 1152 His
1363 1120 1507 1153 autem
1544 1110 1743 1153 omnibus

276 1173 305 1192 ‘⁶
330 1167 574 1211 Druidibus
596 1176 751 1228 praeest
772 1184 897 1218 unus,
926 1169 1002 1226 qui
1023 1185 1229 1211 summam
1250 1169 1361 1211 inter
1394 1185 1465 1212 eos
1494 1167 1625 1211 habet
1643 1185 1742 1212 auc-

276 1232 305 1251 “
330 1226 566 1269 toritatem.
632 1226 730 1269 Hoc
750 1235 941 1276 mortuo,
972 1227 1003 1269 si
1040 1228 1115 1284 qui
1140 1244 1192 1269 ex
1211 1227 1390 1285 reliquis
1410 1227 1585 1269 excellit
1603 1227 1743 1283 digni-

275 1291 305 1310 “
328 1293 434 1334 tate,
455 1285 666 1328 succedit:
700 1294 760 1335 at,
784 1286 817 1327 si
839 1294 938 1327 sunt
960 1285 1108 1342 plures
1128 1301 1266 1343 pares,
1295 1285 1500 1343 suffragio
1523 1283 1743 1328 Druidum

276 1350 306 1369 ‘⁶
330 1343 567 1402 adlegitur,
586 1354 909 1401 nonnumquam
929 1344 1058 1386 etiam
1078 1343 1131 1386 de
1152 1344 1402 1402 principatu
1423 1343 1551 1386 armis
1570 1353 1741 1388 conten-

276 1488 373 1520 Elias
387 1487 550 1519 Schedius
567 1488 608 1519 de
623 1487 701 1519 Diis
715 1486 900 1523 Germanis,
916 1487 974 1519 ad-

275 1532 424 1574 diditque
463 1533 576 1573 plures
613 1533 761 1569 Jarkius,
798 1531 974 1563 Schediani

274 1576 354 1608 libri
400 1576 517 1608 editor.
576 1575 859 1618 Copiosissimum
896 1586 974 1606 vero

275 1621 463 1661 catalogum
479 1619 630 1651 omnium
646 1621 687 1650 de
706 1620 767 1650 hac
784 1629 816 1649 re
832 1618 975 1660 scripto-

275 1675 349 1696 rum
365 1663 512 1695 confecit
540 1663 594 1694 Jo.
611 1663 731 1701 Georg.
745 1662 844 1693 Frick
866 1663 899 1694 in
917 1674 976 1703 pe-

276 1708 398 1739 culiari
424 1707 512 1738 libro
539 1707 579 1737 de
608 1706 763 1744 Druidis,
783 1705 841 1747 qui
865 1707 975 1738 Ulmae

281 1754 363 1782 1744
377 1750 515 1792 prodiit.
551 1752 614 1782 Sed
626 1755 659 1782 et
669 1751 742 1792 jure
755 1750 978 1781 nominandus

276 1801 325 1826 est
343 1796 492 1826 Ritterus
517 1795 548 1826 in
571 1795 714 1825 historia
737 1795 910 1826 Gallorum
927 1794 978 1835 (p.

277 1840 370 1878 267),
394 1839 454 1880 qui
476 1840 516 1870 de
538 1838 725 1870 Dmidibus
745 1837 890 1869 breviter
905 1839 978 1879 qui-

278 1884 366 1918 dem.
391 1883 447 1914 sed
465 1888 534 1914 tam
558 1889 711 1914 accurate
729 1888 762 1913 et
778 1879 907 1913 utiliter
921 1893 978 1913 ex-

278 1928 404 1968 posuit,
419 1932 455 1957 ut
467 1925 630 1964 dubitem,
641 1937 683 1957 an
698 1926 730 1956 in
744 1926 804 1957 illa
816 1926 977 1957 brevitate

277 1971 384 2012 major
400 1970 503 2011 possit
521 1970 695 2011 diligentia
710 1970 980 2011 intelligi.—No-

277 2025 355 2046 men
387 2014 563 2051 Druidum,
594 2014 666 2045 sive
697 2020 805 2045 ortum
831 2014 929 2045 fuerit
959 2025 978 2045 e

276 2058 379 2090 verbo
405 2059 630 2099 Derwyaelzlmz,
653 2059 807 2089 dominus
822 2069 976 2099 quercus-5

279 2102 351 2133 sive
369 2113 386 2132 e
402 2102 503 2132 verbo
524 2104 686 2138 Drntliin,
714 2104 858 2139 Drottin,
874 2103 980 2134 zlomi-

278 2156 362 2184 mts;
387 2145 467 2176 illud
484 2151 593 2176 tamen
611 2150 739 2176 constat
763 2152 794 2176 et
812 2151 861 2177 est
877 2146 979 2177 hodie

280 2190 481 2226 consectum,
505 2198 624 2219 nomen
648 2189 712 2220 hoc
730 2199 835 2230 neque
851 2200 893 2221 ex
912 2190 981 2220 He-

280 2232 396 2264 braico
426 2233 581 2271 «laram-h,
616 2232 711 2273 quasi
748 2233 883 2264 Druidae
915 2234 982 2265 sint

280 2282 478 2308 scrutatores
507 2276 590 2315 (vid.
615 2276 797 2307 Schedium
823 2280 856 2315 2,
883 2279 913 2308 3.
946 2289 980 2318 p.

281 2321 372 2360 377),
395 2330 503 2361 neque
525 2330 565 2350 ex
582 2320 699 2351 Graeco
723 2319 795 2363 δρῦς,
816 2331 921 2362 neque
938 2332 980 2353 ex

280 2365 350 2396 ulla
393 2363 568 2406 peregrina
607 2363 722 2405 lingua
764 2364 979 2396 derivandum

281 2419 372 2440 esse:
396 2413 447 2439 est
468 2407 559 2438 enim
583 2407 803 2438 domesticum
823 2409 979 2449 verbum3

281 2458 318 2483 ut
334 2452 464 2484 Celtica
479 2451 593 2492 lingua
609 2451 746 2483 omnino
764 2462 829 2482 non
846 2463 885 2484 ex
903 2453 979 2485 aliis

283 2496 408 2537 linguis
422 2496 597 2537 repetenda
611 2501 672 2526 est.
691 2497 739 2526 M.
772 2495 979 2536 Conjecturis

281 2541 367 2571 addo
384 2540 582 2582 opinionem
606 2538 804 2570 amicissimi
827 2539 909 2570 olim
931 2541 978 2572 La

283 2584 375 2617 Tour
390 2586 600 2625 d’Auvergne
613 2584 646 2615 in
663 2595 719 2625 op.
732 2584 910 2624 aliquoties
925 2585 980 2616 cit.

285 2638 318 2669 p.
339 2631 411 2661 157.
437 2629 497 2660 ubi
521 2629 651 2660 derivat
677 2639 697 2659 a
723 2627 808 2659 Celt.
830 2629 981 2668 derit-yd-

285 2673 368 2712 dyn,
391 2674 480 2715 quod
496 2678 589 2704 notat
605 2675 713 2704 cirum
729 2674 808 2703 visci
823 2675 983 2712 quer-cini.

286 2716 366 2748 Scil.
381 2719 451 2755 der,
465 2727 620 2758 quercus,
635 2717 749 2758 wydd,
761 2715 884 2747 viscus.
900 2716 982 2757 dyn,

282 2761 360 2799 den,
379 2761 440 2793 vir.

334 2805 504 2837 Inter-sunt
540 2806 635 2837 rebus
672 2807 817 2843 Divinis,
850 2813 916 2834 non
949 2810 984 2835 ut

287 2848 390 2878 ceteri
402 2849 503 2883 Galli,
517 2850 572 2880 sed
585 2849 641 2887 ita,
653 2849 703 2888 (id
717 2849 805 2880 enim
822 2847 984 2888 sequitur)

288 2896 325 2922 ut
340 2897 373 2922 et
390 2892 525 2932 publiea
540 2899 572 2924 et
590 2893 719 2934 privata
736 2892 901 2924 sacrificia
919 2891 985 2932 ipsi

288 2935 423 2966 Druidae
444 2936 683 2968 administrent.
730 2936 808 2969 Sunt
833 2946 912 2978 ergo
935 2945 986 2968 sa-

286 2980 440 3012 cerdotes
455 2979 639 3012 Gallorum.
663 2981 712 3012 M.

1092 1488 1273 1529 Reliffl'ones
1299 1490 1571 1530 interpretantur,
1601 1488 1642 1519 de
1670 1487 1742 1520 Deo

1042 1531 1180 1573 ejusque
1196 1532 1329 1564 colendi
1346 1533 1460 1570 modo,
1475 1533 1515 1562 de
1530 1532 1642 1562 causis
1658 1537 1692 1563 et
1707 1532 1740 1564 vi

1041 1576 1177 1614 rituum,
1196 1578 1239 1607 de
1255 1576 1438 1614 ominibus,
1460 1576 1568 1616 deque
1583 1575 1743 1606 omnibus

1043 1619 1218 1661 religionis
1235 1619 1388 1661 partibus
1401 1625 1584 1660 exponunt,
1600 1625 1740 1660 suntque

1041 1664 1128 1694 addo
1145 1664 1320 1695 Gallorum
1337 1662 1501 1703 theologi.
1518 1664 1566 1693 M.

1091 1709 1260 1748 Namsore
1277 1709 1317 1739 de
1331 1717 1417 1739 omn.
1434 1712 1576 1738 controv.
1590 1709 1743 1738 —inler-

1043 1751 1165 1783 ‹Iit-nnc.
1211 1752 1262 1782 Ex
1287 1751 1339 1783 his
1358 1752 1434 1792 jure
1448 1750 1616 1781 conclusit
1636 1750 1745 1782 Ritte-

1043 1805 1097 1825 rus
1121 1795 1212 1833 (hist.
1236 1796 1322 1826 Gall.
1350 1806 1382 1836 p.
1404 1795 1495 1833 973),
1525 1794 1553 1825 si
1577 1794 1742 1825 Druidum

1043 1843 1132 1870 tanta
1164 1845 1310 1880 potestas
1338 1838 1449 1875 suerit,
1485 1837 1624 1879 exiguas
1661 1849 1743 1879 opes

1042 1882 1146 1914 fuisse
1177 1894 1382 1914 summorum
1413 1881 1534 1913 Galliae
1571 1882 1745 1923 magistra-

1044 1931 1152 1965 tuum,
1167 1928 1295 1968 hosque
1307 1937 1371 1958 non
1388 1925 1452 1958 nisi
1469 1926 1502 1957 in
1515 1925 1614 1957 bellis
1625 1931 1742 1957 aucto-

1014 1992 1017 1995 r
1041 1969 1138 2001 ritate
1154 1972 1329 2013 polluisse.
1352 1972 1401 2002 M.

1091 2016 1126 2045 Si
1139 2017 1178 2047 ‹Ie
1186 2017 1324 2056 finibus.
1338 2015 1402 2046 hoc
1415 2016 1444 2045 .ςί
1456 2013 1557 2055 vulgo
1568 2013 1744 2045 omittitur.

1091 2059 1200 2090 Iidem
1229 2061 1418 2091 dommum.
1456 2057 1516 2088 alii
1543 2058 1746 2090 discernunt.

1043 2101 1156 2134 minus
1172 2103 1269 2135 bene.

1091 2149 1127 2178 Si
1142 2150 1211 2188 qui.
1235 2147 1319 2178 bene
1339 2147 1399 2178 sic.
1415 2147 1461 2178 al.
1476 2147 1505 2177 si
1519 2147 1602 2187 ques.

1091 2192 1257 2223 Publicus.
1303 2191 1337 2222 Si
1367 2192 1437 2222 haec
1463 2189 1563 2221 lectio
1584 2199 1660 2220 vera
1683 2194 1746 2227 est,

1044 2233 1125 2272 (non
1159 2235 1256 2276 pauci
1286 2245 1363 2266 vero
1400 2234 1492 2272 libri,
1529 2233 1668 2264 fortasse
1703 2243 1746 2264 ex

1045 2278 1288 2317 emendatione,
1313 2278 1440 2310 habent
1460 2275 1615 2318 popualus)
1641 2276 1748 2318 signi-

1046 2322 1136 2361 ficat,
1155 2328 1191 2353 ut
1205 2332 1321 2353 omnes
1335 2323 1460 2359 vident,
1483 2330 1572 2357 eum,
1595 2319 1655 2360 qui
1671 2330 1743 2351 mu-

1045 2375 1122 2397 nere
1154 2367 1293 2408 publico
1317 2365 1484 2406 fungitur;
1518 2364 1574 2394 sed
1599 2363 1669 2395 haec
1697 2369 1746 2395 est

1047 2409 1225 2449 rarissima,
1250 2416 1282 2441 et
1307 2410 1363 2441 vix
1387 2408 1473 2439 alibi
1497 2407 1599 2439 obvia
1619 2407 1746 2448 signifi-

1047 2453 1150 2492 catio,
1172 2464 1246 2495 quae
1273 2455 1305 2485 h.
1319 2453 1341 2484 l.
1361 2462 1426 2483 non
1443 2452 1508 2483 nisi
1528 2461 1569 2483 ex
1585 2451 1745 2492 opposito

1046 2498 1150 2529 verbo
1179 2497 1339 2537 cognosci
1366 2501 1487 2537 potest.
1511 2496 1561 2526 M.
1606 2494 1747 2528 1.C.H.'

1046 2541 1147 2582 legit:
1169 2543 1196 2573 si
1212 2544 1270 2582 qm'
1285 2547 1344 2573 aut
1363 2542 1517 2580 privatim
1535 2543 1596 2570 aut
1608 2539 1747 2579 publice.

1094 2586 1140 2616 Iis
1156 2595 1268 2617 omnes
1280 2586 1453 2617 decedunt.
1467 2583 1511 2615 al.
1525 2583 1566 2614 ab
1580 2584 1620 2613 iis
1635 2592 1746 2613 omnes

1045 2629 1226 2660 discedunt.

1094 2674 1129 2703 Si
1145 2675 1213 2714 qui.
1229 2673 1274 2703 al.
1290 2675 1319 2703 si
1332 2674 1415 2713 quis.

1095 2718 1148 2754 At,
1170 2718 1208 2747 si.
1233 2717 1277 2747 al.
1303 2722 1361 2748 aut
1381 2719 1420 2747 si.
1450 2714 1511 2747 ubi
1536 2714 1625 2745 Oud.
1653 2718 1748 2754 putat

1049 2761 1134 2792 forte.
1149 2761 1326 2801 legendum
1341 2765 1400 2792 aut
1412 2759 1568 2796 succedit,
1580 2762 1638 2789 aut
1651 2759 1689 2788 si.

1097 2804 1284 2843 Adleqimr.
1330 2803 1414 2834 Cum
1436 2803 1588 2842 adleqere
1610 2800 1745 2841 proprie

1051 2848 1103 2885 sit,
1118 2847 1263 2888 aliquem
1292 2857 1351 2888 per
1367 2846 1523 2887 suffragia
1541 2845 1661 2877 addere
1677 2844 1745 2875 col-

1052 2891 1140 2932 legio
1169 2891 1212 2929 ei,
1244 2891 1276 2921 in
1302 2901 1369 2932 quo
1400 2891 1543 2921 nondum
1566 2888 1685 2926 fuerat,
1711 2893 1749 2918 ut

1052 2935 1223 2975 legitimus
1238 2934 1442 2975 collegarum
1456 2942 1612 2965 numerus
1626 2932 1683 2964 fiat
1699 2930 1750 2963 in·

1051 2984 1144 3020 teger
1169 2979 1217 3017 (ν.
1243 2978 1373 3012 Ernesti
1397 2977 1491 3010 Clau.
1513 2976 1659 3017 Cicer.);
1683 2976 1746 3010 hoe
