1946 3261
374 359 466 433 G.
530 356 890 433 JULII
967 355 1561 438 GAESARIS

669 524 1252 582 COMMENTARII

519 669 632 719 DE
676 667 971 717 BELLO
1015 667 1435 720 GALLICO.

699 920 887 966 LIBER
922 921 1260 966 SEPTIMUS.

804 1074 1154 1104 ARGUMENTUM.

232 1129 390 1161 BELLUM
408 1129 913 1174 Vnaerucnromcrs—Cap.
932 1133 960 1162 1.
984 1131 1084 1163 Nova
1101 1131 1247 1163 consilia
1260 1129 1436 1162 Gallorum
1453 1130 1494 1161 de
1512 1129 1616 1163 bello.
1640 1134 1672 1165 9.
1689 1131 1722 1162 3.

275 1173 411 1212 Bellum
425 1185 446 1206 a
462 1174 667 1208 Carnutibus
685 1181 889 1217 susceptum.
930 1180 961 1214 4,
980 1180 1010 1207 5.
1027 1177 1072 1208 ab
1086 1177 1260 1214 Arvernis,
1275 1180 1413 1207 auctore
1432 1174 1722 1217 Vercingetorige.

278 1220 309 1248 6.
341 1218 573 1251 Periculosum
603 1219 666 1251 iter
690 1219 832 1252 Caesaris
865 1220 908 1252 ad
941 1220 1141 1252 exercitum.
1190 1223 1221 1258 7,
1248 1223 1278 1252 8.
1304 1218 1446 1251 Arverni
1471 1219 1642 1261 obpressi.
1687 1222 1722 1251 9.

277 1261 442 1302 Gergovia
460 1263 505 1295 ab
523 1263 802 1305 Vercingetorige
818 1264 1025 1306 obpugnata.
1078 1267 1125 1296 lO.
1144 1265 1210 1296 Iter
1231 1263 1375 1295 Caesaris
1389 1265 1432 1295 ad
1448 1263 1623 1295 ferendum
1637 1274 1721 1296 aux-

280 1305 388 1337 ilium.
431 1309 465 1338 11
485 1324 530 1331 —-
549 1309 599 1339 13.
618 1308 927 1346 Vellaunodunum,
944 1309 1133 1345 Genabum,
1152 1308 1396 1339 Noviodunum
1411 1318 1431 1340 a
1446 1308 1579 1339 Caesare
1606 1313 1721 1348 capta.

281 1349 345 1382 iter
370 1351 413 1381 ad
439 1351 636 1384 Avaricum.
687 1354 736 1390 14,
764 1354 813 1382 15.
839 1351 1032 1394 Biturigum
1056 1352 1185 1394 oppida
1212 1357 1331 1393 praeter
1359 1352 1544 1384 Avaricum
1567 1363 1588 1383 a
1611 1351 1720 1383 Gallis

280 1393 432 1426 incensa.
469 1397 520 1435 16,
541 1398 590 1427 17.
613 1395 730 1438 Inopia
750 1396 984 1428 Romanorum
1001 1397 1042 1428 ad
1060 1396 1249 1428 Avaricum.
1278 1398 1315 1427 18
1329 1413 1374 1418 -
1388 1398 1443 1426 21.
1461 1395 1719 1437 Vercingetorix

277 1438 483 1480 proditionis
513 1439 739 1478 insimulatus,
770 1440 961 1472 absolutus.
1009 1445 1062 1472 2²2.
1087 1441 1262 1472 Gallorum
1292 1439 1325 1470 in
1353 1439 1562 1471 defendendo
1587 1438 1720 1481 oppido

278 1482 437 1514 studium.
493 1487 546 1516 23.
571 1484 661 1515 Muri
688 1484 827 1516 Gallici.
888 1488 943 1521 94,
968 1488 1022 1516 25.
1058 1487 1146 1526 Aget
1175 1485 1351 1515 Romanus
1381 1483 1549 1515 incensus.
1583 1483 1719 1525 emptio

277 1527 453 1559 Gallorum
468 1538 633 1569 repressa.
678 1531 733 1559 26.
758 1527 948 1560 Consilium
964 1529 1142 1560 Gallorum
1168 1529 1259 1559 clam
1285 1527 1500 1569 profugiendi
1523 1539 1566 1559 ex
1589 1527 1718 1569 oppido

276 1571 426 1602 clamore
453 1572 615 1604 muliebri
645 1571 845 1613 inpeditum.
892 1575 1016 1610 27‚28.
1041 1572 1225 1604 Avaricum
1252 1578 1502 1613 expugnatum.
1548 1573 1589 1602 29
1606 1589 1649 1594 —
1666 1574 1720 1603 31.

277 1615 413 1646 Bellum
445 1616 492 1647 ab
526 1615 803 1657 Vercingetorige
843 1612 1112 1648 continuatum.¹
1144 1619 1197 1654 32,
1224 1617 1277 1647 33.
1316 1615 1431 1647 Motus
1469 1613 1503 1646 in
1543 1614 1664 1647 AEduis
1700 1626 1721 1647 a

277 1656 411 1691 Caesare
449 1660 646 1702 compositi.
716 1663 768 1697 34,
794 1662 847 1692 35.
885 1661 1064 1692 Exercitus
1106 1661 1281 1692 Romanus
1316 1665 1411 1691 trans
1447 1659 1629 1691 Elaverem
1661 1669 1722 1689 ex-

280 1703 427 1744 positus.
466 1715 542 1745 pars
586 1704 767 1746 copiarum
806 1704 839 1736 in
877 1705 1028 1736 Senones
1065 1710 1099 1736 et
1137 1703 1288 1736 Parisios
1327 1703 1442 1735 missa.
1510 1706 1563 1735 36.
1602 1703 1722 1735 Castra

277 1747 421 1780 Caesaris
451 1749 494 1780 ad
521 1748 736 1790 Gergoviam.
791 1750 890 1780 37-
908 1752 959 1781 40.
985 1749 1090 1780 Novae
1122 1749 1229 1780 turbae
1270 1748 1303 1779 in
1339 1747 1474 1786 AEduis,
1517 1747 1720 1780 auctoribus

277 1790 553 1824 Convictolitane
584 1798 617 1824 et
646 1792 817 1824 Litavico.
847 1792 1031 1825 Litavicus.
1062 1792 1122 1834 qui
1153 1791 1358 1830 subsidium,
1381 1792 1424 1822 ad
1448 1791 1568 1823 AEduis
1592 1791 1719 1823 Caesari

277 1836 432 1875 missum,
457 1836 713 1875 sollicitaverat,
736 1838 930 1878 obpressus.
977 1839 1032 1869 41.
1057 1837 1290 1868 Romanorum
1306 1841 1417 1867 castra
1435 1835 1568 1867 interim
1585 1835 1721 1877 obpug-

279 1885 367 1912 nata.
394 1891 481 1922 segre
511 1882 662 1912 defensa.
707 1885 761 1921 42,
779 1884 831 1912 43.
859 1882 1048 1912 AEdUOI'um
1072 1881 1229 1912 defectio.
1276 1883 1316 1912 44
1333 1880 1447 1910 -51.
1480 1880 1619 1920 Inpetus
1649 1880 1720 1911 Ro-

280 1935 454 1956 manorum
492 1925 525 1957 in
550 1925 770 1966 Gergoviam.
813 1925 939 1956 clades.
998 1929 1050 1955 52.
1076 1929 1129 1956 53.
1163 1925 1284 1956 Oratio
1322 1922 1463 1954 Caesaris
1497 1924 1540 1954 ad
1578 1923 1720 1955 milites.

281 1968 434 2000 obsessio
451 1968 630 2010 Gergovioe
647 1969 767 2000 soluta.
801 1970 841 1999 54
858 1984 902 1991 -·-
919 1970 973 1999 56.
998 1969 1130 2000 Bellum
1146 1969 1189 2000 ab
1207 1967 1327 2000 AEduis
1343 1972 1537 2007 susceptum
1553 1967 1721 1999 exercitus

281 2012 426 2044 Caesaris
442 2023 501 2054 per
514 2012 662 2054 Ligerim
680 2013 902 2044 transductus.
949 2015 991 2043 57
1007 2030 1048 2035 -
1065 2015 1118 2044 62.
1141 2012 1285 2044 Labieni
1301 2022 1354 2042 res
1368 2010 1514 2042 feliciter
1531 2010 1564 2042 in
1578 2010 1721 2044 Parisiis

284 2062 401 2097 gestae.
447 2059 500 2095 63,
518 2059 570 2088 64.
597 2056 855 2097 Vercingetorix
879 2057 982 2088 totius
1006 2057 1127 2088 Galliae
1154 2057 1354 2097 imperator.
1403 2057 1455 2086 65.
1478 2054 1623 2087 Caesaris
1640 2066 1722 2088 cura

280 2102 323 2132 ad
339 2111 456 2132 omnes
470 2111 582 2133 casus.
628 2102 681 2139 66,
700 2103 752 2132 67.
778 2100 1039 2143 Vercingetorix
1057 2101 1202 2142 equestri
1223 2099 1344 2142 proelio
1361 2106 1548 2140 superatus.
1595 2102 1648 2139 68,
1667 2102 1719 2132 69.

282 2144 419 2184 Alesiae,
450 2144 482 2176 in
511 2155 613 2186 quam
643 2144 916 2187 Vercingetorix,
945 2146 1035 2177 facto
1069 2144 1204 2186 proelio,
1235 2154 1270 2175 se
1297 2143 1500 2182 contulerat,
1523 2144 1723 2184 descriptio.

284 2191 338 2221 70.
362 2189 459 2220 Nova
475 2190 587 2221 clades
602 2188 780 2221 Gallorum
796 2189 961 2230 equitatui
978 2189 1101 2221 virtute
1118 2189 1360 2221 Germanorum
1375 2187 1495 2219 inlata.
1534 2189 1589 2219 71.
1615 2188 1724 2230 Equi-

283 2239 371 2264 tatus
384 2244 404 2265 a
423 2233 701 2275 Vercingetorige
719 2233 891 2265 dimissus.
907 2233 1019 2265 omnis
1034 2232 1143 2265 Gallia
1158 2234 1201 2264 ad
1217 2232 1347 2264 bellum
1361 2239 1518 2264 evocata.
1551 2234 1592 2263 72
1606 2249 1652 2256 ·-
1668 2235 1723 2264 74.

284 2276 426 2309 Caesaxfis
451 2278 661 2309 munitiones
687 2282 803 2309 contra
827 2278 1019 2319 oppidanos
1044 2283 1079 2308 et
1103 2277 1219 2309 hostes
1243 2276 1440 2308 exteriores.
1486 2278 1542 2314 75,
1557 2278 1611 2307 76.
1635 2277 1724 2309 Sub-

284 2321 409 2353 sidium
422 2322 599 2354 Gallorum
616 2327 864 2363 comparatum.
912 2324 965 2360 77,
983 2324 1036 2353 78.
1062 2321 1180 2363 Inopia
1194 2321 1370 2355 Gallorum
1383 2320 1517 2353 Alesiae.
1530 2320 1724 2362 Critognati

284 2365 406 2398 oratio.
422 2365 607 2398 Mandubii
624 2377 666 2398 ex
687 2366 815 2408 oppido
836 2366 983 2407 expulsi.
1030 2368 1086 2405 79,
1106 2369 1159 2398 80.
1183 2365 1381 2398 Subsidium
1397 2375 1417 2396 a
1431 2364 1597 2396 Romanis
1610 2366 1724 2406 repul-

284 2420 370 2440 sum.
416 2412 471 2449 81,
487 2413 542 2442 82.
567 2411 686 2443 Castra
704 2411 859 2442 Romana
875 2416 1016 2452 utraque
1041 2421 1081 2442 ex
1108 2415 1205 2452 parte
1230 2410 1438 2451 obpugnata.
1484 2409 1574 2441 Galli
1596 2418 1723 2450 magno

286 2453 488 2486 detrimento
518 2454 615 2487 victi.
660 2457 834 2486 83—88.
866 2454 963 2486 Nova
987 2454 1133 2486 consilia
1163 2455 1355 2487 Gallorum.
1384 2453 1521 2495 inpetus
1551 2452 1585 2484 in
1613 2459 1724 2484 castra

287 2498 443 2530 Romana
472 2509 515 2530 ex
543 2500 646 2537 colle,
673 2499 734 2540 qui
763 2504 814 2531 est
843 2500 888 2531 ad
916 2499 1187 2541 septemtriones.
1212 2498 1351 2540 eruptio
1382 2508 1424 2529 ex
1455 2496 1600 2539 oppid0.
1651 2497 1722 2528 Ro-

284 2553 461 2619 ilrlialporum
482 2543 594 2576 labor.
608 2541 765 2576 victoria.
810 2546 866 2583 89,
882 2545 937 2575 90.
960 2542 1100 2575 Deditio
1115 2543 1252 2586 oppidi.
1270 2543 1471 2581 AEduorum,
1487 2544 1725 2573 Arvernorum.

316 2598 325 2618 1
353 2596 444 2618 erna.

245 2652 512 2729 QUIETA
535 2661 698 2713 Gallia,
720 2663 882 2714 Caesar,
902 2670 953 2707 ut
970 2663 1273 2712 constituerat,
1294 2661 1338 2705 in
1357 2659 1606 2727 Italiam-ad
1627 2675 1728 2707 con-

242 2731 397 2769 ventus
417 2721 605 2781 agendos
624 2721 928 2781 proficiscitur.
992 2722 1062 2767 Ibi
1090 2722 1310 2782 cognoscit
1336 2720 1392 2764 de
1414 2719 1563 2764 Clodu
1581 2719 1697 2764 caede
1715 2735 1727 2763 :

289 2845 344 2877 De
364 2843 473 2877 clodia·
496 2843 601 2892 coede.
646 2843 721 2877 Cic.
748 2855 810 2887 pro
833 2844 958 2878 Milon.
1016 2845 1122 2879 tiores
1136 2844 1290 2893 adjecere
1313 2851 1522 2885 praenomen,
1544 2844 1641 2887 quod
1661 2853 1730 2878 nou

243 2899 321 2932 cap.
338 2890 371 2926 9,
391 2891 442 2921 10.
488 2890 626 2930 Appian
651 2890 693 2920 de
719 2890 806 2922 Bell.
828 2889 908 2922 Civ.
925 2894 958 2929 2,
1017 2896 1069 2924 est
1080 2897 1321 2925 necessarium.

249 2934 301 2965 14.
347 2932 416 2966 Dio
436 2933 534 2967 Cass.
562 2934 618 2972 40,
644 2935 698 2968 48.
724 2934 776 2968 M.
824 2935 959 2970 Recen-
