1946 3261
752 172 1180 218 LATINITATIS.

207 295 402 329 Attributus.
447 297 500 333 Cf.
520 299 672 342 Proefecte'
687 310 763 343 equ.

148 355 151 357 ,
207 340 354 379 Auctior,
377 343 460 380 1,43

207 384 328 415 Auctor
355 387 466 425 caeclis,
495 387 593 428 cujus
623 398 734 427 suasu,
764 387 911 426 hortatu,

249 436 366 467 Opera,
379 431 501 462 caedcs
505 431 552 469 fit,
566 435 597 469 5,
614 435 667 462 25.

204 470 403 511 Auctoritas,
425 474 618 506 cohortatio
645 474 728 515 ejus,
753 474 811 515 qui
833 484 909 514 per-

246 515 377 554 suadet,
396 519 423 553 l,
439 520 470 549 3.
486 518 691 558 exemplum,
708 520 739 555 3,
756 520 776 548 8

205 557 389 599 Aue-upari,
423 567 621 602 exspectare
653 567 686 593 et
715 560 909 598 observare,

247 600 353 633 donec
371 603 439 642 fiat,
456 605 510 635 At.
525 607 568 635 58

201 644 385 684 Audacter,
401 647 472 678 sine
487 653 591 685 metu,
611 647 639 685 1,
657 650 696 679 18

202 687 350 726 Antheia,
366 700 489 729 sermo,
501 700 630 727 rumor,
645 694 677 728 4,
694 695 724 722 5.
751 691 783 728 7,
801 693 840 720 42

200 731 355 770 Averna,
379 733 525 774 fugiens,
551 735 650 772 1,26.
674 738 707 773 2,
722 735 776 764 26.
801 735 911 765 aversi

243 775 479 815 vulneramur,
494 787 514 808 a
530 783 640 818 tergo,
656 779 696 809 A.
710 779 751 808 30

201 818 359 850 Avertere
392 821 526 861 flumen
554 821 666 862 fossos,
719 821 758 853 C.
795 823 823 858 1,
854 822 908 851 61.

244 867 394 895 avertere
423 867 485 896 iter
522 865 567 896 ab
599 866 700 903 hoste,
730 875 811 896 eum
843 874 909 896 non

243 904 373 938 diutius
388 907 535 949 insequi,
556 910 585 946 l,
601 910 656 938 23.
680 913 832 940 avertere
846 911 911 939 iter

243 949 288 979 ab
303 950 385 989 loco,
407 953 609 984 contendere
624 951 800 990 aliorsum,
822 954 850 991 l,
871 954 908 983 16

202 993 427 1034 Auoeiliariws,
445 999 476 1034 8,
495 999 513 1026 5

201 1035 378 1069 Auxilium
405 1040 564 1072 hortandi
593 1040 692 1079 deest,
722 1041 817 1071 deest
847 1039 910 1070 ali-

166 1086 170 1089 *
241 1078 337 1120 quid,
359 1083 451 1122 quod
466 1065 694 1115 cohortationi
709 1084 781 1114 vim
796 1084 909 1122 addat,

242 1132 319 1154 eam
334 1125 508 1158 efficacem
525 1127 654 1166 reddat,
672 1130 711 1160 A.
731 1129 770 1158 10

199 1166 282 1198 Axis
296 1168 349 1200 vel
364 1172 460 1209 assis,
475 1170 515 1203 C.
531 1175 563 1210 2,
578 1173 597 1202 9

202 1298 346 1338 Bausta,
369 1301 527 1333 machina
544 1300 682 1340 bellica,
705 1311 773 1343 qua
795 1300 910 1332 trabes

243 1348 276 1374 et
303 1353 444 1383 asseres,
472 1352 505 1377 et
530 1345 677 1386 lapides,
702 1345 910 1386 omninoque

242 1386 310 1418 tela
327 1388 490 1429 maxima,
514 1399 646 1420 summa
662 1389 694 1420 vi
722 1388 909 1420 mittuntur.

244 1429 365 1471 Veget.
381 1433 424 1463 de
441 1443 476 1464 re
494 1432 567 1463 mil.
584 1436 616 1470 4,
633 1436 687 1464 22.
718 1431 758 1464 C.
775 1436 807 1470 2,
822 1435 854 1462 2.
872 1438 908 1462 ut

241 1472 324 1505 Tac.
347 1477 389 1507 A.
407 1479 439 1515 2,
467 1479 520 1508 20.
548 1476 660 1508 missae
687 1487 706 1508 e
734 1475 909 1507 tormentis

243 1515 358 1549 hastae.
382 1520 426 1551 II.
448 1522 485 1550 13

200 1561 361 1602 Bas-ilica,
394 1563 573 1604 publicum
596 1563 789 1601 aedificium,
814 1572 909 1603 mag-

241 1604 340 1636 nifice
373 1613 590 1646 exstructum,
623 1606 806 1648 praesertim
849 1616 908 1637 cc·-

242 1648 368 1680 lumnis
385 1662 410 1682 s.
432 1650 622 1692 porticibus
639 1655 848 1686 exornatum,
873 1650 907 1680 in

240 1702 323 1766 auo,
348 1700 468 1734 praeter
481 1695 562 1733 alia,
581 1693 714 1735 judicia
731 1693 908 1731 habentur,

199 1778 304 1854 Beflffe,
328 1783 442 1813 minus
470 1782 551 1814 belle
574 1783 681 1819 hahet,
707 1782 750 1813 de
766 1788 906 1821 aegroto,

281 1846 289 1853 .
306 1825 347 1854 32

197 1865 334 1898 Bellum
349 1879 460 1909 aqere,
477 1871 507 1909 3,
523 1872 577 1900 28.
601 1868 865 1910 bellumsacere,
876 1870 906 1905 3,

163 1950 169 1955 '
197 1953 289 1986 Bene
312 1966 468 1997 maqmtz,
490 1957 535 1987 11.
559 1959 586 1993 1,
601 1959 633 1988 4.
658 1962 691 1987 et
714 1954 905 1996 saepissime

242 1996 276 2027 in
293 1998 358 2029 hoc
374 1999 463 2030 libro

196 2040 399 2081 Benefiwat
388 2054 410 2073 ιι
453 2045 586 2090 fallite-3,
629 2042 688 2083 qui
734 2041 902 2073 beneficio

241 2084 337 2116 ducis
352 2085 565 2118 vacationem
579 2096 599 2117 a
615 2086 751 2117 duriore
768 2084 902 2116 militire

240 2128 358 2160 labore
374 2129 510 2167 habent,
524 2130 563 2160 C.
585 2133 613 2167 1,
630 2131 682 2161 75.
701 2132 730 2167 3,
741 2132 795 2160 88.
842 2129 903 2159 Est

239 2182 321 2214 ergo
365 2183 472 2215 genus
516 2173 723 2205 honestioris
759 2172 903 2204 militiae.

242 2215 406 2256 vegetius
428 2218 470 2247 de
494 2227 529 2248 re
558 2228 602 2248 m.
627 2220 659 2254 2,
675 2219 706 2247 7.
739 2226 816 2247 cum
840 2226 902 2247 eos

239 2260 381 2291 dixisset
394 2260 471 2291 inde
485 2261 687 2301 :nipe—natos,
697 2261 788 2300 quod
803 2260 903 2291 bene-

240 2303 320 2334 flcio
367 2304 580 2335 tribunorum
627 2309 903 2345 proriioverentur

239 2348 297 2386 (ad
309 2347 469 2379 altiorem
484 2348 624 2385 locum).
635 2347 731 2378 refert
742 2358 802 2378 eos
819 2347 904 2378 inter

240 2391 378 2428 milites,
398 2393 456 2432 qui
487 2391 676 2432 privilegiis
701 2391 825 2422 muniri
846 2402 902 2422 so-

240 2434 320 2465 lent.
352 2435 406 2465 Cf.
424 2435 516 2475 Lips.
531 2436 573 2466 de
590 2435 691 2466 milit.
708 2435 810 2465 Rom.
827 2439 857 2473 5,
871 2437 903 2465 6.

240 2478 428 2509 Guischard
445 2478 630 2511 Memoires
644 2478 720 2510 crit.
735 2484 768 2509 et
785 2479 900 2510 histor.

238 2522 281 2552 T.
298 2526 329 2553 2.
346 2532 380 2563 p.
401 2523 459 2553 190

197 2566 357 2600 Berones.
371 2567 412 2597 A.
425 2568 480 2597 53.
517 2567 580 2597 Sed
595 2565 698 2597 lectio
715 2565 822 2597 dubia
838 2571 900 2597 est.

196 2609 370 2650 Bipetlalis
383 2611 484 2648 trabs,
498 2611 530 2648 4,
546 2612 582 2641 17

196 2653 339 2684 Bonitas
353 2663 529 2694 aqroru-m,
548 2656 576 2692 1,
591 2656 634 2685 28

195 2696 344 2735 Bonam,
359 2697 431 2735 dos,
448 2698 489 2728 A.
510 2700 546 2729 12

198 2741 384 2772 Brachium
404 2748 454 2772 est
467 2751 571 2782 genus
587 2739 801 2779 munitionis,
821 2750 853 2771 v.
870 2750 902 2771 c.

239 2784 382 2825 aggeris,
395 2785 556 2824 fossaesut
568 2784 750 2826 plurimum
763 2783 902 2825 reliquae

241 2828 425 2863 munitioni
449 2829 718 2872 superadditum,
747 2828 794 2860 ita
822 2837 903 2860 con-

1615 173 1694 214 [541

1015 301 1158 342 jungens
1177 300 1263 330 duos
1280 298 1389 338 locos,
1411 304 1447 331 ut
1461 298 1506 331 ab
1522 308 1591 331 uno
1610 309 1687 340 pro-

1019 349 1129 375 currat
1154 344 1371 375 transversim
1394 345 1438 375 ad
1459 344 1614 382 alterum,
1641 344 1684 373 A.

1019 389 1074 416 30.
1113 387 1169 418 Af.
1184 390 1240 417 38.
1263 387 1339 428 (qui
1356 388 1452 419 locus
1475 387 1615 418 omnino
1630 386 1683 417 vi-

1019 430 1163 466 dendus)
1190 433 1243 461 49.
1261 433 1314 461 51.
1362 432 1407 462 H.
1422 435 1454 469 5,
1473 433 1504 468 6,
1524 433 1574 462 13.
1620 430 1683 461 Di-

1019 471 1109 503 citur
1124 473 1301 504 brachium
1315 475 1403 506 ιΖιιεὶ.
1417 485 1452 505 ν.
1466 474 1606 516 Lipsius
1616 475 1686 504 Po·-

1018 515 1118 546 liorc.
1143 519 1222 553 2,2.
1258 517 1516 549 Drakenborch.
1540 519 1582 548 ad
1606 517 1684 549 Liv.

1019 562 1074 597 22,
1092 563 1130 589 52

978 604 1142 642 Brevitas,
1157 612 1259 643 parva
1269 604 1422 645 corporis
1436 610 1572 643 statura,
1586 608 1618 643 2,
1631 607 1685 636 30.

1020 647 1072 678 Ex
1098 646 1163 677 hoc
1186 646 1265 677 loco
1289 648 1431 679 verbum
1458 649 1597 689 repetiit
1618 648 1686 680 Ve-

1020 689 1131 732 getius
1145 690 1187 720 de
1204 700 1231 721 r.
1246 700 1291 722 m.
1313 693 1340 728 l,
1358 694 1370 721 1

976 819 1088 859 Cadit,
1101 820 1237 860 accidit,
1250 820 1376 859 evenit,
1390 822 1433 852 A.
1453 824 1487 854 11

977 864 1110 896 c'aeeum
1125 866 1265 902 vallum,
1279 865 1379 896 sudes
1393 870 1428 896 et
1444 864 1591 906 stipites,
1603 870 1684 897 ante

1019 907 1146 938 fossam
1175 907 1289 945 defixi,
1313 908 1486 950 iidemque
1513 915 1599 940 terra
1623 909 1689 940 ob-

1015 950 1110 991 jecti,
1125 961 1167 982 ne
1184 950 1277 981 cerni
1295 952 1436 991 possint.
1458 953 1497 984 C.
1519 955 1547 990 1,
1563 954 1616 983 28.
1640 953 1685 984 cf.

1021 1005 1053 1025 c.
1069 996 1123 1025 27.
1141 1004 1248 1026 coecus
1261 996 1368 1032 stilus,
1382 997 1548 1033 occultus,
1562 996 1614 1026 Af.
1631 999 1688 1027 31.

1021 1039 1113 1080 Ergo
1141 1038 1175 1069 in
1198 1037 1323 1070 talibus
1350 1049 1475 1070 caecam
1503 1044 1564 1074 est,
1592 1041 1685 1079 quod

1021 1081 1114 1113 cei-ni
1132 1092 1200 1113 non
1217 1087 1342 1122 potest,
1355 1082 1597 1123 metonymice.

980 1127 1146 1157 Caelatum
1160 1135 1252 1168 opus,
1273 1126 1318 1156 H.
1336 1128 1391 1156 25.
1414 1131 1548 1158 constat
1570 1125 1687 1167 figuris

1022 1169 1177 1209 sculptis,
1205 1179 1282 1209 quae
1312 1169 1417 1200 alicui
1449 1168 1510 1207 rei,
1542 1174 1577 1199 ut
1610 1169 1686 1200 h.1.

1022 1218 1130 1251 scuto,
1155 1212 1326 1253 illigantur
1348 1224 1374 1244 s.
1391 1211 1580 1252 affiguntur.
1626 1212 1689 1243 Est

1022 1267 1102 1288 vero
1117 1255 1220 1286 etiam
1233 1255 1374 1287 omnino
1385 1267 1485 1297 opus,
1498 1256 1589 1297 quod
1603 1255 1689 1297 figu-

1021 1310 1075 1331 ras
1092 1300 1280 1340 insculptas
1296 1299 1410 1330 habet.

981 1345 1154 1376 Caeruleus
1165 1344 1262 1381 color,
1277 1345 1308 1380 5,
1328 1344 1366 1374 14

981 1389 1136 1425 Calones,
1161 1387 1190 1424 6,
1207 1388 1259 1417 36.
1287 1386 1456 1425 dicuntur,
1475 1397 1506 1419 c.
1524 1388 1578 1418 37.
1600 1397 1689 1418 mer-

1022 1435 1159 1462 calores.
1175 1430 1219 1460 cf.
1235 1429 1274 1460 C.
1296 1432 1322 1468 1,
1337 1433 1377 1461 52

980 1475 1246 1522 Caperelocum,
1272 1477 1304 1511 5,
1319 1476 1350 1504 8.
1374 1479 1408 1504 et
1420 1479 1569 1515 portum,
1587 1477 1618 1512 4,
1634 1475 1687 1506 36.

1022 1518 1054 1548 in
1072 1528 1152 1548 eum
1168 1517 1292 1548 venire.
1341 1516 1405 1547 Sed
1426 1528 1544 1568 capere
1566 1518 1688 1555 locum,

1023 1564 1052 1599 3,
1074 1564 1127 1593 23.
1158 1560 1296 1601 eligere.
1327 1566 1456 1602 ceperat
1485 1563 1685 1602 opinionem.

1021 1610 1202 1637 consecuta
1228 1611 1311 1642 erat,
1339 1606 1370 1642 8,
1386 1607 1418 1635 8.
1445 1614 1564 1646 capere
1588 1605 1686 1636 dam-

1021 1659 1106 1680 num
1119 1649 1160 1680 de
1178 1659 1212 1678 re
1226 1650 1359 1689 aliqua,
1375 1650 1405 1686 8,
1423 1649 1464 1679 30

982 1692 1126 1733 Caprea,
1142 1693 1173 1729 6,
1188 1694 1228 1721 27

981 1737 1172 1777 Capreolus,
1188 1734 1227 1766 C.
1246 1738 1279 1772 2,
1300 1736 1336 1765 10

978 1780 1115 1820 Captus,
1130 1779 1249 1816 subst.,
1265 1780 1295 1811 4.
1311 1781 1341 1809 3.
1361 1783 1394 1810 at
1409 1783 1454 1809 ese
1467 1783 1585 1818 captus·
1602 1780 1687 1810 Ger-

1019 1833 1210 1860 manorum,
1236 1827 1272 1852 ut
1297 1832 1357 1861 pro
1374 1821 1528 1861 ipsorum
1554 1827 1686 1861 natura,

1019 1865 1144 1903 indole,
1185 1864 1360 1902 institutis,
1396 1865 1465 1895 lieri
1505 1871 1614 1906 potest
1651 1872 1685 1897 ct

1018 1910 1115 1947 solet,
1132 1915 1166 1940 ut
1184 1909 1270 1940 inter
1283 1918 1344 1939 eos
1359 1909 1471 1939 locum
1488 1909 1602 1940 habet.

977 1952 1266 1994 Clpafflamae'ni-,e
1289 1952 1426 1989 ostium,
1450 1953 1685 1992 4,10.s0m's‚

1017 1996 1129 2038 oiigO,
1152 1995 1300 2033 initium,
1327 1998 1357 2033 8,
1373 1998 1427 2026 41.
1451 1998 1548 2035 tiqui,
1570 2001 1684 2026 extre-

1017 2040 1179 2078 mitas,C.
1194 2043 1224 2077 2,
1239 2041 1270 2070 9.
1294 2040 1417 2080 capcca,
1433 2049 1498 2080 ipsi
1514 2038 1683 2078 hommes,

1021 2086 1048 2122 1,
1065 2085 1105 2114 29

973 2128 1115 2165 Carina,
1137 2126 1250 2158 infima
1266 2125 1357 2157 trabs
1373 2125 1479 2163 navis,
1499 2125 1634 2164 fundus,
1649 2127 1682 2164 3,

1019 2173 1068 2203 13.
1099 2170 1140 2202 C.
1161 2174 1188 2208 l,
1205 2172 1243 2201 54

971 2216 1118 2256 Carpere
1133 2225 1270 2256 aqmen,
1299 2212 1490 2244 insectando
1514 2212 1680 2251 minuere,

1014 2258 1141 2299 passim
1170 2257 1358 2289 interficere
1379 2263 1413 2288 et
1429 2266 1564 2296 capere,
1592 2257 1632 2294 C,
1650 2259 1678 2295 1,

1014 2304 1066 2337 63,
1083 2304 1136 2333 68.
1166 2301 1212 2333 cf.
1235 2312 1265 2332 c.
1285 2302 1337 2338 64,
1362 2300 1419 2331 ubi
1444 2300 1535 2330 idem
1554 2309 1676 2340 agmen

1009 2347 1125 2387 proelio
1139 2347 1249 2386 premi
1265 2344 1402 2382 dicitur,
1423 2349 1456 2374 et
1473 2353 1504 2374 c.
1523 2345 1576 2374 78.
1600 2354 1677 2374 car-

1009 2401 1089 2431 pere
1102 2395 1132 2421 et
1145 2389 1258 2430 imped
1261 2391 1322 2419 ite.

971 2435 1110 2471 Cam-,m
1125 2435 1152 2471 1,
1165 2435 1195 2463 3.
1214 2435 1244 2463 4.
1267 2433 1316 2462 14.
1335 2433 1365 2468 6,
1381 2432 1433 2461 21.
1450 2435 1675 2468 autemut-,um

1010 2478 1056 2509 fl.
1076 2479 1107 2508 6.
1134 2481 1184 2507 est
1207 2475 1409 2506 vehiculum
1433 2474 1612 2505 Gallorum
1639 2480 1676 2505 et

1009 2521 1262 2552 Germanorum.

967 2566 1066 2603 Casa,
1084 2568 1113 2603 5,
1126 2566 1168 2596 43

966 2609 1162 2645 castellani,
1179 2605 1374 2647 praesidium
1390 2604 1537 2642 castelli,
1552 2606 1591 2635 A.
1607 2607 1650 2635 42

967 2653 1162 2688 metellum,
1177 2649 1246 2682 vid.
1260 2650 1303 2680 ad
1321 2651 1352 2687 7,
1368 2650 1418 2680 69.
1447 2648 1487 2679 C.
1505 2651 1535 2685 3,
1549 2650 1592 2678 43

968 2697 1155 2737 Castiyare,
1168 2692 1307 2734 gravius
1318 2692 1572 2733 reprehendere,
1584 2691 1625 2722 C.
1645 2692 1675 2730 1,

1008 2740 1040 2770 3.
1066 2741 1096 2776 3,
1112 2739 1152 2769 57

965 2785 1099 2821 Castra,
1116 2781 1269 2818 hiberna,
1292 2782 1322 2818 3,
1337 2782 1367 2810 3.
1390 2784 1501 2811 castra
1516 2780 1672 2818 navalia,

1009 2827 1042 2858 in
1057 2825 1185 2869 quibus
1207 2830 1242 2857 et
1256 2821 1401 2857 tentoria
1415 2827 1503 2858 suut,
1517 2828 1553 2855 et
1568 2832 1670 2855 naves

1445 2874 1509 2906 ΞΤ
