1946 3261
235 319 505 382 tempestatis
526 326 572 363 et
591 319 770 363 sentinae
790 319 922 370 vitiis,
944 334 1083 377 neque
1105 335 1158 362 ex
1180 319 1361 379 pristina
1382 320 1549 365 virtute
1569 323 1715 367 remit-

237 383 415 427 tendum
442 379 610 438 aliquid
631 387 922 438 putaverunt;
955 380 1042 429 sed,
1071 379 1306 422 tractandis
1337 380 1655 424 conditionibus
1672 391 1719 426 et

234 439 506 484 simulatione
528 438 758 482 deditionis
778 446 975 481 extracto
997 437 1137 496 primo
1165 439 1303 481 noctis
1325 447 1537 497 tempore,
1560 440 1718 498 guber-

235 506 432 542 natorem
451 498 495 540 in
512 505 674 540 terram
691 513 842 540 navem
857 497 1009 556 ejicere
1023 505 1208 554 cogunt;
1241 497 1338 555 ipsi,
1357 497 1560 540 idoneum
1576 499 1719 543 locum

234 556 365 607 nacti,
394 557 608 615 reliquam
629 557 765 599 noctis
790 564 960 614 partem
989 555 1050 598 ibi
1072 556 1352 599 confecerunt
1379 565 1425 599 et
1445 556 1541 600 luce
1564 557 1720 615 prima,

232 615 370 659 missis
399 615 457 658 ad
488 612 561 659 eos
597 615 654 659 ab
689 614 878 657 Otacilio
909 614 1148 671 equitibus,
1193 614 1267 672 qui
1305 631 1398 658 eam
1434 624 1605 674 partem
1634 631 1723 660 orae

232 674 476 718 maritumae
510 674 814 723 adservabant,
855 673 1028 717 circiter
1069 672 1416 732 quadringentis,
1449 675 1612 732 quique
1650 692 1722 719 eos

235 734 393 777 armati
423 749 476 776 ex
498 733 696 792 praesidio
717 732 853 775 secuti
884 740 1002 782 sunt,
1034 749 1077 775 se
1100 733 1390 776 defenderunt
1409 742 1470 783 et,
1505 733 1723 778 nonnullis

235 809 387 836 eorum
407 792 661 841 interfectis,
684 791 916 834 incolumes
937 808 1024 834 sese
1045 792 1100 834 ad
1122 800 1290 834 nostros
1312 801 1586 851 receperunt.

294 852 366 895 29.
403 852 502 901 Quo
524 852 656 900 facto,
678 858 914 894 conventus
934 850 1092 893 civium
1118 849 1427 900 Romanorum,
1456 851 1532 908 qui
1556 850 1723 894 Lissum

236 910 482 961 obtinebat,
499 911 615 968 quod
634 910 845 969 oppidum
865 910 914 952 iis
930 917 1056 952 antea
1076 909 1221 952 Caesar
1238 908 1515 952 adtribuerat.
1531 909 1725 952 munien-

235 969 426 1027 dumque
443 978 687 1019 curaverat,
703 968 943 1011 Antonium
962 968 1128 1026 recepit
1146 968 1429 1026 omnibusque
1446 968 1575 1012 rebus
1591 968 1724 1026 juvit.

240 1029 469 1078 Otacilius,
489 1028 570 1071 sibi
589 1028 759 1077 timens,
779 1027 944 1085 oppido
967 1027 1082 1085 fugit
1101 1035 1145 1069 et
1164 1027 1218 1069 ad
1239 1026 1492 1085 Pompeium
1509 1027 1722 1086 pervenit.

239 1086 458 1146 Expositis
499 1087 696 1130 omnibus
739 1086 873 1143 copiis
915 1087 1148 1135 Antonius,
1190 1101 1376 1143 quarum
1424 1095 1520 1128 erat
1559 1101 1728 1130 summa

238 1154 541 1189 veteranarum
575 1146 708 1187 trium
741 1145 958 1203 legionum
993 1145 1205 1201 uniusque
1239 1145 1431 1187 tironum
1460 1153 1505 1187 et
1525 1146 1725 1204 equitum

238 1206 602 1262 octingentorum,
622 1203 851 1262 plerasque
871 1219 1000 1246 naves
1017 1204 1060 1246 in
1076 1203 1245 1246 Italiam
1264 1203 1446 1246 remittit
1462 1203 1517 1246 ad
1533 1203 1727 1261 reliquos

239 1263 395 1306 milites
423 1262 677 1320 equitesque
700 1263 1075 1320 transportandos:
1113 1270 1338 1320 pontones,
1368 1260 1486 1318 quod
1507 1270 1571 1304 est
1592 1277 1729 1321 genus

238 1322 411 1365 navium
435 1321 720 1373 Gallicarum,
757 1321 863 1362 Lissi
887 1321 1112 1377 relinquit,
1147 1320 1226 1361 hoc
1250 1319 1441 1370 consilio,
1475 1329 1526 1362 ut
1558 1321 1591 1363 si
1614 1321 1728 1364 forte

242 1381 490 1439 Pompeius,
513 1394 692 1423 vacuam
714 1379 959 1422 existimans
980 1378 1167 1428 Italiam,
1190 1394 1241 1421 eo
1264 1379 1549 1436 trans-jecisset
1568 1379 1730 1423 exerci-

241 1448 350 1490 tum,
384 1455 481 1497 quae
513 1438 659 1497 opinio
699 1449 794 1480 erat
831 1437 949 1481 edita
982 1438 1025 1480 in
1057 1438 1233 1496 vulgus,
1265 1437 1459 1496 aliquam
1492 1437 1636 1482 Caesar
1666 1438 1728 1482 ad

239 1498 549 1555 insequendum
569 1497 820 1541 facultatem
836 1496 1038 1540 haberet:
1063 1496 1327 1554 nunciosque
1345 1497 1401 1539 ad
1419 1512 1516 1539 eum
1533 1497 1730 1541 celeriter

239 1557 388 1609 mittit,
409 1557 568 1614 quibus
590 1556 840 1613 regionibus
870 1557 1109 1599 exercitum
1130 1556 1396 1614 exposuisset
1426 1563 1470 1599 et
1493 1555 1601 1613 quid
1621 1556 1732 1600 mili-

241 1624 336 1658 tum
359 1616 677 1658 transvexisset.

298 1675 370 1717 30.
407 1674 513 1717 Haec
537 1674 687 1717 eodem
709 1674 799 1716 fere
821 1682 1018 1732 tempore
1040 1674 1185 1717 Caesar
1217 1683 1350 1732 atque
1377 1674 1610 1733 Pompeius
1630 1689 1729 1733 cog-

240 1740 442 1777 noscunt:
496 1749 595 1775 nam
640 1742 946 1790 praetervectas
994 1733 1272 1790 Apolloniam
1318 1732 1730 1791 Dyrrhachiumque

242 1808 372 1836 naves
393 1791 616 1840 viderant;
649 1792 731 1850 ipsi
754 1792 838 1834 iter
858 1791 1090 1834 secundum
1111 1807 1179 1834 eas
1200 1788 1316 1834 tei-ra
1337 1791 1609 1840 di1·exe1·ant;
1640 1793 1732 1842 sed,

241 1867 329 1909 quo
349 1859 488 1894 essent
516 1867 574 1894 eae
596 1851 769 1899 delatae,
803 1851 951 1908 primis
979 1850 1130 1894 diebus
1152 1851 1433 1909 ignorabant:
1467 1851 1730 1909 cognitaque

241 1926 304 1961 re,
334 1909 503 1953 diversa
530 1910 610 1990 sibi
642 1909 768 1952 ambo
795 1909 971 1951 consilia
993 1910 1193 1968 capiunt:
1231 1910 1390 1957 Caesar,
1414 1918 1464 1951 ut
1491 1925 1622 1967 quam
1645 1910 1732 1968 pri·

287 2051 432 2083 Senlime
462 2053 559 2083 viciis.
605 2050 681 2081 1100
715 2049 851 2091 proprie
879 2050 950 2082 dic·

1022 2056 1107 2085 rum,
1121 2049 1176 2090 qui
1188 2053 1340 2092 arpoems
1353 2052 1454 2091 copiis
1469 2049 1648 2091 legendum
1659 2060 1733 2082 esee

241 2098 331 2131 tum3
369 2095 410 2125 de
443 2099 626 2136 tempestate
654 2094 766 2125 minus
801 2094 951 2135 proprie.

1022 2102 1231 2126 monuerunt.
1286 2093 1384 2125 Talia
1417 2093 1532 2134 utique
1563 2093 1734 2126 debebant

243 2137 376 2169 Similia
391 2140 482 2179 apud
500 2139 664 2181 Nepotem
684 2138 796 2169 Alvib.
816 2143 844 2168 3.
878 2139 953 2170 Xon.

241 2183 348 2212 solum
363 2192 455 2222 spem
471 2186 506 2213 in
520 2196 555 2214 eo
573 2183 751 2216 ludu-hant,
775 2183 831 2214 sed
847 2186 952 2213 eliam

242 2227 404 2257 timorem.
419 2232 451 2256 ot
467 2228 556 2267 apud
570 2228 705 2258 Florum
721 2230 750 2260 3,
764 2228 818 2256 91.
835 2228 952 2259 oculis.

243 2270 400 2301 manibus
415 2272 631 2311 cmzre‘lmsqaeoe
648 2270 792 2310 tlt-»fimum

291 2314 408 2355 Neque
439 2325 480 2345 esc
508 2317 602 2355 prist.
653 2315 762 2351 Vulgo
795 2325 860 2345 non
892 2324 953 2355 pro

242 2367 359 2399 neque.
385 2358 434 2389 M.
493 2359 569 2390 Hoc
602 2357 728 2389 habent
757 2359 858 2389 codd.
890 2369 951 2399 pro

245 2412 286 2433 ne
300 2402 447 2442 quidem.

293 2446 368 2478 Sed.
383 2445 570 2478 l1·acrand1’s
585 2447 680 2477 cond.
727 2446 810 2482 Lez.
836 2453 865 2477 rt,
893 2457 954 2488 pro

246 2490 315 2520 sed.
352 2491 448 2531 Saepe
464 2489 556 2521 enim
572 2500 677 2531 neque
693 2490 842 2532 sequenti
861 2496 889 2521 et
908 2491 954 2522 ita

247 2534 397 2574 ponitur,
416 2539 451 2565 ut
467 2535 608 2566 alterum
626 2534 724 2566 alteri
744 2536 956 2575 respondent,

246 2587 324 2608 cum
342 2588 445 2609 unum
462 2577 653 2610 membrum
672 2585 785 2617 negat,
811 2579 954 2610 altorum

247 2621 306 2652 ait.
331 2621 498 2663 Exempla
511 2622 580 2653 vid.
593 2622 626 2654 in
642 2623 711 2653 lnd.
728 2623 759 2653 in
774 2633 889 2663 nequo.
907 2625 954 2653 Μ.

294 2667 535 2704 Adsere-abant,
560 2666 807 2698 custodiebant.
833 2677 864 2696 r.
884 2667 955 2697 lud.

247 2708 282 2740 In
310 2710 518 2751 quibusdam
542 2711 644 2742 codd.
668 2717 718 2742 est
741 2711 956 2742 obs-erratum!

247 2753 369 2785 eodem
399 2764 517 2793 sensu3
550 2756 607 2786 sed
641 2753 726 2787 illud
753 2753 956 2794 exquisitius

248 2802 311 2827 cst.
338 2798 386 2829 M.

294 2841 349 2873 Em
375 2841 526 2876 omnibus
551 2845 662 2885 copiis.
712 2841 840 2875 Verum
864 2841 955 2876 vidc-

1022 2139 1144 2180 ret-ipi,
1168 2139 1232 2169 etsi
1261 2138 1291 2169 in
1311 2138 1404 2169 nuno
1422 2137 1543 2169 codice
1559 2137 1735 2180 reperiun-

1022 2189 1087 2214 tur.
1112 2185 1163 2213 Μ.
1212 2184 1290 2214 Post
1317 2181 1593 2223 praepositionem
1615 2193 1658 2214 es:
1671 2182 1736 2214 ali·

1020 2227 1101 2268 quid
1117 2226 1286 2257 excidisse
1306 2226 1493 2258 hariolatur
1511 2225 1600 2257 Oud.
1647 2227 1735 2258 Inte-

1023 2271 1085 2302 rim
1113 2282 1240 2311 repono
1266 2273 1430 2312 arpo-silis,
1460 2276 1495 2301 ut
1522 2280 1640 2301 sensus
1663 2269 1733 2302 sibi

1023 2322 1151 2347 constet
1171 2322 1205 2345 et
1222 2325 1338 2346 nexus.

1074 2361 1086 2390 1
1094 2361 1329 2390 'etot-mmmm.
1377 2357 1447 2390 Alii
1464 2362 1652 2390 reteronor.

1071 2405 1246 2435 pontones.
1270 2402 1323 2432 Cf.
1336 2401 1425 2433 Gen.
1441 2405 1492 2441 10,
1505 2406 1558 2433 25.
1569 2405 1604 2432 et
1618 2401 1734 2434 isidor.

1028 2448 1079 2478 19.
1101 2450 1127 2478 1.
1153 2446 1323 2487 hodieque
1348 2456 1470 2478 nomen
1494 2446 1526 2478 in
1544 2445 1655 2478 Gallia
1671 2445 1732 2478 ob·

1025 2497 1119 2522 unet.

1071 2536 1251 2577 Relinquit.
1298 2535 1352 2567 Sic
1381 2534 1483 2567 codd.
1509 2540 1544 2566 et
1569 2533 1645 2565 edd.
1668 2537 1735 2565 vet.

1028 2579 1138 2619 vulgo
1156 2581 1301 2620 reliquit.

1072 2625 1133 2655 Ea>
1151 2624 1279 2654 dvlaeoe.
1320 2624 1540 2664 interponunt
1554 2622 1631 2653 edd.
1649 2619 1735 2652 ven.

1024 2673 1056 2698 ct
1073 2666 1216 2699 Modiot.
1230 2668 1488 2708 quadr-ingyrvum
1502 2667 1558 2697 vel
1572 2670 1736 2707 quatuor-

1025 2718 1137 2743 rmrtoe.
1169 2711 1256 2741 unde
1280 2711 1397 2742 Davis.
1416 2710 1591 2749 ingeniose
1615 2719 1656 2740 ex
1681 2710 1738 2740 JV

1024 2761 1144 2797 yeneae,
1156 2760 1191 2785 ut
1203 2755 1291 2786 alius
1305 2755 1384 2796 quis
1395 2759 1617 2797 expresserat,
1631 2752 1736 2786 efficit

1026 2802 1058 2831 ι·ι“
1075 2802 1175 2837 remi,
1191 2805 1227 2831 ut
1243 2809 1273 2831 c.
1290 2801 1344 2831 26.
