1946 3261
221 252 310 296 350
683 248 772 294 DE
803 244 1008 292 BELLO
1040 245 1253 291 CIVILI.

228 395 358 422 manu
378 378 507 426 facta,
531 391 629 417 cum
650 374 714 425 iis,
737 392 845 434 quos
865 389 1004 432 nuper
1024 370 1300 415 manumissos
1319 370 1626 420 liberaverant,
1659 369 1703 413 in

228 437 422 495 proxima
447 435 619 477 Octavii
642 442 780 477 castra
802 435 1072 491 inruperunt.
1136 430 1216 472 His
1249 431 1518 487 expugnatis,
1553 428 1703 471 eodem

228 497 378 551 inpetu
409 494 548 536 altera
581 502 681 535 sunt
712 493 873 542 adorti,
903 491 1000 534 inde
1035 489 1165 533 tertia
1192 497 1235 531 et
1259 498 1417 546 quarta
1438 498 1481 531 et
1501 488 1702 545 deinceps

228 554 419 609 reliqua:
455 553 739 610 omnibusque
771 569 839 594 eos
867 550 1015 593 castris
1048 548 1310 607 expulerunt
1341 556 1400 597 et,
1433 562 1590 605 magno
1626 562 1704 588 nu-
1724 587 1736 601 s

228 627 347 654 mero
385 611 641 664 interfecto2
666 611 853 669 reliquos
887 618 1019 666 atque
1056 608 1199 665 ipsum
1234 606 1467 649 Octavium
1500 607 1542 649 in
1576 621 1703 648 naves

227 670 464 727 confugere
483 679 732 728 coegerunt.
768 670 852 711 Hic
869 668 955 710 fuit
974 665 1309 725 obpugnationis
1325 667 1477 708 exitus.
1519 665 1707 721 Jamque

228 727 362 770 hiems
381 728 782 786 adpropinquabat,
818 736 877 777 et,
910 726 1039 768 tantis
1059 725 1327 768 detrimentis
1347 724 1547 783 acceptis,
1573 723 1704 765 Octa-

229 787 342 836 vius,
368 786 593 845 desperata
627 787 951 846 obpugnatione
981 784 1148 843 oppidi,
1182 783 1503 842 Dyrrhachium
1529 799 1616 825 sese
1649 780 1706 824 ad

233 846 489 904 Pompeium
510 846 688 904 recepit.

292 904 356 946 lO.
391 905 805 952 Demonstravimus,
824 902 874 944 L.
903 902 1147 944 Vibullium
1170 900 1354 951 Rufum,
1381 901 1573 960 Pompeii
1593 900 1707 942 Prae-

231 962 410 1015 fectum,
432 964 496 1006 bis
514 964 557 1006 in
578 972 836 1022 potestatem
859 962 1100 1019 pervenisse
1123 960 1305 1003 Caesaris
1322 970 1456 1017 atque
1477 962 1533 1004 ab
1551 976 1601 1002 eo
1621 974 1710 1001 esse

227 1022 463 1072 dimissum,
495 1023 626 1065 semel
653 1022 707 1064 ad
746 1021 1000 1070 Corfinium,
1031 1020 1189 1062 iterum
1211 1019 1253 1061 in
1278 1019 1500 1077 Hispania.
1576 1019 1708 1061 Hunc

229 1096 311 1138 pro
349 1081 433 1123 suis
465 1080 680 1123 beneficiis
720 1080 863 1122 Caesar
897 1080 1097 1121 idoneum
1129 1078 1412 1135 judicaverat,
1445 1094 1575 1136 quem
1609 1092 1709 1119 cum

229 1140 441 1182 mandatis
461 1140 514 1181 ad
535 1141 615 1181 Cn.
643 1138 894 1196 Pompeium
916 1137 1112 1180 mitteret.
1131 1153 1140 1185 ;
1172 1136 1458 1195 eumdemque
1480 1136 1600 1196 apud
1625 1136 1707 1178 Cn.

236 1197 491 1256 Pompeium
520 1198 826 1240 auctoritatem
860 1196 1017 1240 habere
1051 1195 1347 1253 intellegebat.
1411 1197 1520 1238 Erat
1560 1203 1706 1237 autem

230 1254 318 1299 haec
355 1273 518 1298 summa
558 1256 875 1305 mandatorum,
929 1263 957 1281 “
990 1255 1148 1297 debere
1189 1264 1425 1312 utrumque
1464 1253 1711 1312 pertinaciae

231 1322 262 1341 “
286 1316 410 1357 finem
433 1316 571 1357 facere
593 1324 637 1357 et
658 1315 714 1357 ab
736 1315 863 1356 armis
884 1314 1103 1356 discedere
1126 1329 1264 1369 neque
1287 1313 1469 1370 amplius
1491 1313 1711 1355 fortunam

230 1381 259 1399 ‘⁶
283 1374 546 1432 periclitari:
592 1374 692 1415 satis
713 1390 801 1415 esse
819 1389 971 1429 magna
994 1372 1213 1428 utrimque
1234 1371 1500 1414 incommoda
1517 1379 1709 1428 accepta,

231 1440 261 1458 ‘⁴
285 1449 380 1490 quae
401 1448 480 1489 pro
503 1432 730 1490 disciplina
752 1441 795 1473 et
815 1431 1043 1489 praeceptis
1062 1430 1221 1472 habere
1243 1439 1430 1487 possent,
1454 1439 1503 1472 ut
1521 1429 1711 1486 reliquos

231 1498 260 1516 “
285 1507 402 1532 casus
439 1491 656 1533 timerent.
717 1490 848 1532 Illum
880 1489 1006 1531 Italia
1034 1489 1276 1546 expulsum,
1308 1489 1458 1531 amissa
1491 1488 1638 1530 Sicilia
1668 1494 1713 1529 et

231 1556 261 1575 ‘⁶
287 1549 485 1591 Sardinia
504 1550 759 1606 duabusque
778 1549 1010 1606 Hispaniis,
1034 1556 1077 1590 et
1099 1547 1350 1589 cohortibus
1371 1549 1414 1590 in
1434 1547 1561 1590 Italia
1577 1555 1711 1603 atque

231 1613 261 1634 ‘⁶
287 1608 494 1665 Hispania
526 1608 686 1649 civium
719 1608 1014 1649 Romanorum
1042 1615 1215 1649 centum
1244 1616 1375 1665 atque
1414 1600 1625 1665 triginta;
1665 1620 1709 1646 se

232 1673 260 1691 ‘⁶
284 1676 423 1709 morte
463 1666 665 1708 Curionis
697 1674 741 1707 et
778 1666 1038 1708 detrimento
1081 1665 1276 1706 Africani
1318 1666 1531 1707 exercitus
1569 1671 1709 1711 tanto,

235 1732 263 1750 ‘⁶
288 1724 564 1782 militumque
585 1724 801 1766 deditione
835 1724 887 1765 ad
917 1724 1165 1781 Corcyram.
1230 1723 1413 1765 Proinde
1440 1723 1517 1765 sibi
1542 1739 1590 1764 ac
1613 1722 1712 1763 Rei-

238 1790 266 1809 “
289 1783 474 1840 publicae
495 1791 749 1840 parcerent;
783 1782 1056 1839 quantumin
1087 1781 1204 1823 bello
1234 1782 1410 1824 fortuna
1440 1789 1597 1839 posset,
1623 1780 1709 1838 jam

212 1848 263 1901 .“
287 1842 366 1900 ipsi
395 1841 671 1884 incommodis
698 1841 784 1883 suis
815 1841 914 1883 satis
943 1848 1082 1883 essent
1108 1840 1383 1883 documento.
1449 1840 1547 1882 Hoc
1577 1854 1711 1881 unum

1057 1967 1172 1998 Italia.
1218 1965 1287 1998 Alii
1305 1968 1348 1999 ab
1368 1968 1483 1999 Italia.

1056 2013 1096 2042 Su
1133 2016 1236 2041 morte
1275 2012 1487 2041 Curionis-
1503 2012 1711 2043 documento.

1012 2054 1105 2086 Male.
1145 2053 1316 2085 Juriuium
1348 2054 1449 2086 habet
1490 2055 1572 2087 illud
1610 2060 1711 2092 tanto,

1011 2110 1115 2139 quum
1148 2100 1190 2129 ad
1223 2109 1391 2129 summum
1418 2099 1451 2130 id
1475 2099 1711 2131 detrimentum

282 1970 521 2006 Blamzmissos,
566 1968 665 1999 codd.
710 1967 940 1999 recentiores:

238 2014 498 2049 wuarinrsscodd.
509 2012 632 2053 oprimi
646 2024 653 2042 :
664 2015 826 2049 ma.1·i11.¹c¹‚
837 2012 945 2042 codex

241 2067 325 2087 unus
349 2056 439 2087 Oud.
463 2067 542 2096 ergo
567 2067 674 2098 ‘nuper
696 2057 846 2087 marinae
864 2065 944 2085 con-

238 2100 364 2141 jungit,
380 2106 413 2130 ut
430 2099 483 2136 sit,
498 2100 703 2141 nuperrime.
743 2100 806 2130 Sed
823 2098 943 2140 quidni

241 2144 346 2174 etiam
374 2144 473 2174 codd.
500 2143 704 2175 recentiores
733 2153 850 2174 veram
877 2143 944 2173 lee-

245 2187 371 2218 tionem
388 2187 553 2218 habeant?
580 2188 628 2217 M.

290 2232 429 2271 Reliqua
465 2230 487 2260 i.
515 2241 545 2261 e.
579 2233 710 2270 quinta.
758 2231 827 2261 Nec
861 2241 946 2271 opus

242 2285 320 2306 cum
348 2274 507 2305 Rubenio
524 2274 556 2304 in
581 2274 708 2304 Eleous
732 2278 764 2313 2,
788 2277 819 2305 7.
845 2285 946 2315 supra

242 2329 304 2360 pro
320 2321 430 2359 quinis
446 2318 556 2359 legere
573 2319 761 2358 quindenis.

292 2364 411 2394 Hiems
428 2362 734 2403 11‹lp]·0pinqual1at.
767 2361 835 2392 vid.
858 2363 897 2393 ad
915 2373 947 2393 c.

245 2409 277 2437 2.
295 2416 336 2437 ex
353 2406 481 2437 [Isserii
505 2405 683 2436 annalibus
709 2406 850 2445 prolata,
872 2417 948 2447 quae

245 2450 280 2480 11.
306 2451 329 2481 l.
360 2450 462 2481 etiam
497 2448 658 2480 Davisius
692 2448 858 2488 probavit.
898 2451 949 2481 M.

246 2493 330 2524 scil.
355 2494 460 2525 fastos
483 2493 619 2523 demum
643 2491 779 2522 biennio
799 2499 872 2532 post
899 2504 950 2523 re-

244 2537 403 2568 formavit
423 2537 547 2569 Caesar.
560 2547 592 2567 v.
604 2537 694 2567 Suet.
706 2536 778 2566 Jul.
793 2539 846 2567 40.
863 2536 948 2567 Cen-

247 2581 350 2613 sorin.
367 2582 408 2612 de.
426 2581 493 2612 Dio
509 2586 575 2612 nat.
595 2591 624 2611 c.
643 2582 696 2610 ΩΟ.

293 2628 448 2666 Acceptis.
483 2625 538 2657 Sic
558 2623 683 2665 Scalig.
699 2634 718 2654 e
734 2624 808 2654 cod.
825 2623 948 2654 Ursini.

246 2668 305 2699 alii
322 2672 466 2709 receptis.

300 2714 478 2744 l'ibullimn
500 2711 636 2752 Rufum.
659 2710 760 2742 Conf.
780 2713 808 2750 1,
823 2712 875 2742 34.
902 2712 950 2741 M.

292 2757 344 2786 Ad
378 2758 575 2796 Pompeium
606 2758 759 2787 maneret.
821 2754 951 2795 Adtigit

248 2799 418 2830 Plutarch.
435 2799 468 2830 in
487 2801 607 2839 Pomp.
621 2810 651 2829 e.
667 2802 720 2830 65.
748 2799 807 2830 ubi
828 2797 951 2828 Vibul-

246 2842 312 2873 lius
328 2853 390 2873 con
398 2849 492 2884 rupte
510 2842 666 2874 scribitur
682 2842 810 2878 ’1025ss105.
872 2841 951 2872 For-

243 2891 333 2934 tasse
349 2887 473 2925 Ῥοῦφος.
499 2888 550 2920 Μ.
595 2887 766 2930 Χ)·1ειηᾶει·
785 2885 836 2919 ibi
852 2896 951 2928 repo-

248 2936 316 2964 suit
332 2930 511 2969 Οὐιβὲλλων.

1011 2142 1113 2174 suerit
1129 2142 1247 2178 vig-imi
1273 2143 1479 2174 cohortium.
1523 2143 1610 2174 Tum
1635 2152 1712 2183 pro·

1013 2197 1134 2217 nomen
1151 2198 1184 2217 se
1201 2196 1266 2217 non
1284 2186 1408 2218 habere
1424 2187 1483 2224 ait,
1505 2198 1574 2229 quo
1591 2188 1714 2218 refera-

1014 2236 1076 2261 tur.
1100 2230 1375 2270 Transpositione
1387 2232 1513 2262 mederi
1532 2232 1608 2262 loco
1621 2235 1714 2271 parat

1017 2274 1062 2305 ila
1077 2286 1084 2304 :
1113 2285 1146 2305 se
1159 2280 1261 2305 omn-ee
1282 2276 1319 2305 (J.
1337 2279 1366 2305 et
1380 2275 1465 2306 detr.
1484 2275 1537 2310 Af.
1553 2285 1604 2305 ear.
1618 2275 1714 2305 illato

1013 2325 1042 2349 et
1058 2318 1157 2349 dedic.
1174 2319 1270 2348 mili!-
1287 2318 1333 2349 ad
1352 2319 1387 2349 C.
1405 2325 1571 2359 quantum
1586 2320 1622 2349 in
1633 2319 1714 2348 bello

1015 2368 1094 2393 sort.
1109 2367 1229 2402 poss-et.
1243 2364 1318 2400 jam
1340 2364 1447 2402 iprum
1471 2365 1624 2394 incomm.
1647 2364 1715 2393 suis

1016 2408 1095 2437 satis
1111 2416 1178 2436 esse
1202 2406 1272 2436 doc.
1320 2406 1465 2438 Proinde
1486 2408 1550 2438 sibi
1571 2416 1611 2438 ac
1636 2406 1711 2437 RP.

1010 2454 1192 2491 parcerent
1205 2461 1214 2488 ;
1239 2450 1297 2479 hoe
1311 2459 1427 2480 unum.

1063 2493 1303 2525 Deditionem!
1331 2495 1526 2535 Corcyram.
1572 2493 1601 2523 V
1607 2492 1650 2524 id.
1673 2492 1715 2524 ad

1016 2548 1047 2568 c.
1064 2539 1083 2566 4
1099 2537 1140 2567 de
1156 2535 1326 2567 militibus
1343 2537 1554 2569 Antonianis.
1588 2536 1715 2577 Corcy-

1016 2591 1085 2611 ram
1103 2590 1176 2611 esse
1193 2580 1228 2610 h.
1246 2580 1268 2610 l.
1323 2579 1502 2623 Corcyram
1525 2581 1655 2623 nigram
1672 2580 1716 2611 ad

1017 2624 1200 2665 Illyricum,
1233 2623 1401 2657 diversam
1424 2625 1467 2657 ab
1490 2626 1591 2656 altera
1615 2623 1715 2655 nobi-

1017 2668 1115 2705 liore,
1138 2678 1157 2698 e
1182 2667 1315 2708 regione
1341 2670 1437 2710 Epiri
1454 2669 1529 2707 sita,
1545 2669 1586 2699 de
1599 2677 1667 2709 qua
1682 2677 1712 2698 c.

1021 2714 1058 2742 10
1075 2722 1185 2743 sermo
1210 2719 1272 2744 est.
1294 2713 1465 2744 existimat
1479 2713 1521 2743 ad
1538 2712 1572 2743 h.
1589 2713 1611 2743 l.
1631 2711 1715 2741 Vos-

1016 2755 1098 2787 sius.
1123 2755 1189 2786 Dio
1215 2756 1308 2787 (fass-
1334 2760 1386 2793 41,
1410 2759 1451 2788 40
1474 2754 1586 2789 vno-[Exiit
1602 2769 1629 2786 τι
1643 2754 1715 2785 dix-

1017 2806 1097 2837 erat,
1127 2809 1168 2829 ne
1194 2799 1330 2830 nomine
1345 2801 1481 2842 quidem
1505 2799 1630 2831 addito.
1663 2798 1713 2828 M.

1016 2844 1068 2874 De
1091 2842 1237 2883 Corcyra
1262 2843 1355 2884 nigra
1376 2857 1409 2877 v.
1432 2844 1553 2876 Strabo
1573 2842 1612 2874 L.
1631 2843 1662 2872 7.
1676 2851 1713 2883 p.

1019 2889 1092 2919 315.
1116 2887 1208 2918 Mela
1224 2890 1255 2925 9,
1272 2889 1303 2918 7.

1064 2932 1246 2965 Quantum.
1269 2930 1338 2965 Alii
1355 2935 1597 2975 quantumque.
