1992 3271
225 193 278 235 10
627 190 709 233 DE
742 187 943 232 BELLO
976 187 1267 231 GALLICO.

217 317 435 377 sanguinei
458 316 714 362 AEduorum,
739 314 950 355 Caesarem
978 314 1206 357 certiorem
1233 315 1412 366 faciunt,
1430 332 1532 367 sese,
1552 318 1683 377 depo-

219 377 380 435 pulatis
406 376 534 433 agris,
569 388 654 415 non
687 372 810 414 facile
842 372 898 414 ab
919 388 944 415 o
981 373 1090 430 pidis
1111 373 1198 414 vim
1222 372 1408 416 hostiurn
1429 376 1681 432 prohibere:

218 436 320 477 item
343 434 618 488 Allobroges,
652 430 728 488 qui
761 438 876 472 trans
900 430 940 471 R
972 431 1155 473 odanum
1177 431 1292 474 vicos
1322 434 1684 492 possessionesque

217 493 447 539 habebant,
469 490 573 545 fuga
593 505 635 530 se
655 489 709 530 ad
731 488 942 539 Caesarem
965 488 1179 545 recipiunt
1200 499 1244 531 et
1263 490 1571 541 demonstrant,
1601 493 1684 536 sibi

218 559 376 608 praeter
397 547 491 604 agri
515 547 653 589 solum
674 546 779 588 nihil
799 563 884 588 esse
907 547 1076 604 reliqui.
1141 547 1310 595 Quibus
1330 548 1457 590 rebus
1477 549 1685 593 adductus

219 609 377 655 Caesar,
399 621 485 648 non
504 605 835 662 exspectandum
854 604 935 646 sibi
955 605 1124 653 statuit,
1142 605 1261 655 dum,
1284 607 1481 649 omnibus
1501 608 1685 651 fortunis

214 666 427 708 sociorum
448 663 694 711 consumtis,
717 663 759 704 in
783 664 995 705 Santonos
1020 663 1210 705 Helvetii
1233 665 1519 722 pervenirent.

278 724 342 764 12.
377 722 557 764 Flumen
579 730 641 763 est
665 722 793 769 Arar,
828 722 944 777 quod
966 737 1044 778 per
1066 721 1167 763 fines
1191 722 1433 765 AEduorum
1453 732 1496 766 et
1520 725 1684 782 Sequa-

213 797 368 824 norum
401 781 443 822 in
465 780 721 822 Rhodanum
743 779 883 820 influit
912 779 1151 821 incredibili
1172 780 1362 829 lenitate,
1383 781 1442 823 ita
1463 790 1513 824 ut
1533 783 1685 833 oculis,

212 840 255 882 in
277 848 419 882 utram
441 848 607 896 partem
631 838 752 886 fluat,
777 837 960 894 judicari
981 853 1065 879 non
1087 839 1235 895 possit.
1298 837 1349 880 Id
1370 839 1562 883 Helvetii
1583 841 1685 884 rati-

214 898 295 940 bus
324 914 373 940 ac
404 897 608 939 lintribus
644 896 802 953 junctis
834 896 1088 938 transibant.
1153 897 1245 938 Ubi
1279 912 1358 954 per
1389 898 1685 955 exploratores

214 956 359 1000 Caesar
380 956 538 997 certior
559 955 696 996 factus
716 962 795 1003 est,
826 954 903 996 tris
919 954 1007 1011 jam
1035 953 1259 1012 copiarum
1290 963 1434 1012 partes
1460 956 1685 1001 Helvetios

210 1014 255 1057 id
290 1014 447 1056 flumen
484 1013 784 1061 transduxisse,
818 1021 1018 1069 quartam
1046 1028 1150 1054 vero
1185 1022 1354 1070 partem
1387 1014 1495 1056 citra
1526 1015 1685 1059 flumen

212 1072 388 1114 Ararim
410 1072 619 1129 reliquam
640 1086 746 1113 esse:
779 1071 831 1112 de
853 1071 982 1112 tertia
999 1070 1148 1127 vigilia
1165 1087 1262 1113 cum
1280 1071 1522 1128 legionibus
1543 1073 1685 1117 tribus

210 1146 234 1173 e
255 1131 402 1173 castris
425 1131 660 1188 profectus,
697 1129 751 1170 ad
789 1145 882 1170 eam
915 1138 1081 1186 partem
1119 1129 1332 1187 pervenit,
1370 1145 1467 1187 quae
1496 1131 1687 1174 nondum

212 1188 371 1232 flumen
403 1188 645 1231 transierat.
708 1187 794 1229 Eos
827 1187 1039 1244 inpeditos
1071 1196 1115 1229 et
1144 1188 1411 1245 inopinantes
1442 1188 1682 1246 adgressus,

209 1263 408 1304 magnam
425 1263 574 1289 eorum
593 1254 761 1303 partem
777 1245 980 1287 concidit:
1016 1245 1173 1303 reliqui
1191 1246 1305 1303 fugae
1323 1262 1408 1288 sese
1426 1248 1685 1290 mandarunt

207 1314 339 1363 atque
362 1305 405 1348 in
427 1305 642 1363 proximas
671 1304 796 1346 silvas
815 1303 1088 1346 abdiderunt.
1152 1302 1193 1345 Is
1216 1320 1352 1361 pagus
1381 1304 1685 1361 adpellabatur

209 1363 464 1421 Tigurinus:
510 1378 608 1405 nam
645 1363 779 1404 omnis
815 1362 965 1403 civitas
1005 1361 1207 1403 Helvetia
1244 1362 1287 1403 in
1324 1370 1513 1418 quatuor
1550 1378 1685 1420 pagos

207 1420 344 1463 divisa.
371 1430 449 1464 est.
514 1421 600 1462 Hic
636 1435 774 1477 pagus
810 1434 936 1467 unus,
975 1435 1111 1476 quum
1142 1419 1270 1461 domo
1302 1420 1470 1469 exisset,
1508 1430 1684 1478 patrum

207 1488 455 1522 nostrorum
491 1478 696 1520 memoria
738 1477 788 1518 L.
827 1477 1021 1518 Cassium
1061 1477 1292 1519 Consulem
1332 1478 1604 1521 interfecerat
1639 1487 1686 1522 et

205 1538 296 1593 ejus
317 1537 552 1579 exercitum
580 1536 660 1577 sub
685 1536 841 1592 jugum
862 1535 1049 1577 miserat.
1112 1535 1194 1583 Ita,
1224 1535 1311 1577 sive
1332 1552 1447 1585 casu,
1477 1537 1564 1579 sive
1586 1553 1683 1581 con-

205 1596 300 1638 silio
335 1597 529 1638 Deorum
563 1594 873 1641 inmortalium,
907 1609 1003 1650 quae
1035 1608 1135 1651 pars
1165 1594 1351 1635 civitatis
1388 1594 1601 1637 Helvetiae
1623 1596 1684 1639 in-

206 1654 369 1711 signem
398 1651 685 1694 calamitatem
722 1651 894 1708 Populo
930 1651 1125 1693 Romano
1155 1651 1377 1700 intulerat,
1410 1668 1459 1694 ea
1481 1653 1683 1712 princeps

207 1727 354 1770 poenas
376 1710 599 1768 persolvit.
665 1709 761 1758 Qua
783 1710 826 1751 in
848 1725 893 1750 re
917 1710 1060 1751 Caesar
1082 1725 1166 1751 non
1197 1710 1336 1752 solum
1370 1710 1580 1767 publicas,
1611 1712 1685 1754 sed

205 1771 335 1812 etiam
356 1769 546 1827 privatas
568 1768 742 1826 injurias
772 1768 890 1809 ultus
911 1777 989 1816 est,
1022 1768 1140 1825 quod
1160 1768 1250 1825 ejus
1278 1768 1412 1810 soceri
1444 1768 1494 1810 L.
1518 1769 1683 1812 Pisonis

208 1887 429 1927 dicunturque
448 1884 547 1916 AEdui
567 1883 731 1922 Ambarri,
756 1889 792 1914 ut
809 1883 910 1914 Locri
1025 1884 1155 1916 Incred.
1192 1884 1332 1915 lenitate.
1399 1886 1508 1917 Stante·
1545 1887 1682 1919 similem

209 1930 350 1971 Opuntii
367 1937 400 1960 et
417 1929 542 1968 Ozolae,
570 1929 614 1959 ita
635 1933 669 1957 ut
688 1927 829 1967 Opuntii
847 1927 912 1957 sint
978 1926 1078 1958 Silius
1095 1926 1177 1957 dicit
1194 1931 1224 1964 3,
1241 1929 1317 1958 457.
1333 1926 1390 1958 alii
1404 1929 1541 1960 levitate.

210 1985 284 2016 pars
298 1973 474 2004 Locrensis
484 1971 642 2003 civitatis.
674 1970 909 2011 Mihiquidem
1024 1972 1189 2005 Quartam
1204 1982 1287 2002 vero.
1335 1971 1481 2012 Ahfere.

208 2029 285 2049 cum
323 2016 503 2048 Ciacconio
543 2015 672 2046 videtur
711 2015 909 2055 legendum:
1023 2015 1390 2054 Aclqresstes—concidit.
1426 2014 1504 2046 Non
1521 2013 1593 2057 ipse
1607 2015 1680 2047 Cae-

208 2063 333 2093 Eodem
353 2067 491 2102 tempore
511 2060 674 2096 Ambarri,
697 2060 910 2089 ‘necessarii-—

207 2121 249 2126 -—
265 2104 386 2135 ceteris
410 2103 565 2134 omnibus
588 2101 735 2140 omissis,
757 2100 836 2142 quia
862 2100 908 2131 sic

206 2154 257 2179 est
281 2148 313 2178 in
337 2146 539 2188 metaphrasi
554 2146 681 2177 Graeca.
728 2145 820 2175 Hanc
842 2144 910 2175 lec-

208 2192 334 2223 tionem
357 2190 443 2222 alius
470 2190 567 2221 aliter
595 2188 764 2229 explicare
792 2187 908 2227 voluit,

206 2235 389 2267 Ambarros
411 2244 542 2275 quoque
567 2243 638 2263 esse
665 2233 804 2269 AEduos,
829 2233 910 2262 Am-

207 2279 323 2309 barros
338 2288 408 2309 esse
425 2278 573 2308 diversos
586 2276 629 2306 ab
647 2275 777 2312 AEduss,
789 2275 910 2306 ambos

207 2323 326 2353 eodem
338 2328 487 2363 tempore
501 2321 627 2361 legatos
639 2319 787 2357 misisse3
804 2330 821 2348 e
836 2319 909 2359 qui-

207 2366 270 2397 bus
294 2364 573 2406 explicationibus
596 2362 769 2393 varietates
799 2362 909 2402 plures

206 2414 309 2441 enatae
325 2415 410 2440 sunt.
455 2408 551 2441 Infra,
573 2417 603 2437 c.
625 2408 672 2436 14.
696 2405 849 2436 Ambarri
865 2405 909 2435 ab

209 2453 326 2484 AEduis
352 2453 397 2484 ita
427 2452 681 2492 distinguuntur,
712 2455 747 2479 ut
771 2459 835 2480 non
860 2449 909 2478 vi-

207 2497 343 2528 deantur
379 2507 451 2528 esse
489 2505 564 2536 pars
602 2492 745 2524 civitatis
778 2493 907 2524 AEduae.

208 2540 297 2571 Idem
316 2540 508 2582 intelligitur
533 2549 551 2569 e
572 2538 646 2568 loco
662 2535 750 2568 Livii
774 2537 822 2575 (5,
840 2537 909 2573 34.)

206 2583 265 2613 ubi
295 2584 450 2625 deinceps
475 2586 703 2614 enumerantur
729 2579 909 2620 Bituriges,

208 2628 356 2665 Arverni,
395 2630 552 2664 Senones,
592 2623 705 2661 AEdui,
742 2622 908 2660 Ambarri,

207 2670 380 2701 Carnutes:
397 2678 545 2712 apertum
558 2668 646 2699 enim
660 2673 721 2698 est.
731 2667 908 2698 Ambarros

207 2724 279 2744 esse
295 2713 477 2752 civitatem,
499 2724 517 2744 a
535 2711 651 2743 ceteris
674 2711 848 2747 diversam,
873 2715 908 2740 ut

207 2756 355 2794 Arverni,
379 2757 548 2795 Camutes,
571 2755 694 2795 aliique
721 2753 907 2795 peculiares

206 2805 319 2841 gentes
334 2800 470 2831 Gallica:
486 2802 625 2830 fuerunt.
649 2799 699 2830 M.
746 2797 784 2826 Τὸ
802 2797 908 2827 AEclm'

207 2843 263 2875 hic
288 2850 338 2874 est
359 2843 468 2874 nihili.
491 2852 655 2884 expungO.
679 2843 720 2872 de
739 2841 907 2872 Amabam-ts

205 2887 281 2918 vide
299 2886 365 2918 ind.
382 2887 572 2930 Geograph.

206 2970 214 2980 ι
252 2932 297 2962 In
327 2932 497 2965 Santonos.
548 2930 601 2962 Al.
632 2932 799 2963 Santones.
833 2938 905 2971 per-

209 2975 282 3006 inde
298 2980 359 3006 est.

977 2068 1028 2089 sar
1046 2057 1136 2095 fecit,
1161 2058 1218 2088 sed
1244 2068 1302 2097 per
1316 2056 1504 2089 Labienum
1523 2059 1683 2101 legatum,

977 2107 1011 2132 ut
1028 2101 1147 2132 diserte
1164 2100 1261 2132 tradit
1275 2101 1442 2132 Plutarch.
1458 2102 1491 2133 in
1504 2102 1589 2134 Caes.
1606 2113 1681 2146 cap.

981 2147 1031 2175 18.
1057 2146 1106 2175 M.
1151 2143 1300 2185 Triginta
1323 2144 1430 2176 millia
1453 2156 1538 2177 caesa
1553 2147 1683 2188 Polyae-

978 2199 1038 2219 nus
1055 2187 1168 2219 scribit
1186 2191 1217 2225 8,
1242 2191 1294 2219 93.
1319 2193 1466 2220 ceterum
1492 2200 1550 2230 pro
1571 2192 1680 2223 Arare

980 2232 1182 2262 Rhodanum
1216 2231 1320 2272 ponit.
1377 2232 1427 2263 De
1464 2232 1615 2264 Labieno
1648 2243 1681 2264 v.

976 2275 1149 2317 Appianus
1165 2276 1187 2306 l.
1203 2286 1279 2306 mox
1297 2274 1355 2306 cit.

1033 2321 1158 2358 Pasyris.
1218 2319 1335 2349 Paullo
1366 2323 1443 2349 ante
1478 2317 1574 2357 dixit,
1599 2330 1682 2361 pars

980 2363 1222 2393 Helretifflwn:
1259 2362 1358 2403 paulo
1385 2366 1471 2402 pont,
1492 2373 1574 2402 pars
1603 2365 1678 2395 civi-

975 2407 1048 2437 tatis
1073 2407 1239 2437 Heli-erice.
1286 2405 1397 2436 Facile
1421 2415 1512 2446 erge,
1533 2406 1614 2447 quid
1637 2407 1681 2439 sit

978 2460 1093 2489 pagus,
1127 2449 1178 2480 his
1209 2447 1439 2490 comparandis
1470 2448 1678 2492 intelligitur.

977 2492 1030 2522 Cf.
1047 2503 1077 2522 c.
1096 2494 1147 2523 37.
1173 2493 1222 2523 M.

1023 2538 1182 2567 Cassium.
1207 2535 1251 2566 cf.
1267 2546 1297 2566 c.
1314 2537 1345 2566 7.
1390 2536 1472 2567 IIaec
1514 2535 1598 2578 ipsis
1626 2536 1680 2570 his

975 2579 1084 2609 verbis
1107 2580 1260 2619 leguntur
1284 2578 1314 2609 in
1332 2579 1477 2620 Appiani
1493 2580 1678 2621 fragmento

975 2623 1015 2651 dc
1028 2623 1124 2653 bellis
1136 2622 1286 2659 Gallicis,
1305 2633 1379 2663 pag.
1391 2625 1466 2654 755.
1481 2624 1534 2654 ed.
1546 2625 1677 2666 steph„

973 2667 1071 2696 ducta
1108 2676 1149 2697 ex
1186 2665 1318 2698 Claudii
1362 2666 1457 2697 Pauli
1493 2668 1676 2699 annalibus.

976 2710 1024 2739 M.
1052 2710 1093 2740 V.
1118 2715 1187 2740 not.
1215 2710 1257 2740 ad
1283 2708 1391 2740 Taciti
1420 2710 1531 2741 Germ.
1564 2713 1616 2742 37.
1647 2710 1675 2743 is

974 2752 1046 2783 scil.
1071 2753 1250 2784 Germanos
1279 2752 1380 2784 caedis
1409 2760 1560 2784 auctores
1582 2753 1674 2792 facit,

973 2796 1034 2826 sub
1060 2795 1099 2827 iis
1122 2796 1236 2828 Gallos
1269 2797 1476 2836 complexus.
1527 2798 1576 2829 Ea
1606 2798 1674 2830 cla-

973 2840 1031 2869 des
1054 2841 1095 2870 ad
1123 2851 1153 2872 a.
1180 2840 1220 2872 U.
1245 2839 1284 2871 C.
1311 2842 1385 2872 646.
1419 2838 1569 2883 pertinet.
1620 2840 1674 2873 Cf.

974 2882 1124 2924 Pighius.

1018 2928 1139 3002 Scfceaz'q
1152 2928 1190 2960 L.
1219 2929 1356 2962 Pisonis.
1380 2927 1424 2960 cf.
1447 2928 1583 2961 Sueton.
1602 2927 1672 2966 Jul.

973 2980 1003 3001 c.
1020 2973 1038 3001 2
1063 2993 1073 3008 ,
1116 2994 1146 3003 -.
