1946 3261
250 219 338 270 400
705 219 790 265 DE
823 218 1028 265 BELLO
1060 216 1274 264 CIVILI.

250 349 611 409 Pompeianorum
656 347 872 408 inpetum,
931 364 1069 407 quum
1129 348 1298 391 adesset
1345 361 1462 398 usus,
1523 345 1729 393 sustinere

245 410 460 454 auderent
499 423 641 466 neque
685 423 948 467 magnopere
993 423 1143 450 eorum
1189 405 1472 450 multitudine
1513 414 1728 450 terreren-

246 478 334 511 tur.
418 466 622 524 Namque
670 468 800 510 etiam
849 482 927 525 per
977 483 1049 510 eos
1093 465 1185 508 dies
1236 464 1443 524 proelium
1490 465 1727 508 secundum

246 534 447 584 equestre
477 525 597 576 fecit,
627 533 761 584 atque
794 525 957 583 AEgum
989 524 1278 583 Allobrogem
1307 540 1362 568 ex
1391 523 1578 574 duobus,
1622 538 1732 581 quos

248 585 490 643 perfugisse
518 585 574 628 ad
607 584 862 644 Pompeium
892 600 1024 642 supra
1053 583 1291 634 docuimus,
1333 599 1434 626 cum
1464 582 1730 642 quibusdam

248 644 483 687 interfecit.

306 703 378 747 85.
415 701 661 761 Pompeius,
699 702 802 760 quia
829 709 971 745 castra
1006 700 1050 744 in
1087 701 1199 745 colle
1231 701 1438 751 habebat,
1472 701 1529 744 ad
1561 701 1726 745 infimas

247 762 410 806 radices
429 761 584 805 montis
604 762 738 804 aciem
759 761 1002 804 instruebat
1021 775 1031 809 ;
1062 775 1249 819 semper,
1269 769 1320 803 ut
1340 761 1586 813 videbatur,
1608 777 1729 820 spec-

247 830 358 871 tans,
409 821 442 864 si
483 820 638 877 iniquis
679 820 780 862 loeis
820 820 963 863 Caesar
1002 835 1045 861 se
1086 819 1337 877 subjiceret.
1404 819 1566 869 Caesar,
1607 820 1730 862 nulla

247 880 414 924 ratione
449 879 505 922 ad
539 894 732 937 pugnam
767 879 862 921 elici
897 894 1019 937 posse
1044 877 1299 935 Pompeium
1322 877 1585 928 existimans,
1617 878 1728 921 hanc

245 939 327 982 sibi
354 937 739 982 commodissimam
770 937 873 980 belli
907 936 1118 980 rationem
1142 936 1373 994 judicavit,
1408 937 1473 979 uti
1507 945 1648 980 castra
1677 952 1731 980 ex

246 1013 298 1041 eo
328 998 422 1041 loco
446 1005 641 1041 moveret
663 1012 919 1054 semperque
941 1003 1050 1038 esset
1071 995 1114 1038 in
1135 995 1364 1038 itineribus
1383 1010 1392 1037 z
1435 994 1515 1038 hoc
1535 1010 1730 1054 sperans,

248 1065 316 1108 ut,
365 1056 586 1100 movendis
626 1055 776 1098 castris
813 1055 1105 1113 pluribusque
1141 1054 1347 1097 adeundis
1388 1053 1509 1104 locis,
1546 1069 1731 1098 commo-

246 1116 367 1160 diore
399 1114 684 1158 frumentaria
712 1130 758 1156 re
791 1121 1024 1156 uteretur:
1061 1113 1284 1170 simulque‘
1311 1113 1355 1156 in
1388 1113 1539 1156 itinere
1574 1122 1625 1156 ut
1653 1113 1732 1156 ali-

243 1191 377 1233 quam
412 1173 674 1216 occasionem
710 1172 939 1215 dimicandi
969 1172 1307 1222 nancisceretur,
1346 1180 1390 1214 et
1422 1171 1643 1215 insolitum
1672 1172 1729 1215 ad

246 1234 444 1278 laborem
487 1232 681 1289 Pompeii
723 1232 964 1274 exercitum
1003 1230 1265 1289 quotidianis
1307 1230 1533 1273 itineribus
1573 1230 1732 1273 defati-

246 1300 389 1351 garet.
454 1290 536 1333 His
573 1290 820 1333 constitutis
853 1290 1001 1338 rebus,
1035 1289 1157 1346 signo
1182 1289 1271 1346 jam
1295 1288 1576 1346 profectionis
1607 1288 1731 1340 dato,

246 1349 628 1406 tabernaculisque
673 1348 874 1398 detensis,
926 1345 1270 1390 animadversum
1308 1355 1388 1396 est,
1442 1347 1578 1391 iaullo
1615 1356 1733 1398 ante,

246 1419 371 1452 extra
390 1408 690 1468 quotidianam
718 1406 1085 1455 consuetudinem,
1120 1405 1291 1463 longius
1308 1420 1333 1448 a
1353 1364 1468 1449 vallo
1491 1423 1579 1449 esse
1595 1407 1730 1450 aciem

250 1468 446 1527 Pompeii
496 1482 785 1526 progressam,
835 1475 886 1508 ut
928 1481 1012 1509 non
1055 1465 1203 1522 iniquo
1240 1465 1337 1508 loco
1377 1481 1502 1523 posse
1537 1465 1737 1514 dimicari

247 1527 490 1570 videretur.
553 1526 678 1569 Tunc
703 1525 847 1568 Caesar
868 1525 984 1583 apud
1006 1540 1121 1573 suos,
1156 1540 1292 1581 quum
1321 1524 1408 1581 jam
1436 1533 1547 1567 esset
1576 1539 1732 1583 agmen

248 1587 291 1630 in
316 1586 471 1646 portis,
497 1591 526 1611 “
544 1584 844 1627 Differendum
860 1586 968 1633 est‚''
986 1584 1145 1640 inquit,
1162 1590 1191 1608 “
1211 1583 1293 1625 iter
1310 1583 1352 1624 iu
1368 1583 1592 1641 praesentia
1611 1584 1734 1627 nobis

248 1654 279 1672 ‘⁴
303 1655 347 1689 et
390 1645 445 1687 de
481 1643 637 1702 proelio
676 1641 971 1700 cogitandum,
1013 1643 1126 1685 sicut
1165 1657 1333 1700 semper
1369 1642 1732 1701 depoposcimus:

249 1712 280 1732 ‘⁶
303 1704 443 1746 animo
483 1702 613 1759 simus
653 1701 708 1743 ad
748 1700 1042 1743 dimicandum
1094 1701 1267 1758 parati;
1321 1715 1405 1743 non
1448 1701 1574 1744 facile
1611 1717 1732 1744 occa-

251 1771 280 1791 “
304 1763 464 1805 sionem
483 1769 632 1820 postea
655 1760 916 1818 reperiemus
938 1762 977 1802 :’'
1011 1760 1321 1817 confestimque
1341 1758 1566 1817 expeditas
1586 1759 1734 1818 copias

251 1821 412 1866 educit.

308 1880 380 1923 86.
429 1878 662 1938 Pompeius
697 1894 892 1938 quoque,
930 1888 980 1921 ut
1015 1886 1163 1945 postea
1195 1877 1418 1935 cognitum
1449 1886 1528 1928 est,
1558 1893 1733 1922 suorum

250 1940 442 1985 omnium
463 1938 642 1981 hortatu
663 1946 877 1980 statuerat
899 1937 1056 1995 proelio
1078 1937 1316 1980 decertare.
1380 1938 1583 1995 Namque
1601 1939 1734 1981 etiam

249 2000 295 2043 in
328 1997 505 2042 consilio
539 1996 838 2055 superioribus
870 1996 1025 2039 diebus
1059 1996 1244 2044 dixerat,
1286 1996 1595 2053 “priusquam
1633 2011 1732 2039 con-

253 2065 283 2085 “
307 2063 535 2101 currerent
569 2056 694 2105 acies,
735 2055 843 2104 fore,
884 2054 950 2097 uti
984 2055 1200 2097 exercitus
1235 2055 1415 2097 Caesaris
1450 2054 1738 2113 pelleretu1·.''

254 2116 306 2161 Id
329 2133 427 2160 cum
447 2123 582 2158 essent
606 2114 804 2173 plerique
824 2113 1042 2165 admirati,
1067 2122 1095 2141 ‘⁶
1121 2114 1220 2157 Scio
1243 2115 1352 2164 me,”
1374 2113 1533 2172 inquit,
1557 2121 1585 2140 “
1610 2129 1735 2174 paene

303 2280 417 2316 Quum
432 2278 560 2311 adosse!
581 2289 674 2317 usus,
688 2289 793 2320 quum
812 2288 892 2310 usus
907 2288 965 2310 ve·
1031 2286 1175 2320 quatuor
1192 2278 1297 2310 verba
1319 2277 1440 2310 absunt
1456 2289 1475 2310 a
1493 2278 1571 2309 cod.
1588 2276 1738 2320 optimo,

255 2322 374 2363 nisset,
388 2334 492 2366 quum
509 2334 595 2365 opus
611 2330 709 2355 esset.
736 2325 787 2354 M.
1032 2323 1192 2355 Leidensi
1207 2323 1330 2365 primo.
1367 2323 1458 2363 Ergo
1470 2322 1688 2354 Mai-claudus
1704 2322 1738 2353 in

308 2371 418 2400 Unum
428 2368 650 2408 Allobroqem.
665 2367 747 2398 Tres
757 2368 853 2398 codd.
868 2366 965 2405 boni,
1033 2367 1206 2409 Explicat.
1231 2374 1312 2399 vett.
1340 2374 1429 2398 auct.
1460 2377 1493 2408 p.
1521 2367 1585 2398 275
1607 2376 1647 2398 ea
1663 2364 1738 2398 tolli

259 2412 390 2455 AEqum
419 2412 586 2454 Allobroy.
619 2412 743 2442 Recte:
775 2421 852 2442 nam
885 2423 964 2452 cap.
1033 2413 1130 2451 vult;
1165 2421 1230 2443 non
1259 2412 1349 2443 enim
1378 2412 1550 2452 adparere,
1581 2410 1665 2452 quid
1696 2410 1739 2442 sit

259 2458 313 2488 59.
340 2462 446 2489 exstat
475 2456 539 2489 hoc
568 2464 690 2487 nomen
715 2454 814 2486 unius
842 2455 962 2486 horum
1028 2457 1134 2498 paulo
1159 2461 1246 2488 ante.
1296 2456 1368 2487 Sed
1399 2454 1532 2493 dubito,
1563 2464 1605 2486 an
1638 2454 1739 2486 unius

259 2500 496 2541 Allobrogum.
525 2500 618 2531 Idem
641 2497 782 2530 Davisio
811 2504 844 2529 et
872 2499 963 2530 Oud.
1032 2499 1165 2531 codicis
1179 2500 1383 2531 auctoritate
1407 2499 1480 2531 liaec
1497 2498 1611 2530 omnia
1623 2498 1738 2530 statim

259 2545 370 2576 visum
386 2551 450 2576 est.
481 2543 533 2576 M.
572 2543 601 2575 Ε
618 2542 740 2574 codice
756 2542 886 2574 restitui
905 2553 965 2575 no-
1032 2544 1182 2575 tollenda
1205 2544 1285 2581 sint,
1315 2543 1498 2585 praesertim
1523 2553 1602 2574 cum
1634 2543 1737 2585 paulo

258 2600 336 2622 men
353 2588 513 2626 debebat,
527 2587 619 2629 quod
635 2587 681 2618 ita
695 2585 773 2618 feci.
1031 2593 1110 2620 (tute
1129 2587 1238 2629 possit
1251 2588 1431 2619 commode
1440 2587 1598 2627 intelligi.
1621 2587 1673 2618 M.

306 2636 395 2668 Quia
417 2638 529 2664 eastra
555 2634 592 2663 in
616 2632 698 2663 colle
723 2630 877 2662 habebat.
904 2630 965 2663 alii
1080 2632 1361 2673 Coqimndum—
1368 2633 1496 2673 parati.
1539 2631 1568 2662 E
1588 2629 1740 2671 vestigiis

258 2679 375 2709 castris
390 2679 428 2708 in
443 2678 524 2708 colle
537 2676 669 2707 habitis.
1032 2676 1136 2707 codd.
1167 2675 1282 2717 potius
1311 2676 1443 2716 legetur
1461 2687 1469 2706 :
1507 2674 1737 2716 coqitmulum,

307 2723 478 2763 Spectans,
494 2719 554 2752 alii
577 2723 780 2762 exspectans.
817 2718 872 2751 Cf.
889 2729 965 2761 cap.
1029 2722 1070 2758 si,
1100 2725 1135 2752 ut
1164 2730 1292 2761 semper
1327 2720 1588 2761 depoposcimus,
1622 2720 1737 2750 animo

258 2765 312 2796 75.
1031 2774 1150 2794 sumus
1160 2766 1288 2805 parati.
1313 2764 1389 2796 Non
1401 2780 1455 2795 —-.
1471 2763 1522 2795 M.
1538 2762 1653 2794 Placet
1668 2761 1734 2793 hoc

309 2809 473 2846 optensis,
497 2806 558 2839 alii
588 2808 676 2839 male
705 2808 857 2839 incensis.
890 2806 964 2840 Liv.
1033 2807 1203 2839 Bentleio.

258 2852 807 2892 41,3.t‹1be1mc1culadelendum.
1080 2852 1122 2883 In
1161 2853 1309 2883 consilia.
1364 2849 1479 2892 Vulgo
1514 2851 1551 2881 in
1586 2850 1736 2883 concilio.

304 2897 400 2935 Ante,
424 2901 518 2932 evera
543 2896 670 2939 quoted.
697 2900 841 2934 consuet.
876 2895 962 2932 Ilaec
1033 2894 1235 2934 Emendavit
1252 2896 1342 2934 oud.
1359 2895 1458 2932 etsie
1474 2894 1635 2931 edd.vet·
