1946 3261
285 255 366 297 180
695 249 778 292 DE
812 246 1013 291 BELLO
1047 246 1341 291 GALLICO.

281 387 314 407 “
339 378 501 422 Trabes
522 375 711 424 directae‚
734 382 956 432 perpetuae
984 372 1027 414 in
1054 371 1381 430 longitudinem,
1407 373 1582 430 paribus
1610 371 1742 414 inter-

282 445 313 464 “
337 436 457 479 vallis
478 435 683 476 distantes
697 433 808 475 inter
825 450 867 475 se
882 433 1002 474 binos
1016 430 1160 487 pedes,
1182 432 1222 473 in
1236 431 1325 475 solo
1339 432 1616 473 conlocantur
1635 445 1644 476 ;
1676 429 1740 471 hae

286 503 316 522 ‘⁶
341 493 635 537 revinciuntur
652 492 862 534 introrsus
882 500 924 532 et
944 490 1082 530 multo
1099 505 1257 546 aggere
1275 490 1532 531 vestiuntur.
1595 489 1658 530 Ea
1675 503 1752 528 au-

289 560 319 579 “
343 553 446 601 tem',
461 567 556 608 quae
569 550 769 599 diximus,
785 548 1013 591 intervalla
1031 548 1267 604 grandibus
1284 548 1325 589 in
1343 548 1486 590 fronte
1500 548 1607 589 saxis
1628 546 1753 587 effar-

288 618 319 637 “
342 610 530 653 ciuntur.
595 608 676 650 His
695 606 925 650 conlocatis
941 614 984 647 et
1002 606 1307 662 coagmentatis
1327 606 1434 648 alius
1451 606 1624 663 insuper
1642 603 1748 646 ordo

290 676 321 695 “
346 668 563 727 adjicitur,
591 674 641 708 ut
670 666 780 707 idem
809 665 916 706 illud
946 663 1220 705 intervallum
1242 673 1454 713 servetur,
1478 680 1617 722 neque
1638 663 1749 704 inter

289 735 322 754 ‘⁸
341 743 384 770 se
405 725 656 783 contingant
673 724 834 771 trabes,
853 722 926 764 sed
943 721 1118 779 paribus
1136 722 1381 765 intermissae
1397 723 1558 780 spatiis,
1578 721 1756 779 singulae

292 792 323 812 “
345 783 523 842 singulis
541 782 651 825 saxis
676 781 925 839 interjectis,
955 789 1048 822 arte
1076 781 1390 822 contineantur.
1455 781 1527 822 Sic
1557 780 1755 836 deinceps

293 851 325 877 ‘5
346 858 468 885 omne
489 857 597 898 opus
617 840 876 889 contexitur,
903 839 1009 880 dum
1032 839 1148 895 justa
1176 838 1287 880 muri
1309 839 1494 881 altitudo
1514 839 1754 896 expleatur.

292 909 323 929 “
350 901 450 944 Hoc
465 915 601 957 quum
618 899 661 940 in
680 898 866 956 speciem
887 897 1223 953 varietatemque
1241 913 1349 954 opus
1366 897 1558 939 deforme
1577 911 1661 939 non
1680 904 1759 942 est,

294 967 325 988 “
346 958 525 1006 alternis
543 956 741 999 trabibus
754 972 803 998 ac
824 956 948 1004 saxis,
966 971 1060 1012 quae
1081 956 1210 997 rectis
1228 955 1349 996 lineis
1370 971 1467 997 suos
1487 954 1657 997 ordines
1677 969 1760 995 ser-

292 1025 324 1046 “
346 1025 450 1061 vant
468 1031 480 1065 ;
502 1021 611 1058 'tum
631 1014 687 1056 ad
708 1014 941 1056 utilitatem
965 1022 1010 1056 et
1038 1013 1325 1055 defensionem
1354 1014 1526 1055 urbium
1553 1027 1760 1055 summam

292 1085 324 1104 ‘⁶
345 1075 478 1118 habet
508 1073 910 1131 obportunitatem2
948 1071 1067 1129 quod
1100 1081 1144 1114 et
1171 1072 1226 1113 ab
1264 1071 1458 1114 incendio
1484 1071 1590 1130 lapis
1627 1079 1670 1112 et
1705 1070 1762 1112 ab

296 1143 329 1163 ‘⁶
349 1133 483 1177 ariete
518 1131 698 1174 materia
737 1131 942 1179 defendit,
985 1146 1094 1187 quae,
1137 1130 1357 1187 perpetuis
1391 1130 1588 1173 trabibus
1631 1129 1759 1187 pedes

296 1201 328 1221 “
350 1191 650 1251 quadragenos
689 1189 945 1246 plerumque
986 1189 1195 1231 introrsus
1232 1187 1438 1237 revincta,
1482 1204 1620 1244 neque
1663 1203 1758 1245 per-

294 1259 325 1280 “
348 1250 510 1307 rumpi,
531 1263 671 1305 neque
689 1247 868 1289 distrahi
890 1248 1075 1304 potest.''

354 1308 427 1350 24.
459 1306 515 1349 Iis
550 1314 617 1347 tot
648 1305 777 1347 rebus
811 1305 1005 1361 inpedita
1042 1304 1382 1361 obpugnatione,
1420 1302 1590 1351 milites,
1627 1317 1763 1360 quum

293 1374 390 1410 toto
409 1373 605 1422 tempore
632 1363 742 1411 luto,
776 1362 938 1419 frigore
970 1371 1013 1403 et
1034 1362 1222 1403 adsiduis
1242 1361 1450 1403 imbribus
1473 1360 1762 1408 tardarentur,

295 1434 441 1468 tamen
471 1421 706 1464 continenti
739 1421 886 1463 labore
914 1419 1054 1462 omnia
1088 1419 1176 1462 haec
1208 1428 1521 1477 superaverunt
1551 1428 1594 1460 et
1615 1418 1766 1460 diebus

294 1481 424 1527 XXV
443 1495 661 1538 aggerem,
684 1479 820 1521 latum
843 1477 972 1537 pedes
995 1477 1257 1527 CCCXXX,
1280 1479 1416 1520 altum
1439 1477 1565 1534 pedes
1588 1477 1765 1524 LXXX,

294 1546 616 1584 exstruxerunt.
681 1537 828 1586 Quum
860 1537 894 1579 is
922 1552 1096 1578 murum
1124 1536 1310 1579 hostium
1344 1551 1461 1593 paene
1483 1533 1766 1593 contingeret,

296 1608 344 1642 et
376 1598 521 1640 Caesar
551 1596 605 1638 ad
633 1610 740 1652 opus
769 1594 1073 1637 consuetudine
1095 1595 1329 1637 excubaret
1360 1594 1601 1650 militesque
1620 1593 1767 1636 cohor-

297 1663 486 1704 taretur,
521 1669 573 1696 ne
603 1652 722 1711 quod
755 1653 925 1696 omnino
955 1662 1122 1710 tempus
1157 1654 1212 1695 ab
1233 1667 1362 1710 opere
1384 1652 1766 1707 intermitteretur:

298 1714 453 1773 paullo
473 1720 573 1754 ante
593 1711 766 1753 tertiam
787 1711 978 1768 vigiliam
1001 1721 1063 1753 est
1082 1711 1434 1758 animadversum,
1458 1711 1621 1751 fumare
1640 1725 1767 1767 agge-

297 1788 407 1821 rem,
429 1786 559 1828 quem
581 1768 779 1811 cuniculo
806 1768 946 1811 hostes
967 1769 1289 1811 succenderant:
1324 1768 1556 1825 eodemque
1578 1777 1768 1825 tempore

298 1839 396 1874 toto
426 1844 551 1872 muro
578 1827 763 1871 clamore
782 1827 967 1876 sublato,
1003 1827 1169 1870 duabus
1192 1827 1327 1885 portis
1347 1827 1402 1869 ab
1425 1836 1611 1884 utroque
1635 1827 1766 1868 latere

355 1948 481 1980 Trabes
492 1946 636 1984 directae,
659 1944 782 1985 yet-ade
810 1945 944 1975 Balken.
969 1955 1002 1975 v.

306 1992 380 2026 Ind.
403 1991 488 2022 Mox
504 1989 602 2027 dicit,
616 1991 712 2020 rectis
725 1989 832 2018 lineis.
857 1989 908 2018 M.

352 2037 524 2076 Perpetuae
538 2036 575 2064 in
589 2033 679 2073 lonq.
701 2031 894 2062 continuata
917 2031 1004 2062 serie

308 2089 405 2111 nexae
423 2077 475 2117 (h.
490 2087 521 2107 e.
537 2075 596 2113 sic,
620 2082 654 2106 ut
676 2081 822 2106 extrema
845 2075 1004 2106 extremis

309 2127 445 2158 coeant,
458 2121 511 2151 vel
527 2118 720 2150 extremitas
736 2117 834 2148 unius
848 2118 1005 2149 extremi·

309 2166 370 2198 tati
401 2163 540 2195 alterius
570 2162 711 2202 inligata
741 2161 908 2202 infixaque
938 2161 1007 2199 sit),

311 2216 344 2241 et
359 2208 496 2250 quidem
512 2206 545 2237 in
562 2204 817 2245 longitudinem.
853 2205 920 2243 Sic,
935 2215 1008 2236 mo-

310 2259 411 2284 nente
452 2249 706 2289 Oudendorpio,
744 2249 805 2279 hoc
845 2248 1010 2279 intellexit

313 2295 517 2329 Lambertus
533 2293 600 2324 Bos
617 2292 648 2323 in
672 2292 840 2329 animadv,
860 2294 902 2323 ad
924 2293 1008 2323 Cas

311 2351 347 2382 p.
371 2341 426 2377 21,
448 2337 655 2376 firmavitque
678 2335 874 2366 sententiam
897 2336 1009 2367 confe-

311 2384 417 2416 rendo
433 2379 579 2421 Josephi
589 2380 666 2411 loco
681 2379 781 2418 (Bell.
799 2379 876 2409 Jud.
892 2381 924 2417 7,
941 2380 1010 2418 33),

311 2427 372 2468 qui
386 2427 418 2458 in
432 2426 488 2457 ed.
511 2421 803 2463 Havercampiana
822 2428 927 2454 exstat
950 2424 1009 2454 lib.

313 2473 347 2510 ⁷,
365 2481 396 2502 e.
414 2472 444 2501 8.
463 2469 492 2507 ᾧ.
509 2471 539 2499 5.
572 2466 681 2498 Locus
698 2465 768 2507 ipse
784 2472 894 2497 nostro
907 2467 1011 2498 estita

314 2513 452 2551 similis,
466 2517 503 2544 ut
516 2510 705 2542 necessario
721 2519 797 2540 cum
813 2520 854 2540 eo
874 2509 915 2541 sit
931 2521 1011 2541 con-

313 2557 478 2589 ferendus.
504 2556 554 2587 M.

364 2603 548 2637 Datames,
562 2597 675 2639 quoad
692 2595 913 2627 altitudinem.
941 2597 989 2627 Μ.

363 2645 407 2675 In
417 2644 484 2674 solo
495 2639 818 2678 conlocantur,humi
832 2646 1011 2680 ponuntur,

316 2688 351 2719 in
369 2687 442 2718 solo
459 2685 688 2727 porriguntur:
722 2693 789 2714 non
805 2689 917 2714 autem
935 2684 1008 2714 solo

319 2731 500 2771 infiguntur
514 2729 575 2767 sic,
594 2733 756 2758 uterectae
774 2732 870 2758 stent.
888 2727 1009 2757 Monu-

316 2780 413 2805 erunt
427 2772 542 2804 Davis.
557 2777 590 2802 et
603 2771 714 2802 Clark.
738 2772 787 2802 M.

366 2819 434 2849 Hae
462 2817 701 2853 revinciuntur,
727 2814 924 2855 copulamur
957 2824 1013 2853 per

318 2860 430 2892 trabes
453 2859 550 2897 alim,
578 2858 715 2898 oblique
742 2857 916 2898 impositas
943 2856 1014 2887 illis

318 2903 455 2935 directis
474 2909 507 2933 et
533 2902 626 2933 humi
657 2901 828 2942 porrectis.
873 2900 1016 2931 Moune-

320 2951 395 2978 runt
411 2945 631 2977 Rhellicanus
641 2951 673 2975 et
686 2946 932 2976 Hotomannus.
967 2945 1015 2975 M.

317 2991 427 3022 Codd.
455 2988 593 3032 quidam
615 2998 679 3020 aere
703 2990 904 3026 vinciuntur,
926 2988 1015 3029 quod

1070 1950 1180 1975 ortum
1213 1955 1253 1974 ex
1281 1945 1346 1981 hae,
1373 1944 1498 1985 scripto
1521 1944 1593 1974 sine
1616 1944 1768 1984 adspira-

1071 1994 1178 2019 tlone.

1117 2033 1292 2069 Introrsus,
1308 2042 1385 2071 ergo
1402 2029 1433 2061 in
1451 2031 1672 2062 latitudinem.
1697 2032 1747 2063 M.

1117 2077 1256 2114 Aqqere,
1271 2082 1355 2105 terra
1370 2082 1494 2115 egesta.
1519 2075 1568 2105 M.

1118 2119 1288 2158 Adjicitur.
1333 2119 1390 2149 Gr.
1413 2119 1617 2154 ἐπιβάλλουσι.

1120 2163 1317 2194 Imermissoe
1326 2164 1446 2202 spatiis.
1485 2162 1615 2193 Frustra
1631 2162 1768 2193 Hotom.

1074 2208 1273 2237 intermissis.
1311 2205 1362 2236 Sic
1381 2205 1471 2236 enim
1487 2212 1519 2235 et
1535 2215 1612 2246 cap.
1631 2206 1683 2236 70.
1697 2208 1770 2247 pla-

1075 2252 1169 2279 mrim
1184 2251 1364 2280 intermissa
1379 2250 1522 2280 oolliba-³.

1124 2294 1266 2332 Sinyulis
1303 2294 1401 2329 saa-is,
1437 2291 1578 2331 singulis
1615 2303 1769 2324 saxorum

1078 2336 1186 2367 stratis
1203 2347 1228 2366 s.
1246 2335 1430 2366 ordinibus.
1456 2336 1505 2365 M.

1124 2381 1168 2410 ,40
1189 2382 1290 2410 saa-tc.
1336 2378 1426 2409 Male
1450 2378 1594 2417 Scaliger
1609 2386 1643 2410 et
1659 2390 1771 2411 recen—

1079 2421 1180 2453 tiores
1195 2428 1263 2459 συί,
1280 2421 1362 2453 vitio
1379 2433 1566 2462 operarum,
1580 2429 1613 2453 ut
1630 2423 1770 2455 videtur.

1125 2467 1276 2499 Materia.
1290 2466 1452 2506 quidquid
1469 2474 1584 2507 praeter
1597 2467 1726 2508 lapides
1739 2466 1772 2497 in

1078 2520 1119 2540 eo
1136 2520 1230 2540 muro
1243 2515 1304 2540 est.
1330 2511 1377 2540 M.

1125 2553 1225 2584 Pedes
1239 2553 1486 2593 quadra-(lenos.
1547 2554 1596 2585 An
1616 2554 1677 2585 hoc
1698 2554 1770 2584 lon-

1076 2596 1261 2637 gitudinem
1283 2597 1488 2637 singularum
1515 2597 1658 2628 trabium
1687 2597 1772 2628 indi-

1075 2642 1150 2672 cat?
1183 2641 1232 2671 M.

1122 2685 1285 2714 Revincta.
1334 2684 1396 2721 An,
1418 2687 1592 2716 revinctis?
1650 2684 1712 2714 Sed
1738 2690 1771 2714 ut

1078 2728 1215 2758 omnino
1237 2728 1424 2767 quamlibet
1446 2728 1710 2759 admonitionem
1734 2728 1775 2758 li-

1078 2771 1198 2801 benter
1212 2771 1326 2804 feram.
1352 2771 1399 2802 ita
1418 2771 1449 2802 in
1475 2771 1664 2812 hujusmodi
1691 2782 1774 2811 prae-

1080 2814 1193 2845 scrtim
1210 2814 1283 2844 loco
1301 2814 1329 2845 si
1346 2814 1463 2846 erroris
1478 2816 1570 2846 fuero
1587 2822 1773 2851 accusatus.

1081 2867 1148 2888 non
1161 2858 1309 2888 mirabor
1320 2868 1372 2889 me
1385 2869 1517 2889 errasse.
1538 2858 1708 2889 'Praetavit
1724 2859 1775 2889 lo-

1082 2912 1160 2976 ‹AEm
1183 2901 1318 2943 Lipsius
1342 2902 1523 2933 Poliorcet.
1546 2904 1579 2941 2,
1604 2904 1622 2932 3
1646 2908 1678 2932 et
1694 2903 1726 2940 3,
1741 2906 1772 2933 5.
