1946 3261
230 164 316 208 476
456 167 510 208 Α.
547 163 748 208 HIRTII
783 162 867 205 DE
901 162 1105 206 BELLO
1141 162 1486 207 AFRICANO.

233 307 332 333 cum
363 290 621 332 Maurorum
643 289 813 332 clrciter
836 288 975 332 tribus
996 289 1168 333 milibus
1189 289 1393 347 adparuit
1412 305 1421 331 ε
1456 288 1515 332 ibi
1534 289 1707 346 paullis-

236 364 314 407 per
353 348 496 390 Caesar
535 355 636 390 ante
671 357 849 406 portum
884 357 1189 399 commoratus,
1227 347 1334 391 dum
1363 348 1543 406 reliquae
1581 363 1709 391 naves

233 405 528 457 convenirent,
550 407 731 464 exponit
751 406 989 450 exercitum
1008 423 1021 456 3
1053 407 1175 465 cujus
1195 422 1398 450 numerus
1418 408 1460 450 in
1482 406 1710 465 praesentia

233 464 318 506 fuit
339 463 537 523 peditum
559 465 628 507 III
650 465 784 518 milia,
806 465 1005 523 equitum
1026 466 1106 509 CL
1125 481 1136 514 ;
1179 466 1416 523 castrisque
1450 472 1550 509 ante
1581 464 1706 523 oppi-

233 522 339 565 dum
376 523 542 581 positis,
583 524 672 567 sine
707 524 861 583 injuria
897 524 1149 583 cujusquam
1180 525 1401 574 consedit;
1445 523 1705 582 cohibetque

231 597 377 625 omnes
397 597 424 624 a
444 582 607 640 praeda.
659 583 878 642 Oppidani
901 583 1073 627 interim
1094 599 1240 627 muros
1265 583 1439 627 armatis
1458 582 1707 642 complent:

232 647 333 683 ante
369 650 544 699 portam
575 642 824 700 frequentes
844 642 1073 685 considunt
1091 643 1148 686 ad
1166 659 1209 687 se
1230 642 1569 686 defendendum:
1602 656 1710 699 quo-

232 714 332 742 rum
361 715 562 744 numerus
591 702 778 744 duarum
810 701 1027 759 legionum
1049 701 1162 744 intus
1191 710 1301 745 erat.
1365 702 1524 754 Caesar,
1546 701 1708 744 circum

232 757 450 817 oppidum
462 768 626 811 vectus,
645 768 801 803 natura
821 760 902 802 loci
921 769 1164 819 perspecta,
1184 761 1299 804 redit
1320 761 1362 804 in
1384 769 1541 804 castra.
1605 759 1709 802 Non

233 832 361 860 nemo
393 817 534 877 culpae
569 820 658 877 ejus
694 818 1066 877 inprudentiaeque
1103 819 1376 877 adsignabat,
1415 818 1534 876 quod
1573 833 1712 875 neque

234 883 403 918 certum
422 877 566 920 locum
588 878 952 936 gubernatoribus
980 878 1294 936 praefectisque,
1334 894 1466 936 quem
1493 884 1710 936 peterent,

234 944 533 994 praeceperat3
565 951 721 995 neque,
744 946 794 979 ut
822 953 913 980 mos
945 937 1076 995 ipsius
1109 937 1462 994 consuetudoque
1482 935 1714 994 superiori-

235 994 316 1037 bus
335 994 606 1053 temporibus
625 997 785 1047 fuerat,
810 996 992 1039 tabellas
1012 997 1200 1055 signatas
1220 996 1420 1046 dederat,
1450 1003 1500 1038 ut
1531 997 1575 1038 in
1606 1002 1712 1037 tem-

235 1068 359 1110 pore,
393 1053 442 1096 iis
471 1054 686 1111 perlectis,
720 1055 863 1097 locum
896 1064 1064 1098 certum
1096 1063 1296 1114 peterent
1317 1053 1518 1098 universi.
1582 1052 1711 1103 Quod

235 1111 407 1154 minime
431 1113 642 1155 Caesarem
666 1113 911 1155 fefellerat:
959 1130 1143 1172 namque
1175 1114 1344 1156 nullum
1377 1121 1554 1172 portum
1583 1119 1713 1154 terrae

236 1169 412 1221 Africae,
431 1187 519 1228 quo
541 1171 692 1214 classes
711 1172 1008 1222 decurrerent,
1032 1189 1114 1231 pro
1138 1182 1257 1215 certo
1279 1181 1426 1215 tutum
1447 1172 1504 1214 ab
1522 1170 1712 1213 hostium

233 1228 432 1287 praesidio
452 1229 544 1271 fore
565 1230 871 1288 suspicabatur
892 1247 902 1281 ;
934 1231 1007 1273 sed
1031 1232 1217 1274 fortuitu
1240 1231 1432 1274 oblatam
1451 1228 1713 1272 occasionem

232 1303 425 1345 egressus
445 1289 766 1346 aucupabatur.

290 1346 334 1388 4.
382 1345 432 1387 L.
466 1346 649 1389 Plancus
682 1347 853 1390 interim
889 1347 1081 1405 Legatus
1117 1347 1229 1405 petit
1261 1363 1285 1389 a
1321 1348 1506 1398 Caesare,
1540 1347 1605 1390 uti
1635 1344 1714 1388 sibi

233 1402 360 1447 daret
412 1404 663 1447 facultatem
714 1422 812 1448 cum
855 1406 1057 1449 Considio
1098 1405 1272 1464 agendi,
1316 1407 1349 1449 si
1388 1414 1532 1465 posset
1569 1405 1626 1450 ali
1661 1420 1717 1447 ua

236 1463 403 1506 ratione
426 1464 607 1522 perduci
639 1463 694 1506 ad
728 1465 967 1507 sanitatem.
1032 1464 1203 1523 Itaque,
1245 1465 1348 1508 data
1388 1422 1717 1516 facultate‚clit-

238 1526 352 1564 teras
384 1522 617 1566 conscribit
639 1532 682 1566 et
705 1539 774 1566 eas
796 1525 974 1583 captivo
1007 1523 1083 1566 dat
1120 1524 1397 1582 perferendas
1432 1524 1475 1567 in
1508 1523 1718 1584 oppidum

236 1580 291 1622 ad
335 1581 603 1631 Considium,
645 1582 744 1631 Quo
780 1583 906 1625 simul
941 1593 1075 1642 atque.
1112 1584 1308 1640 captivus
1347 1583 1611 1642 pervenisset
1650 1581 1721 1624 lit-

236 1647 454 1697 terasque,
489 1649 540 1682 ut
572 1649 666 1682 erat
702 1641 972 1691 mandatum,
1007 1642 1214 1686 Considio
1253 1643 1476 1710 porrigere
1504 1642 1718 1701 coepisset,

236 1698 489 1755 priusquam
510 1699 728 1757 acciperet
757 1699 846 1750 ille,
884 1707 913 1725 ‘⁴
937 1701 1111 1751 Unde,”
1145 1701 1304 1757 inquit,
1339 1709 1368 1727 “
1395 1702 1495 1744 istas
1509 1702 1555 1743 'P’
1603 1701 1716 1743 Tum

237 1757 468 1816 captivus:
535 1758 865 1816 “Imperatore
915 1774 941 1801 a
991 1760 1208 1802 Caesare.'‘
1296 1760 1421 1802 Tunc
1474 1759 1718 1809 Considius,

286 1920 341 1950 Iba
355 1919 553 1961 paullisper.
586 1917 677 1950 Male
704 1924 779 1950 ante
805 1918 851 1948 ibi
875 1917 945 1948 dis-

239 1962 361 1996 tinctio
377 1964 483 2005 major
497 1968 566 1996 erat
583 1963 707 2004 posita.
731 1972 832 2003 quam
855 1961 943 1993 Oud.

239 2007 385 2039 sustulit.

288 2053 449 2093 Equitum
469 2052 537 2084 CL.
567 2050 634 2082 Alii
652 2052 697 2081 D.

288 2098 371 2127 Amo
399 2100 546 2136 portam.
610 2094 717 2125 Codd.
750 2094 836 2125 male
868 2105 947 2136 por-

241 2145 323 2173 tum.
355 2139 438 2170 Mox
455 2139 608 2170 Jurinius
624 2141 814 2170 commum.

290 2185 405 2225 Neque
435 2188 561 2214 certum
583 2185 690 2214 Iocum
719 2199 763 2204 —
788 2188 946 2223 poterent.

243 2228 344 2259 Hunc
362 2237 497 2259 sensum
518 2237 570 2258 res
593 2226 665 2267 ipsa
688 2225 769 2257 facit
791 2237 947 2258 necessa-

242 2272 353 2304 rium:
367 2271 621 2303 codicestanien
631 2272 871 2302 cimanum-um
887 2281 947 2312 pro

242 2322 366 2348 certum
381 2317 501 2353 locam,
515 2322 548 2346 et
567 2315 648 2356 quid
664 2324 723 2355 pro
740 2325 837 2355 quem
851 2314 948 2345 exhi-

240 2360 333 2391 bent.
360 2361 409 2390 M.

296 2407 333 2436 Γι
355 2415 425 2435 mos
445 2405 547 2445 ipsimi
569 2403 845 2444 consuetudoque.
879 2402 950 2434 Alii

243 2460 332 2481 more
345 2450 448 2490 ipsius
461 2447 670 2479 consuetudo.

291 2495 459 2524 Fortuita.
507 2492 556 2522 lta
580 2490 655 2521 Cic.
677 2491 718 2521 de
735 2489 832 2521 Offic.
852 2492 880 2529 1,
895 2492 949 2521 99.

246 2537 357 2568 Plaut.
372 2535 487 2567 Aulul.
504 2539 536 2574 2,
556 2537 585 2574 l,
599 2537 634 2565 41
646 2558 654 2565 .
686 2534 762 2566 Non
774 2545 851 2569 ereo
864 2545 949 2575 opus

187 2608 191 2617 ,
244 2591 321 2612 cum
352 2580 502 2612 Oudend.
532 2590 573 2610 ex
604 2579 704 2610 Leid.
731 2581 758 2609 1.
788 2588 950 2619 reponere

237 2625 378 2666 jin-tuno
395 2635 485 2655 casu.
530 2624 565 2655 Id
582 2633 647 2653 non
663 2621 840 2654 tolerabile
857 2622 949 2653 vidc-

246 2676 297 2699 tur
316 2667 452 2699 Jurinio
469 2668 514 2699 ob
533 2677 676 2708 sequens
691 2668 906 2698 occasionem.

297 2714 497 2754 Imperatore
513 2723 533 2743 [r
549 2714 695 2743 (vexare.
722 2709 776 2741 Sic
793 2709 952 2741 Davisius

244 2756 381 2798 quidem
399 2755 507 2787 voluit
536 2755 615 2795 lessi.
640 2761 673 2786 et
698 2760 774 2786 ante
800 2765 891 2786 eum.
915 2760 952 2785 ut

248 2800 372 2831 monuit
393 2800 483 2830 Oud.
497 2799 567 2841 jani
585 2799 685 2840 Casp.
703 2798 952 2837 Barthiusmd-

245 2854 333 2875 vcrs.
356 2846 405 2881 16,
427 2844 482 2882 5):
521 2844 579 2876 sed
611 2853 677 2876 non
708 2853 844 2885 possum
871 2853 948 2885 pro-

1013 1917 1108 1949 bare.
1133 1917 1219 1949 Nam
1237 1917 1346 1959 primo
1362 1917 1484 1949 Latina
1508 1918 1717 1949 consuetudo

1013 1972 1079 1993 non
1119 1961 1181 1992 fert
1219 1962 1305 1993 hunc
1344 1962 1497 1993 ordinem
1528 1961 1720 1994 verborum.

1014 2006 1114 2043 Quis.
1137 2016 1264 2047 quasso,
1287 2006 1523 2047 interrogatus,
1538 2016 1558 2036 a
1572 2016 1640 2047 quo
1655 2005 1721 2037 Ca-

1013 2050 1111 2081 tilina
1134 2051 1262 2090 ejectus
1287 2050 1342 2089 sit,
1367 2049 1601 2092 responderit:
1630 2049 1719 2082 Con-

1016 2094 1088 2125 sule
1106 2104 1124 2124 a
1140 2094 1334 2125 Cicerone?
1369 2094 1487 2131 Miror,
1512 2093 1594 2125 talia
1610 2093 1720 2136 scrip-

1016 2138 1146 2169 toribus
1162 2138 1309 2169 obtrudi.
1334 2138 1465 2169 Deinde
1482 2138 1594 2170 nullus
1609 2138 1720 2172 codex

1017 2182 1121 2213 habet
1140 2183 1370 2223 Imm-cuore,-
1405 2183 1463 2214 sed
1484 2180 1519 2213 in
1542 2181 1585 2213 iis
1600 2188 1650 2214 est
1663 2183 1720 2215 vel

1015 2229 1130 2263 immo,
1148 2227 1200 2257 vel
1218 2237 1307 2267 ymo.
1354 2227 1486 2258 Rursus
1499 2226 1637 2268 vulgata
1651 2227 1720 2259 lec-

1015 2270 1077 2307 tio,
1112 2271 1210 2302 l'enio
1241 2282 1262 2301 a
1298 2271 1439 2309 Coesare,
1475 2271 1571 2302 nullo
1598 2269 1721 2303 codice

1017 2314 1134 2345 nititur
1155 2326 1162 2351 3
1208 2315 1265 2345 sed
1305 2320 1355 2345 est
1392 2325 1435 2345 ox
1469 2314 1723 2347 emendatione.

1017 2358 1181 2399 Equidem
1203 2368 1268 2389 non
1293 2358 1407 2394 video,
1435 2358 1519 2400 quid
1543 2359 1594 2390 illi
1619 2362 1721 2391 immo

1016 2402 1159 2433 faciam:
1184 2402 1340 2443 suspicor
1367 2409 1492 2436 tamen.
1518 2409 1594 2444 post
1620 2403 1722 2434 verba

1026 2447 1119 2477 lfmle
1133 2448 1241 2477 istas?
1264 2446 1394 2487 aliquid
1407 2446 1586 2479 excidisse.
1622 2445 1723 2478 Scili-

1016 2496 1085 2528 cet,
1098 2501 1176 2521 cum
1195 2490 1252 2521 ille
1267 2491 1465 2531 quaesisset:
1504 2491 1598 2522 Unde
1612 2492 1693 2523 istas
1707 2493 1723 2522 .'

1019 2540 1052 2565 et
1063 2533 1245 2566 addidisset
1260 2546 1266 2564 :
1295 2536 1320 2566 A
1338 2536 1516 2576 ScipIone?
1531 2536 1581 2573 (et
1593 2539 1724 2576 poterat

1018 2578 1083 2609 hoc
1097 2589 1260 2618 quaerere.
1275 2577 1357 2619 quia
1370 2579 1517 2619 aliquem
1533 2589 1552 2609 c
1568 2578 1639 2610 suis
1653 2577 1721 2610 mi-

1018 2621 1137 2654 litibus
1161 2621 1313 2661 videbat)
1339 2622 1499 2664 captivus
1525 2622 1720 2663 respondit:

1020 2667 1128 2698 Immo
1154 2669 1339 2698 accusare.
1395 2666 1450 2698 Sic
1481 2672 1515 2698 et
1544 2665 1720 2708 responsio

1017 2709 1171 2741 t‘onsidii
1197 2716 1275 2751 apta
1299 2710 1376 2745 erit.
1403 2721 1507 2742 unum
1524 2709 1720 2751 Scipionem

1016 2765 1089 2786 esse
1129 2755 1387 2796 lmperatorem3
1433 2760 1480 2790 et.
1513 2754 1595 2796 quia
1631 2763 1719 2784 nune

1017 2798 1196 2839 comperit.
1225 2809 1301 2829 euni
1329 2804 1463 2840 captum
1490 2797 1534 2829 ab
1565 2797 1722 2829 hostibus

1017 2853 1104 2882 esse,
1130 2842 1212 2885 quia
1231 2853 1252 2875 e
1275 2842 1420 2876 Caesaris
1440 2841 1558 2875 castris
1581 2841 1724 2876 venerit.
