1946 3261
757 214 1017 260 LATINIT
1025 215 1179 259 ATIS.
1630 210 1712 253 669

236 387 381 421 Tabeliae
403 391 558 430 siqnatoe,
583 389 636 420 Af.
655 391 674 419 3

236 433 374 464 Tabzdoe
393 442 497 472 ποι-α’,
529 434 569 464 C.
588 434 620 467 3.
641 434 667 462 1.
693 441 751 462 seu
778 440 874 462 novae
890 440 942 461 ra-

271 475 383 507 tiones
421 476 643 517 pecuniarum
677 474 870 506 debitarum
907 480 942 504 et

271 519 477 550 creditarum
499 523 601 557 (neue
618 517 944 559 Reclmunqs-oder

275 564 549 598 Schuldbiichw)
572 563 647 603 lege
663 561 945 597 conficiebantur,

274 606 452 646 siquando
475 606 560 636 fides
586 605 729 646 publica
761 605 837 641 (der
865 605 943 635 Cre-

273 650 342 684 dit)
372 649 562 687 laboraret;
586 648 820 679 remittebatur
849 646 941 677 enim

272 692 348 732 lege
363 692 580 723 debitoribus
604 691 747 731 aliquid,
772 696 808 721 ut
825 700 943 721 omnes

273 734 310 766 in
325 734 464 767 civitate
481 735 653 767 debitores
670 734 837 765 minorem
852 744 944 764 sum-

274 789 378 818 mam,
393 789 496 820 quarn
520 784 685 820 quantam
707 784 826 809 mutuo
852 787 945 808 sum·

275 827 397 861 serant,
410 823 444 854 in
460 823 568 854 libros
582 823 752 854 rationum
769 831 879 852 novos
896 832 946 851 re-

274 867 408 905 ferrent,
420 866 602 907 minusque
612 866 790 897 solverent.
816 864 947 895 Dicun-

273 915 338 950 tur,
347 911 508 954 angso'lv
534 910 689 940 ἀποκοπαὶ
712 916 745 940 et
762 907 946 948 σεισάχθεια.

274 954 364 985 Cum
379 965 458 996 ergo
471 955 584 986 Caesar
599 953 632 984 id
659 962 747 984 nunc
773 951 848 983 fieri
876 951 949 982 nol-

277 997 499 1039 let(Appian.
529 998 604 1029 Civ.
633 1001 666 1034 2,
693 998 748 1027 48.
780 1005 814 1036 p.
838 996 946 1033 458.):

277 1051 347 1073 non
366 1042 475 1083 legem
493 1053 533 1073 ea
548 1042 589 1072 de
608 1051 643 1072 re
660 1040 751 1077 tulit,
780 1039 838 1069 sed
860 1039 950 1069 arbi—

279 1091 346 1116 tros
381 1085 568 1123 constituit,
607 1084 680 1125 qui,
724 1082 950 1114 aestimatione

279 1129 380 1167 sacta,
406 1140 446 1161 ex
473 1138 571 1170 aequo
599 1134 632 1158 et
654 1128 746 1158 bono
764 1127 806 1157 de
822 1126 950 1157 debitis

281 1172 486 1214 creditisque
502 1177 696 1203 statuerent.
735 1169 799 1200 Sed
816 1169 948 1200 Coelius

281 1216 393 1257 legem
408 1217 449 1247 de
466 1216 531 1247 hae
549 1226 584 1247 re
601 1215 692 1252 tulit,
708 1214 749 1244 C.
770 1217 799 1251 3,
819 1216 858 1244 21

243 1261 454 1292 Tabulacam
482 1258 714 1295 sitetabulis,
743 1267 818 1298 quae
846 1263 953 1288 trans-

284 1304 390 1335 versis
404 1303 509 1345 tignis
524 1303 754 1344 imponuntur,
770 1303 802 1339 6,
818 1303 872 1331 29.
906 1300 951 1331 cf.

283 1351 386 1379 turi-[s
401 1353 433 1378 et
449 1347 674 1378 contabulatio

244 1393 360 1430 Talea,
383 1401 500 1423 ramus
517 1390 655 1428 recisus,
682 1388 742 1430 qui
759 1393 844 1420 terra
860 1388 956 1419 deso·

283 1435 387 1467 ditur.
411 1435 462 1466 Ad
485 1434 588 1475 hujus
614 1433 873 1464 similitudinem
902 1437 953 1463 tci-

284 1480 355 1518 leoe,
373 1480 405 1518 7,
421 1480 476 1509 73.
491 1478 661 1509 dicuntur.
685 1477 738 1508 Cf.
755 1479 786 1513 5,
806 1478 842 1506 12

247 1524 596 1559 Tametsi—tamen,
628 1524 657 1558 l,
678 1523 731 1551 30.
759 1522 791 1557 7,
819 1522 872 1557 43,
902 1521 955 1550 50.

286 1569 317 1605 8,
334 1570 387 1597 20.
425 1566 462 1596 C.
491 1568 521 1603 3,
547 1567 599 1595 67.
635 1571 747 1596 tamen
775 1567 958 1595 etsi—ca-

285 1621 376 1649 men,
388 1612 487 1649 8,10.
503 1620 536 1640 v.
552 1608 709 1640 Oudend.
726 1608 766 1638 ad
784 1612 816 1645 5,
835 1610 875 1637 34

246 1655 409 1692 Tantum,
424 1659 493 1684 tam
511 1664 643 1694 parum,
664 1652 830 1694 praesidii,
859 1652 890 1689 6,
905 1652 958 1681 35.

283 1701 436 1736 narium,
458 1698 499 1728 C.
515 1699 545 1735 3,
562 1701 580 1728 2

248 1741 414 1780 Tardari,
441 1742 565 1782 depon.
593 1740 632 1772 C.
656 1743 688 1778 2,
703 1741 757 1770 43.
788 1738 851 1770 etsi
882 1738 959 1769 cod.

286 1785 439 1826 optimus
454 1785 504 1816 ibi
517 1784 632 1822 habet,
647 1784 827 1814 tardarent

248 1829 377 1868 Tarus,
400 1828 511 1866 arbor,
527 1828 624 1869 cujus
653 1827 768 1857 baccae
794 1824 958 1856 acriorem

288 1872 524 1912 letiferumque
540 1880 680 1902 succum
697 1869 832 1906 habent,
848 1870 879 1905 6,
895 1870 932 1899 31

250 1918 352 1948 Tecta
382 1918 582 1955 nat-is,quae
615 1912 743 1943 tabulis
775 1912 909 1951 tegitur,
932 1922 958 1941 s.

289 1960 444 1991 tabulata
472 1959 590 1995 habet,
619 1967 638 1988 e
671 1955 799 1997 quibus
831 1955 959 1986 milites

291 2008 442 2046 pugnent
457 2007 491 2032 et
512 2002 576 2032 sub
594 2001 720 2042 quibus
735 1998 879 2039 remiges
894 1997 958 2029 tuti

290 2048 370 2086 sint,
401 2045 441 2077 C.
477 2047 505 2084 1,
528 2047 583 2076 56.
621 2048 653 2083 2,
686 2046 718 2074 4.
751 2043 881 2074 Eadem
908 2046 959 2072 est

289 2095 472 2128 constrata,
523 2094 681 2125 contecta,
732 2087 960 2128 κατάφξακτος,

291 2134 414 2176 Polyb.
448 2136 477 2172 1,
498 2136 555 2164 20.
586 2132 723 2173 Oppon.
751 2136 881 2171 aperta.
905 2129 960 2160 Cf.

290 2178 426 2212 Ernesti
440 2177 496 2209 Cl.
512 2176 587 2208 Cic.
602 2177 637 2207 in
652 2176 849 2217 aphrae-cas.

254 2225 380 2264 Teqere
396 2224 497 2262 latus,
523 2222 564 2252 A.
582 2223 621 2251 52

253 2270 450 2309 Temmenca
487 2270 667 2302 scutorum,
703 2265 736 2301 2,
762 2264 816 2293 21.
846 2262 963 2304 quiea-

292 2322 383 2350 τανη,
405 2310 444 2341 C.
462 2311 494 2348 3,
510 2311 549 2340 62

253 2357 478 2391 Temerarius,
487 2354 600 2385 forsan
612 2349 849 2391 falsarius,qui
864 2348 962 2380 fidem

292 2403 449 2436 temerat,
462 2399 504 2428 A.
521 2398 540 2426 7

255 2446 405 2481 Temere,
417 2451 484 2473 non
495 2444 627 2478 temere,
639 2449 708 2470 non
724 2436 836 2476 facile,
851 2439 883 2475 4,
900 2438 941 2466 20

256 2489 490 2528 Tempestates,
526 2485 653 2516 coelum
675 2482 863 2519 turbidum,
892 2489 965 2521 quo

295 2540 386 2562 mare
416 2538 484 2561 non
514 2533 564 2560 est
600 2526 808 2568 navigabile,
847 2528 878 2563 3,
916 2526 965 2554 12.

259 2620 404 2660 Tempus
428 2619 524 2656 anni,
550 2616 629 2653 diei,
648 2616 680 2652 7,
699 2615 750 2645 16.
765 2618 800 2644 et
825 2611 966 2654 passim,

297 2661 321 2692 i.
337 2672 368 2693 e.
384 2665 567 2698 momenta,
581 2659 673 2690 horae

261 2706 421 2743 Tendere,
452 2704 486 2735 in
502 2702 657 2735 tentoriis
672 2711 757 2738 esse,
774 2703 804 2739 6,
819 2701 858 2730 37

261 2750 387 2781 Tmzere
410 2752 566 2786 montem,
595 2749 622 2785 1,
651 2748 703 2775 22.
731 2749 756 2776 t.
779 2754 812 2775 se
834 2744 964 2779 castri-²,

304 2795 334 2831 l,
350 2795 404 2824 40.
427 2794 532 2824 teneri
551 2790 609 2832 (ad
632 2788 786 2820 officium
809 2792 967 2828 praestan-

300 2836 397 2876 dum)
405 2834 645 2877 jureJ'uramlo,
663 2834 692 2870 1,
707 2833 759 2862 31.
769 2832 858 2863 locus
872 2840 967 2870 (ξφ-Ρ-

303 2884 378 2923 qius
405 2881 452 2914 ad
483 2878 645 2912 tenendas
671 2885 827 2914 ancoras,
860 2874 967 2915 jactas

1047 352 1190 376 ancoras
1221 339 1358 373 firmiter
1381 336 1515 376 retinet,
1535 338 1578 368 A.
1607 338 1642 369 9.
1665 337 1709 369 cf.

1049 397 1169 418 Cursu-S*

1013 432 1155 463 Tentare
1175 430 1355 470 fortunam
1386 427 1473 463 belli,
1518 423 1711 466 permittere

1053 474 1184 504 incerto
1199 471 1347 509 eventui,
1373 472 1403 508 1,
1420 471 1461 500 36

1016 518 1128 549 Tenue
1135 517 1329 557 fastiqium,
1344 523 1412 545 non
1427 513 1534 544 latum
1545 521 1719 549 cacumen,

1056 560 1096 591 C.
1118 562 1144 597 ι,
1176 564 1217 591 45

1016 604 1186 636 Tenuitas.
1209 606 1402 643 paupertas,
1418 602 1449 638 7,
1465 601 1501 630 17

1017 648 1123 679 Terra
1143 647 1269 682 Gallia,
1301 647 1329 682 l,
1346 647 1399 675 30.
1425 648 1461 674 ut
1489 642 1566 674 Liv.
1595 645 1649 681 38,
1665 644 1720 674 58.

1057 697 1143 721 teria
1159 687 1330 729 Hispania

1017 735 1160 766 Terrews·
1174 732 1335 768 tumulus,
1355 732 1384 767 1,
1399 733 1453 761 43.
1479 729 1642 770 γεώλοφυς.
1687 729 1724 760 In

1058 777 1219 808 omnibus
1234 775 1302 806 fere
1316 774 1417 805 codd.
1440 774 1614 813 scribitur,
1646 772 1680 805 h.
1704 771 1733 804 l.

1059 827 1214 852 terrenus

1020 866 1154 897 Testata
1168 867 1286 900 virtus,
1310 861 1470 894 omnibus
1482 859 1682 902 conspicua,
1699 861 1734 898 8,

1061 912 1116 939 42.
1142 911 1262 939 testata
1273 916 1386 947 poena,
1409 908 1440 943 8,
1459 906 1501 935 44

1027 951 1179 989 Testudo,
1206 950 1312 990 (quod
1336 948 1477 980 omnino
1499 953 1551 978 est
1564 947 1732 979 conclave

1061 999 1281 1031 cameratum,
1298 999 1331 1023 et
1353 1002 1460 1033 genus
1482 991 1565 1022 tecti
1592 991 1737 1023 concavi

1063 1037 1303 1075 conclavium.)
1320 1035 1365 1067 sit
1383 1035 1416 1066 in
1434 1045 1467 1065 re
1481 1035 1636 1073 militari,
1653 1045 1735 1066 cum

1065 1083 1194 1114 milites
1226 1086 1320 1111 scuta
1342 1078 1516 1120 capitibus
1541 1078 1735 1119 imponunt)

1064 1137 1106 1157 ne
1123 1126 1204 1157 telis
1218 1122 1344 1164 conjici
1370 1120 1514 1162 possint,
1539 1125 1572 1160 2,
1587 1123 1617 1151 6.
1659 1125 1689 1159 5,
1702 1123 1738 1158 9,

1066 1170 1131 1200 Sed
1150 1174 1180 1207 5,
1195 1171 1249 1199 43.
1273 1167 1312 1198 C.
1330 1170 1362 1199 2,
1377 1169 1409 1196 2.
1434 1171 1485 1195 est
1499 1164 1663 1195 machina
1675 1175 1739 1205 op-

1067 1213 1321 1254 pugnandarum
1337 1208 1485 1247 urbium,
1502 1213 1659 1239 constans
1671 1213 1738 1238 tra-

1068 1257 1172 1288 bibus
1187 1252 1373 1297 parallelis.
1388 1251 1514 1292 quibus
1528 1256 1654 1282 tectum
1673 1251 1739 1282 im-

1068 1299 1218 1342 positum
1243 1304 1304 1336 est,
1336 1297 1427 1337 quod
1458 1294 1585 1326 milites
1617 1294 1736 1326 subtus

1067 1349 1193 1375 stantes
1207 1340 1357 1374 defendit
1373 1339 1416 1370 ab
1434 1339 1503 1370 ictu
1517 1338 1663 1370 telorum

1029 1389 1188 1420 Tolerare
1216 1389 1332 1421 ticam,
1359 1382 1537 1414 molestius
1566 1382 1682 1413 vivere
1704 1380 1740 1412 in

1069 1430 1308 1472 inopia‚modo
1324 1427 1391 1458 vita
1402 1428 1669 1464 conservetursl,
1685 1427 1740 1456 7⁷.

1070 1476 1226 1517 zaga-egen.
1287 1472 1358 1503 Tol.
1373 1480 1482 1512 equos,
1498 1469 1532 1500 in
1547 1479 1668 1511 magna
1682 1479 1742 1510 pe-

1069 1518 1165 1550 nuria
1181 1528 1241 1548 eos
1267 1522 1452 1554 utcumque
1476 1519 1671 1551 sustentare,
1700 1513 1741 1544 C.

1074 1566 1105 1598 3,
1122 1564 1176 1593 «19.
1194 1564 1247 1592 58.
1288 1558 1342 1589 Af.
1373 1561 1428 1588 24.
1443 1558 1498 1589 tol.
1514 1557 1742 1597 famemfrzae-

1070 1607 1170 1642 tibus,
1188 1611 1372 1643 utcumque
1388 1601 1557 1639 minuere,
1585 1603 1613 1638 1,
1630 1603 1673 1632 28

1034 1650 1175 1687 Tollere,
1198 1650 1295 1679 ‘nm-is
1316 1646 1447 1677 simulet
1471 1644 1637 1685 (excepit,
1660 1653 1742 1675 con-

1073 1693 1170 1727 tinet,
1188 1692 1262 1729 fert)
1288 1691 1449 1727 homines,
1466 1691 1499 1727 4,
1514 1691 1568 1719 28.
1594 1688 1634 1719 C.
1649 1691 1680 1727 3,
1697 1690 1739 1718 28

1034 1738 1264 1772 Tei-mentum,
1281 1732 1453 1770 machina,
1466 1732 1561 1773 cujus
1577 1742 1643 1772 ope
1663 1732 1742 1769 tela,

1073 1780 1203 1821 lapides
1221 1776 1417 1819 praesertim,
1443 1776 1475 1806 in
1493 1776 1608 1806 hostes
1622 1781 1656 1806 et
1670 1785 1744 1806 mu-

1075 1835 1128 1855 ros
1145 1823 1333 1855 mittuntur,
1345 1824 1377 1858 2,
1390 1822 1420 1850 S.
1437 1822 1468 1850 4.
1484 1822 1538 1850 25.
1551 1825 1574 1851 t.
1591 1820 1742 1859 adiqere,

1074 1868 1113 1898 C.
1145 1870 1175 1905 3,
1211 1868 1264 1904 51,
1292 1866 1345 1895 56.
1370 1867 1393 1895 t.
1424 1866 1565 1901 mittere,
1587 1862 1626 1893 C.
1650 1866 1683 1893 2.
1710 1864 1742 1894 9.

1073 1916 1156 1942 extr.
1177 1913 1208 1945 3,
1226 1912 1264 1940 51
1283 1921 1289 1939 :
1314 1907 1375 1938 ubi
1400 1911 1603 1937 tormentum
1618 1912 1678 1937 aut
1693 1911 1744 1937 est

1073 1954 1120 1992 id,
1147 1954 1238 1994 quod
1268 1956 1451 1992 torquetur,
1476 1949 1587 1990 ipsum
1611 1951 1743 1989 telum,-

1072 2004 1129 2029 aut
1147 1996 1261 2038 potius
1288 1999 1455 2027 tormenta
1480 1995 1609 2024 mittere
1620 1993 1744 2025 dieitur

1074 2052 1133 2082 per
1148 2039 1401 2080 compendium,
1418 2047 1492 2078 pro,
1508 2047 1574 2078 ope
1585 2037 1744 2068 tormenti

1073 2085 1179 2116 telum
1207 2084 1354 2115 mittere.
1372 2092 1408 2112 v.
1421 2080 1534 2113 Clark.
1558 2086 1591 2111 et
1608 2081 1745 2112 Ouden-

1073 2129 1170 2169 dorp.
1196 2129 1239 2159 ad
1258 2125 1483 2168 posteriorem
1507 2125 1638 2156 locum.
1685 2124 1742 2155 Sic

1073 2174 1147 2204 telis
1175 2173 1410 2211 tormentisque
1435 2168 1620 2207 defendere,
1657 2168 1694 2199 C.
1712 2172 1744 2207 2,

1078 2218 1129 2247 11.
1154 2215 1287 2247 videtur
1309 2224 1398 2250 esse,
1419 2211 1507 2249 telis,
1531 2222 1550 2242 e
1572 2217 1743 2242 tormento

1074 2259 1209 2291 missis:
1248 2263 1280 2289 et
1296 2258 1335 2289 C.
1352 2260 1384 2295 3,
1407 2257 1460 2286 51.
1477 2256 1581 2286 telum
1595 2260 1743 2287 tormen-

1075 2309 1186 2336 tumve
1225 2304 1363 2336 mittere,
1416 2303 1586 2330 tormento
1635 2299 1743 2330 telum

1075 2347 1221 2379 mittere.
1258 2345 1303 2376 Et
1318 2344 1365 2375 sic
1396 2344 1441 2373 H.
1462 2344 1511 2372 13.
1534 2342 1656 2374 balista
1668 2346 1746 2374 mil-

1077 2394 1169 2423 titur.
1181 2390 1286 2421 telum
1301 2398 1367 2428 ope
1385 2385 1516 2417 balistae
1532 2385 1688 2424 mittitur,
1704 2388 1745 2418 C.

1078 2437 1109 2474 3,
1123 2437 1176 2466 56.
1190 2443 1249 2475 per
1259 2432 1362 2463 codd.
1378 2429 1542 2461 incertum
1557 2434 1618 2468 est,
1630 2435 1743 2462 utrum

1079 2480 1183 2510 telum
1213 2480 1374 2507 tormento
1401 2474 1550 2515 (moyere,
1572 2483 1617 2504 an
1639 2475 1744 2505 telum

1077 2526 1318 2554 tormentumve
1359 2518 1418 2550 ad.
1479 2517 1659 2558 legendum
1688 2517 1744 2548 sit.

1080 2565 1202 2602 Sed‚7.
1229 2566 1283 2594 22.
1308 2567 1355 2601 et,
1376 2562 1417 2593 C.
1445 2562 1518 2598 3,9.
1548 2566 1625 2591 sunt
1647 2560 1744 2592 funes

1079 2607 1225 2641 contorti

1041 2655 1131 2686 Totae
1157 2654 1270 2693 copioe,
1299 2649 1339 2680 C.
1369 2650 1401 2686 3,
1426 2649 1480 2678 42.
1518 2646 1572 2677 Al.
1601 2648 1656 2678 76.
1677 2652 1746 2680 tota

1081 2697 1210 2733 GalHa,
1225 2698 1255 2733 5,
1272 2696 1322 2724 55.
1343 2692 1534 2734 provincia,
1551 2691 1584 2728 7,
1604 2693 1630 2722 1.
1670 2692 1743 2723 Ita—

1078 2740 1138 2778 lia,
1155 2737 1193 2769 C.
1211 2740 1243 2775 3,
1262 2739 1289 2768 1.
1313 2737 1444 2768 auxilia
1460 2735 1573 2775 Reyis,
1588 2734 1628 2766 C.
1645 2737 1677 2774 2,
1689 2737 1744 2773 26,

1079 2788 1144 2814 toto
1160 2792 1269 2819 muro,
1284 2782 1383 2820 7,24.
1398 2787 1508 2820 opere,
1525 2778 1556 2816 7,
1570 2779 1610 2808 72

1041 2827 1206 2866 Τναῃαῑα,
1227 2835 1332 2867 genus
1356 2821 1474 2864 jaculi,
1507 2823 1535 2858 l,
1564 2824 1618 2853 26.
1642 2825 1674 2859 5,
1691 2824 1743 2861 35,

1080 2873 1133 2903 48.
1150 2870 1191 2902 C.
1214 2872 1240 2909 l,
1256 2870 1309 2902 57.
1333 2864 1643 2910 LipsiiPoliorcet.
1658 2870 1723 2905 4,4
