1946 3261
309 419 600 476 transportari
618 419 817 477 jusserat,
849 433 937 476 quo
966 427 1011 460 et
1031 418 1152 461 miles
1172 427 1318 461 noster
1339 419 1611 477 speciemque
1633 426 1677 461 et
1697 418 1783 461 vir-

305 485 448 520 tutem
484 478 631 520 bestiae
663 486 940 535 cognosceret
973 485 1017 519 et
1049 478 1120 519 cui
1153 478 1267 535 parti
1300 478 1493 537 corporis
1525 477 1617 535 ejus
1647 476 1783 519 telum

304 536 433 579 facile
464 535 581 595 adigi
613 546 780 595 posset;
814 546 1077 593 ornatusque
1098 552 1146 578 ac
1168 536 1370 579 loricatus
1405 552 1540 594 quum
1572 543 1680 578 esset
1702 535 1784 577 ele-

303 594 510 653 phantus,
532 611 628 653 quae
683 611 751 638 ars
778 596 868 653 ejus
896 595 1091 653 corporis
1112 594 1228 637 nuda
1247 596 1334 639 sine
1356 597 1543 653 tegmine
1570 594 1783 651 relinque-

305 661 445 704 retur,
467 661 517 696 ut
538 670 590 697 eo
611 612 697 697 tela
718 655 1060 712 conjicerentur3
1091 663 1315 711 praeterea,
1340 663 1390 696 ut
1414 654 1609 711 jumenta
1631 653 1785 695 bestia-

302 728 405 755 rum
441 712 636 762 odorem,
673 712 919 762 stridorem,
954 713 1154 771 speciem,
1188 713 1497 756 consuetudine
1529 720 1657 770 capta
1699 726 1783 754 non

305 770 654 814 reformidarent.
719 771 889 820 Quibus
922 788 974 814 ex
1006 772 1136 814 rebus
1168 771 1351 830 largiter
1382 781 1476 814 erat
1508 779 1787 818 consecutus3

305 845 404 872 nam
424 838 468 872 et
489 830 646 872 milites
667 830 823 872 bestias
858 830 1053 872 manibus
1082 831 1410 888 pertractabant
1439 846 1671 886 earumque
1700 837 1787 871 tar-

304 887 489 931 ditatem
518 889 850 946 cognoscebant,
897 889 1152 945 equitesque
1181 889 1223 929 in
1246 905 1316 930 eos
1334 889 1421 945 pila
1439 888 1669 946 praepilata
1689 902 1787 930 con-

299 947 507 1004 jiciebant
529 963 538 996 ;
571 956 704 1004 atque
725 947 767 988 in
790 947 1142 988 consuetudinem
1166 961 1298 1002 equos
1320 947 1530 1005 patientia
1552 945 1788 988 bestiarum

303 1004 565 1048 adduxerat.

365 1063 434 1105 73.
470 1064 543 1105 Ob
563 1063 637 1105 has
657 1079 839 1112 caussas,
870 1078 975 1120 quas
995 1078 1128 1121 supra
1148 1062 1496 1111 commemoravi,
1529 1061 1789 1104 sollicitaba-

304 1130 381 1165 tur
424 1122 583 1169 Caesar,
625 1121 878 1179 tardiorque
920 1129 964 1162 et
997 1121 1301 1164 consideratior
1343 1130 1437 1164 erat
1472 1121 1614 1163 faetus
1649 1129 1693 1163 et
1734 1137 1788 1163 ex

304 1179 486 1238 pristina
508 1178 699 1221 bellandi
721 1179 1031 1222 consuetudine
1051 1180 1358 1236 celeritateque
1379 1187 1630 1222 excesserat.
1695 1180 1790 1222 Nec

303 1238 475 1280 mirum.
540 1236 702 1295 Copias
735 1238 850 1280 enim
882 1237 1072 1280 habebat
1101 1239 1143 1280 in
1174 1238 1346 1287 Gallia‚'
1369 1239 1536 1281 bellare
1567 1245 1790 1280 consuetas

303 1295 406 1339 locis
428 1296 756 1353 campestribus,
781 1305 826 1338 et
855 1305 1006 1339 contra
1030 1297 1198 1345 Gallos,
1235 1296 1425 1339 homines
1461 1304 1636 1354 apertos
1668 1295 1790 1338 mini-

302 1370 457 1411 meque
479 1353 714 1403 insidiosos,
738 1355 811 1412 qui
834 1371 912 1413 per
933 1355 1156 1404 virtutem,
1180 1371 1263 1397 non
1285 1372 1364 1414 per
1387 1355 1552 1403 dolum,
1586 1354 1791 1397 dimicare

303 1420 589 1456 consuerunt:
624 1421 718 1455 tum
739 1421 885 1456 autem
904 1422 997 1456 erat
1019 1414 1057 1456 ei
1079 1414 1380 1463 laborandum,
1402 1423 1453 1456 ut
1474 1414 1790 1456 consuefaceret

303 1471 477 1521 milites,
511 1470 696 1514 hostium
732 1471 870 1522 dolos,
907 1472 1091 1522 insidias,
1112 1472 1291 1515 artificia
1312 1489 1568 1531 cognoscere
1589 1481 1649 1523 et,
1684 1471 1790 1530 quid

305 1531 444 1587 sequi,
479 1529 587 1587 quid
625 1530 766 1573 vitare
806 1532 1068 1574 conveniret.
1145 1532 1317 1589 Itaque,
1357 1548 1446 1589 quo
1482 1530 1572 1573 haec
1612 1531 1792 1573 celerius

305 1589 602 1647 conciperent,
636 1588 770 1632 dabat
791 1605 985 1647 operam,
1018 1599 1069 1632 ut
1091 1590 1279 1648 legiones
1299 1606 1383 1632 non
1402 1591 1444 1632 in
1465 1605 1550 1632 uno
1572 1590 1665 1632 loco
1692 1605 1790 1632 con-

306 1647 482 1697 tineret,
517 1646 593 1688 sed
614 1663 693 1705 per
714 1664 902 1690 caussam
926 1649 1219 1691 frumentandi
1255 1649 1339 1691 huc
1369 1658 1499 1707 atque
1521 1648 1624 1703 illuc
1645 1656 1791 1706 rapta-

303 1713 392 1749 ret:
428 1705 526 1747 ideo
560 1705 681 1763 quod
715 1706 903 1749 hostium
938 1707 1084 1766 copias
1123 1708 1179 1749 ab
1211 1724 1253 1749 se
1289 1724 1453 1767 suoque
1492 1707 1670 1764 vestigio
1704 1721 1788 1748 non

305 1764 563 1807 discessuras
582 1765 871 1807 existimabat.
936 1768 1084 1824 Atque
1107 1774 1203 1823 post
1225 1766 1338 1808 diem
1361 1766 1537 1808 tertium
1555 1764 1791 1823 productas

306 1822 558 1865 adcuratius
592 1840 686 1866 suas
726 1824 870 1882 copias
905 1824 1017 1866 sicut
1059 1824 1338 1873 instruxerat,
1380 1833 1564 1882 propter
1603 1823 1790 1865 hostium

308 1890 448 1924 castra
487 1889 834 1941 praetergressus,
890 1899 1014 1940 aequo
1055 1883 1149 1925 loco
1191 1883 1346 1925 invitat
1390 1882 1446 1924 ad
1487 1881 1788 1924 dimicandum.

310 1940 547 1998 Postquam
566 1957 638 1984 eos
659 1941 1049 1991 abhorrerevidet,
1072 1941 1239 1985 reducit
1260 1942 1341 1984 sub
1361 1955 1588 2001 vesperum
1605 1940 1793 2000 legiones

306 1999 349 2042 in
371 2007 528 2043 eastra.

316 2163 368 2190 tes
381 2163 414 2190 et
430 2158 631 2200 elephantos
641 2169 682 2189 av
701 2159 803 2190 Italia
819 2157 1023 2190 arcessiisse.

1089 2157 1190 2189 ticam
1229 2154 1436 2188 locutionem
1481 2155 1668 2198 elegantem
1712 2163 1791 2195 pro-

318 2202 397 2234 Hoc
427 2213 544 2234 omnes
569 2203 637 2234 fere
666 2203 861 2244 interpretes
884 2213 1023 2234 monue-

1091 2201 1235 2233 nunfian

315 2252 402 2278 runt.
450 2248 498 2278 M.
543 2246 694 2287 Operam
724 2247 809 2277 ludit
837 2246 1025 2285 Goduinus,

319 2290 377 2332 qui
393 2290 551 2322 vitiosam
569 2290 751 2322 lectionem
766 2297 964 2332 propugnat.

366 2335 468 2375 Adiyi.
495 2340 612 2376 posset.
665 2334 719 2366 Sic
748 2335 833 2366 bene
863 2336 960 2366 codd.
990 2340 1024 2366 et

322 2379 399 2410 edd.
412 2383 481 2410 vet.
511 2378 603 2410 Male
620 2379 710 2410 Scal.
727 2379 839 2419 adjici.

368 2424 447 2454 Sine
470 2425 626 2463 teqmine.
667 2421 808 2454 Videtur
830 2423 1025 2464 interpreta-

318 2472 482 2498 mentum.
510 2467 557 2497 M.

370 2512 567 2552 Captarum.
592 2510 626 2541 Si
642 2509 812 2551 elephanti
829 2510 917 2550 capti
935 2515 1026 2540 erant

322 2566 343 2586 a
360 2554 504 2593 Caesare,
528 2565 587 2586 cur
612 2565 653 2586 ex
678 2554 776 2585 Italia
800 2554 1027 2594 transportat?

322 2599 406 2641 Leg.
445 2609 464 2629 e
509 2600 586 2630 cod.
629 2597 775 2636 Davisii,
811 2603 931 2638 capta.-
977 2597 1025 2628 sic

322 2645 473 2686 jumenta
487 2643 643 2674 dicuntur
669 2647 769 2683 capta
795 2652 868 2672 esse
883 2652 1025 2672 consue-

325 2687 454 2727 tudine,
480 2698 521 2718 ne
538 2686 791 2718 reformidarent
809 2684 949 2716 bestias.
977 2686 1025 2716 M.

328 2732 421 2763 Bene
439 2732 487 2763 sic
504 2731 622 2762 Morus
638 2737 668 2761 et
686 2730 795 2761 Bentl.
818 2729 910 2760 Male
926 2734 1027 2770 capta

326 2776 474 2807 referunt
490 2774 551 2806 alii
567 2776 609 2805 ad
626 2774 872 2806 consuetudine.

374 2819 528 2861 Larqiter
543 2823 616 2849 erat,
630 2823 826 2850 consecutus.
854 2816 916 2847 Vel
931 2817 1027 2847 intel-

325 2862 458 2902 ligetur,
485 2862 540 2893 vel
556 2863 707 2899 addetur,
735 2861 825 2903 quocl
842 2866 1026 2901 optat-erat.

324 2905 462 2937 Monuit
477 2905 656 2937 Cellarius.
682 2906 732 2937 M.
778 2905 864 2936 Scal.
882 2904 1025 2935 delenda

323 2954 421 2991 putat
440 2949 527 2987 haec,
556 2950 676 2991 quibus
697 2960 738 2980 ex
752 2949 860 2980 rebus.
908 2947 1024 2978 Davis.

324 2992 425 3027 malit
438 2994 556 3035 quibu-s
571 2994 641 3025 lzaec
652 2993 758 3025 rebus.
787 2991 909 3025 Clarke
926 2990 1026 3033 ellip-

1138 2247 1337 2284 Praepilrna,
1377 2255 1440 2276 non
1473 2245 1611 2286 cuspide
1643 2241 1791 2285 praefixa,

1091 2291 1148 2321 sed
1178 2290 1299 2320 obtuso
1325 2289 1493 2320 acumine.
1524 2296 1558 2320 et
1584 2289 1686 2319 instar
1711 2285 1793 2327 pilae

1092 2334 1245 2365 rotundo.
1278 2333 1385 2374 Lipsii
1402 2333 1547 2365 Poliorc.
1565 2337 1595 2370 4,
1612 2336 1642 2364 4.
1669 2332 1791 2363 Cellar.

1092 2379 1144 2410 Eo
1161 2388 1257 2409 sensu
1269 2380 1449 2419 proepdata
1461 2377 1543 2409 dicit
1558 2377 1701 2408 missilia
1713 2373 1788 2406 Liv.

1092 2424 1148 2460 26,
1173 2423 1226 2453 51.
1253 2428 1284 2453 et
1299 2424 1409 2455 hastas·
1432 2423 1628 2463 praepv'latas
1653 2418 1740 2451 Plin.
1758 2420 1792 2455 8,
1842 2438 1848 2443 -

1093 2469 1124 2497 6.
1160 2466 1250 2497 Idem
1267 2467 1300 2503 9,
1319 2468 1357 2497 30
1374 2466 1447 2505 (51)
1472 2463 1702 2505 metaphorice
1720 2472 1791 2494 cor-

1091 2519 1162 2541 nua
1190 2511 1396 2541 locuecamm
1436 2511 1617 2550 proepilata
1645 2505 1730 2538 dicit
1759 2510 1793 2536 et

1093 2553 1231 2591 Quinct.
1249 2557 1281 2591 5,
1300 2556 1350 2591 19,
1370 2555 1419 2584 17.
1443 2554 1694 2585 declamationes
1704 2559 1790 2591 prae-

1087 2600 1212 2640 pilatus
1225 2597 1378 2629 exercitii
1392 2597 1497 2639 gratia
1522 2596 1702 2628 institutas.

1138 2643 1310 2673 Patientia
1326 2642 1608 2680 bestiarum,dum
1624 2646 1792 2682 coguntur

1093 2685 1170 2726 equi
1198 2685 1328 2726 perpeti
1357 2686 1502 2718 indolem
1523 2686 1716 2721 bestiarum,
1732 2683 1792 2714 ad-

1092 2730 1260 2760 ducuntur
1290 2729 1323 2760 in
1355 2729 1630 2762 consuetudinem
1663 2738 1790 2758 earum-

1095 2774 1144 2804 M.
1170 2774 1203 2804 In
1220 2773 1319 2804 codd.
1335 2774 1435 2805 variis
1450 2780 1483 2804 et
1499 2774 1574 2804 edd.
1591 2778 1655 2803 vet.
1668 2771 1791 2811 legitur

1093 2819 1245 2857 atquem
1261 2827 1346 2848 com.
1371 2828 1471 2859 equos
1498 2819 1650 2858 ips-arum
1675 2817 1793 2847 bestia-

1092 2871 1167 2891 rum
1187 2860 1266 2890 add.
1282 2871 1379 2892 sensu
1397 2862 1448 2892 vel
1464 2859 1512 2891 sic
1528 2860 1608 2891 satis
1619 2866 1714 2901 apto.

1141 2905 1213 2935 Non
1225 2915 1284 2944 per
1297 2905 1419 2937 dolum.
1444 2903 1574 2935 Multos
1586 2910 1699 2935 tamen
1713 2903 1793 2935 Gal-

1093 2947 1200 2978 lorum
1218 2947 1316 2978 dolos
1333 2948 1405 2989 ipse
1435 2947 1545 2979 Caesar
1560 2947 1593 2980 in
1611 2947 1681 2980 suis
1699 2957 1791 2979 com-

1092 2990 1267 3022 mentariis
1283 2991 1471 3034 descripsit.
1498 2993 1546 3023 M.
