1946 3261
393 214 476 257 562
720 213 802 260 DE
835 211 1034 255 BELLO
1068 211 1492 258 HISPANIENSI.

391 344 420 365 ‘⁶
442 342 640 378 teruntur
658 338 818 387 arma,”
851 336 1200 394 adversariosque
1220 337 1582 380 vehementissime
1598 347 1838 395 pugnantes

389 393 519 437 nostri
547 408 674 450 agere
701 403 952 452 coeperunt3
983 396 1137 452 quibus
1166 395 1376 454 oppidum
1406 396 1490 438 fuit
1507 396 1709 438 subsidio.
1771 396 1840 439 Ita

387 452 484 509 ipsis
503 450 775 494 Liberalibus
795 453 879 496 fusi
897 453 1119 511 fugatique
1139 469 1224 497 non
1241 454 1561 513 superfuissent,
1582 454 1661 496 nisi
1680 453 1724 496 in
1740 469 1839 497 eum

384 511 526 552 locum
546 509 850 569 confugissent,
864 528 915 554 ex
932 528 1017 568 quo
1036 520 1157 554 erant
1177 513 1347 570 egressi.
1387 513 1437 555 In
1457 528 1544 570 quo
1558 511 1713 570 proelio
1734 512 1839 554 ceci·

384 568 542 609 derunt
559 567 678 610 milia
697 568 913 612 hominum
933 570 1104 612 circiter
1119 571 1243 612 XXX
1258 578 1302 612 et
1317 571 1350 613 si
1367 571 1476 628 quid
1487 570 1669 628 amplius
1689 585 1699 610 t
1733 585 1839 628 prae-

385 634 505 667 terea
534 625 763 678 Labienus,
789 629 936 671 Attius
959 628 1098 670 Varus
1117 643 1147 677 ς’
1160 629 1316 685 quibus
1336 629 1482 672 occisis
1497 630 1691 686 utrisque
1711 628 1840 670 funus

383 691 448 726 est
464 684 626 726 factum
643 700 652 726 ε
685 685 873 743 itemque
889 686 1052 742 equites
1074 686 1271 736 Romani,
1287 688 1445 744 partim
1461 703 1513 730 ex
1531 687 1656 736 urbe,
1679 686 1839 744 partim

384 758 437 784 ex
450 743 684 800 provincia,
701 743 755 786 ad
768 744 881 786 milia
896 743 979 786 III.
1012 745 1164 788 Nostri
1179 745 1404 789 desiderati
1418 746 1472 788 ad
1489 745 1708 788 hominum
1727 744 1843 793 mile,

382 801 541 858 partim
557 801 764 859 peditum,
787 804 946 860 partim
966 803 1175 860 equitum,
1192 804 1321 846 saucii
1339 803 1394 846 ad
1416 803 1686 861 quingentos.
1750 801 1841 844 Ad-

381 859 667 901 versariorum
684 861 836 916 aquilae
850 871 950 904 sunt
969 861 1123 906 ablatae
1143 861 1254 904 XIII
1275 870 1319 903 et
1338 863 1459 904 siorna
1479 869 1523 903 et
1544 861 1673 903 fasces
1691 875 1701 902 ε
1735 874 1841 919 prae-

382 924 500 958 terea
519 917 660 959 Duces
677 918 780 961 belli
800 918 932 961 XVII
955 920 1071 978 capti
1091 928 1205 962 sunt.
1270 920 1362 962 Hos
1375 898 1534 962 ‘fiabuit
1554 934 1620 961 res
1639 919 1793 961 exitus.

440 976 512 1016 32.
556 975 622 1017 Ex
653 975 757 1033 fuga
788 975 864 1019 hac
900 993 1036 1034 quum
1067 977 1276 1036 oppidum
1320 977 1531 1020 Mundam
1570 976 1651 1019 sibi
1687 976 1840 1019 consti-

379 1032 559 1074 tuissent
579 1034 835 1090 praesidium‚
858 1037 991 1078 nostri
1012 1037 1280 1094 cogebantur
1308 1035 1538 1079 necessario
1563 1050 1634 1077 eos
1662 1035 1841 1077 circum-

381 1090 556 1132 vallare.
619 1089 685 1132 Ex
717 1091 903 1134 hostium
931 1095 1058 1136 armis
1089 1110 1170 1153 pro
1207 1095 1366 1152 cespite
1401 1094 1609 1136 cadavera
1646 1093 1837 1136 conloca-

381 1148 556 1197 bantur‚
584 1157 707 1190 scuta
726 1158 770 1191 et
791 1151 880 1208 pila
892 1167 981 1209 -pro
1004 1152 1136 1202 vallo,
1159 1155 1184 1181 *θ
1205 1153 1376 1210 insuper
1409 1151 1533 1194 occisi
1559 1160 1603 1194 et
1635 1150 1768 1209 gladii
1794 1160 1840 1193 et

380 1221 600 1248 mucrones
620 1214 664 1248 et
682 1207 825 1266 capita
841 1209 1059 1253 hominum
1080 1211 1290 1261 ordinata,
1318 1210 1374 1252 ad
1404 1209 1614 1268 oppidum
1636 1224 1840 1252 conversa

382 1264 575 1306 universa
611 1263 794 1308 hostium
828 1268 1039 1318 timorem,
1077 1269 1333 1326 virtutisque
1368 1267 1549 1325 insignia
1567 1268 1593 1294 ²*
1615 1267 1839 1326 proposita

378 1321 587 1372 viderent,
621 1332 666 1364 et
694 1325 807 1367 vallo
829 1327 1268 1370 circumcluderentur
1302 1325 1549 1368 adversarii.
1586 1327 1613 1354 *Ε
1635 1324 1704 1368 Ita
1726 1324 1846 1368 Galli

378 1380 559 1437 tragulis
594 1380 832 1439 jaculisque
869 1384 1078 1441 oppidum
1115 1402 1167 1427 ex
1206 1385 1391 1429 hostium
1426 1383 1702 1427 cadaveribus
1741 1391 1842 1426 sunt

381 1437 673 1495 circumplexi,
707 1440 960 1499 obpugnare
981 1452 1221 1501 coeperunt.
1284 1444 1351 1485 Ex
1370 1443 1451 1486 hoc
1472 1442 1627 1500 proelio
1645 1441 1843 1484 Valerius

378 1495 615 1538 adolescens
635 1497 884 1541 Cordubam
904 1516 1002 1542 cum
1024 1502 1172 1558 paucis
1192 1501 1413 1559 equitibus
1434 1500 1563 1558 fugit,
1594 1501 1691 1543 Sex.
1717 1499 1841 1543 Pom-

379 1553 492 1609 peio,
534 1554 609 1611 qui
651 1555 867 1598 Cordubae
909 1558 1074 1609 fuisset,
1121 1575 1211 1602 rem
1240 1567 1403 1616 gestam
1442 1559 1592 1601 refert.
1656 1558 1843 1616 Cognito

380 1610 461 1653 hoc
497 1613 687 1669 negotio,
725 1628 832 1669 quos
867 1616 1030 1671 equites
1062 1633 1203 1660 secum
1237 1617 1404 1667 habuit,
1436 1616 1514 1666 his,
1545 1616 1661 1673 quod
1690 1614 1843 1658 habuit

381 1684 522 1711 secum
545 1670 748 1726 pecuniae,
780 1672 1027 1723 dist.ribuit;
1072 1685 1117 1718 et
1139 1674 1364 1732 oppidanis
1397 1674 1522 1725 dixit,
1549 1683 1576 1700 “
1600 1691 1642 1717 se
1661 1674 1716 1716 de
1737 1689 1842 1732 pace

383 1734 413 1752 ‘⁶
435 1727 491 1768 ad
516 1728 725 1770 Caesarem
748 1729 957 1786 proficisci
974 1734 1014 1779 ;’'
1045 1742 1090 1774 et
1118 1732 1303 1775 secunda
1332 1733 1478 1788 vigilia
1504 1733 1561 1775 ab
1581 1732 1742 1790 oppido
1761 1732 1842 1774 dis-

382 1785 515 1826 cessit.
579 1786 659 1828 Cn.
686 1786 913 1845 Pompeius
934 1799 1079 1832 autem
1108 1806 1201 1831 cum
1232 1790 1450 1847 equitibus
1515 1790 1630 1832 aucis
1662 1789 1841 1836 nonnul-

381 1842 518 1898 lisque
562 1842 765 1886 )editibus
796 1845 849 1887 ad
878 1847 1027 1889 navale
1050 1847 1292 1905 praesidium
1315 1856 1436 1904 parte
1464 1863 1487 1889 a
1509 1855 1599 1889 tera
1623 1847 1841 1890 Carteiam

381 1859 616 1953 contendit,
654 1902 772 1958 quod
809 1904 1017 1961 oppidum
1051 1907 1169 1948 abest
1202 1922 1227 1947 a
1256 1905 1464 1948 Corduba
1499 1906 1614 1947 milia
1642 1921 1841 1963 passuum

385 1957 558 2000 CLXX.
623 1959 721 2008 Quo
740 1975 876 2016 quum
898 1962 952 2004 ad
973 1972 1170 2005 octavum
1193 1963 1422 2005 miliarium
1439 1963 1634 2012 venisset,
1668 1963 1715 2005 P.
1742 1963 1841 2006 Cal-

383 2015 526 2065 vitius,
547 2017 621 2073 qui
646 2018 794 2060 castris
813 2028 940 2061 antea
970 2020 1163 2079 Pompeii
1184 2021 1432 2078 praepositus
1453 2028 1575 2071 esset,
1593 2021 1682 2079 ejus
1702 2021 1843 2063 verbis

383 2074 582 2116 nuncium
615 2074 765 2125 mittit,
799 2083 828 2103 ‘⁶
853 2093 987 2133 quum
1017 2079 1152 2121 minus
1186 2079 1296 2121 belle
1329 2078 1522 2129 haberet,
1546 2087 1594 2121 ut
1622 2078 1841 2122 mitterent

383 2138 412 2156 ‘⁶
434 2131 641 2181 lecticam,
664 2148 749 2188 qua
771 2134 814 2176 in
835 2136 1043 2193 oppidum
1065 2137 1223 2179 deferri
1247 2136 1426 2194 possit.’'
1488 2137 1662 2179 Litteris
1692 2137 1840 2186 missis,

387 2188 612 2246 Pompeius
631 2190 846 2234 Carteiam
870 2193 1075 2238 defertur.
1143 2195 1227 2245 Qui
1249 2195 1421 2237 illarum
1443 2194 1630 2252 partium
1651 2194 1840 2238 fautores

387 2340 488 2372 Ennii
501 2340 536 2371 h.
553 2340 576 2371 1.
592 2346 731 2372 metrum
748 2343 915 2375 restituere
929 2345 1074 2384 laborat3

1147 2347 1246 2377 Conf.
1263 2347 1378 2378 Florus
1392 2349 1424 2385 4,
1440 2351 1472 2385 2,
1489 2350 1542 2379 85.
1561 2346 1634 2379 val.
1650 2346 1742 2379 Max.
1759 2349 1791 2386 7,
1808 2347 1839 2384 6,

387 2385 444 2415 sed
469 2385 510 2414 ad
539 2384 603 2414 hoc
637 2384 669 2415 in
698 2386 805 2417 soluta
833 2388 981 2421 oratione
1010 2400 1074 2421 uon

1147 2394 1177 2419 5.
1200 2390 1318 2421 Celsus
1333 2402 1365 2431 p.
1383 2394 1457 2421 945.

383 2438 515 2468 semper
530 2428 734 2459 adtenditur.

432 2471 515 2511 Ipsis
538 2471 753 2502 Liberalibus,
798 2472 851 2503 Sic
874 2480 907 2504 et
932 2475 1003 2506 Cic.
1019 2487 1075 2516 ep.

387 2514 429 2544 ad
447 2514 522 2544 Div.
543 2516 659 2551 lest-5.
698 2515 894 2547 incidebam
924 2517 957 2548 in
981 2519 1075 2551 XVI.

388 2557 463 2588 Kal.
482 2558 561 2597 Apr.
578 2558 629 2588 Cf.
648 2557 746 2589 Ovid.
763 2559 849 2590 Fast.
867 2564 898 2597 3,
913 2563 987 2593 713.

431 2601 486 2631 EJ:
522 2603 664 2631 ho-stium
701 2605 802 2633 armis
830 2619 873 2625 -
901 2612 1075 2643 coeperunc.

387 2643 469 2674 Haec
495 2649 568 2674 sunt
590 2644 708 2675 misere
723 2645 900 2687 discerpta.
944 2647 1074 2680 Scimus

385 2698 402 2717 e
420 2687 527 2718 Dione
539 2686 654 2718 (tassio
671 2689 740 2726 (43,
757 2690 825 2727 38),
839 2696 993 2730 congesta
1003 2703 1075 2722 esse

385 2731 554 2768 cadavera,
570 2737 618 2768 ut,
633 2731 735 2762 veluti
751 2733 875 2763 vallum
898 2733 988 2764 circa
1013 2746 1074 2775 op-

387 2774 514 2813 pidum,
537 2782 835 2807 eonem-narentur:
860 2785 900 2807 ex
918 2777 1074 2818 Appiano

384 2826 414 2847 c.
435 2819 504 2848 105.
520 2817 570 2858 (p.
587 2815 676 2855 493),
703 2819 865 2851 cadavera
891 2820 995 2851 hastis
1016 2823 1073 2852 ad-

383 2859 448 2892 fixa
474 2870 546 2892 esse
574 2866 670 2894 terrae
698 2861 790 2895 eirca
820 2863 992 2905 oppidum.
1022 2866 1072 2896 M.

1156 2462 1158 2469 ,
1192 2435 1304 2475 Fugit.
1345 2434 1399 2465 Sic
1423 2434 1503 2466 boni
1527 2435 1624 2466 codd.
1655 2433 1765 2476 Vulgo
1776 2434 1836 2474 fu-

1144 2487 1248 2517 [leem.

1193 2521 1326 2560 &aquilo
1358 2521 1417 2552 hoc
1440 2523 1582 2562 neqotio,
1610 2531 1690 2562 quos
1715 2522 1839 2562 equites

1143 2573 1251 2594 secum
1266 2565 1392 2600 habuit,
1411 2566 1473 2601 leis,
1493 2565 1581 2605 quod
1599 2565 1714 2596 habuit
1727 2574 1837 2595 secum.

1141 2609 1300 2646 pec-unice,
1330 2608 1504 2639 distribuit.
1547 2607 1599 2639 Sic
1626 2607 1798 2649 legendum
1819 2618 1839 2638 e

1149 2649 1279 2680 Norvic.
1296 2661 1314 2681 e
1331 2651 1447 2681 Petav.
1476 2652 1526 2681 M.
1564 2651 1611 2682 Ita
1635 2649 1764 2682 restitui
1788 2650 1837 2680 lo-

1144 2702 1234 2723 cum.
1278 2693 1414 2734 Legitur
1440 2694 1562 2735 vulgo:
1602 2704 1682 2735 quos
1715 2695 1838 2734 equites

1144 2737 1231 2775 quod
1246 2747 1314 2776 pec·
1328 2747 1438 2769 secum
1451 2738 1578 2768 habuit.

1187 2780 1352 2811 Mitterem
1363 2781 1522 2811 lecticam.
1545 2780 1600 2811 Sic
1615 2779 1714 2811 codd.
1724 2778 1834 2820 Vulgo

1142 2825 1292 2856 mitteret.
1308 2823 1406 2856 male.
1421 2823 1569 2856 subaudi
1582 2824 1792 2856 Carteienses.
