1946 3261
607 207 723 251 LIB.
757 205 839 252 IV.
901 208 1039 252 CAP.
1071 208 1259 253 23-25.
1618 212 1674 255 93

200 341 357 384 nosset,
376 342 420 377 et
437 348 532 392 quae
548 333 640 377 fieri
657 336 803 386 vellet,
823 335 1008 379 ostendit
1025 337 1292 394 monuitque,
1313 337 1381 392 (ut
1400 337 1461 380 rei
1478 336 1674 380 militaris

200 393 328 442 ratio,
360 393 539 436 maxime
563 402 612 436 ut
633 396 873 437 maritumae
893 410 959 436 res
980 395 1265 451 postularent,
1298 405 1348 439 ut
1375 412 1472 454 quae
1492 396 1676 439 celerem

198 461 330 510 atque
366 452 605 495 instabilem
631 462 798 495 motum
832 453 1071 508 haberent),
1107 453 1161 494 ad
1184 462 1338 495 nutum
1367 463 1410 497 et
1431 455 1485 497 ad
1506 464 1674 513 tempus

199 526 342 553 omnes
363 526 429 552 res
449 510 505 552 ab
526 511 574 552 iis
594 510 1010 553 administrarentur.
1076 510 1157 552 His
1177 510 1353 553 dimissis
1372 521 1415 554 et
1432 521 1608 556 ventum
1630 523 1674 556 et

198 577 347 611 aestum
379 583 465 610 uno
486 576 681 625 tempore
702 577 852 611 nactus
871 568 1118 617 secundum,
1152 568 1253 611 dato
1285 569 1406 625 signo
1434 579 1476 612 et
1497 571 1676 614 sublatis

199 625 380 675 ancoris,
414 625 583 667 circiter
619 626 734 668 milia
765 643 968 684 passuum
1000 625 1087 668 VII
1119 627 1175 669 ab
1205 642 1255 668 eo
1285 627 1378 670 loco
1408 644 1675 686 progressus,

198 691 348 742 aperto
369 700 418 726 ac
439 683 570 741 plano
592 683 721 727 litore
743 700 870 727 naves
889 685 1128 727 constituit.

256 741 326 783 24.
362 742 424 783 At
455 741 646 791 barbari,
684 743 859 785 consilio
901 743 1193 785 Romanorum
1233 741 1423 801 cognito,
1466 745 1678 801 pi·aemisso

198 800 397 857 equitatu
429 808 473 842 et
507 800 740 850 essedariis,
774 817 861 858 quo
894 801 1152 859 plerumque
1174 817 1330 859 genere
1361 801 1402 842 in
1425 802 1589 860 proeliis
1610 805 1675 846 uti

197 866 477 907 consuerunt,
508 858 685 915 reliquis
714 860 847 918 copiis
876 860 1108 909 subsecuti,
1140 868 1308 902 nostros
1331 860 1511 903 navibus
1531 862 1678 918 egredi

198 916 501 975 prohibebant.
564 917 673 959 Erat
705 918 762 960 ob
794 918 867 961 has
894 934 1058 960 caussas
1088 934 1252 960 summa
1283 919 1529 968 difficultas,
1561 920 1680 976 quod

197 991 325 1018 naves
346 984 530 1034 propter
550 975 904 1033 magnitudinem,
928 976 1004 1018 nisi
1027 976 1070 1019 in
1091 977 1196 1025 alto,
1227 977 1429 1019 constitui
1452 993 1534 1020 non
1557 986 1679 1036 pote-

199 1042 318 1082 rant;
350 1034 560 1076 militibus
581 1043 726 1076 autem
747 1034 905 1092 ignotis
926 1035 1044 1084 locis,
1067 1034 1268 1092 inpeditis
1289 1035 1500 1085 manibus,
1523 1052 1679 1094 magno

197 1100 242 1134 et
263 1091 386 1150 gravi
417 1107 634 1134 armorum
665 1108 795 1134 onere
822 1093 1054 1151 oppressis,
1082 1093 1208 1135 simul
1229 1101 1273 1134 et
1295 1094 1350 1135 de
1372 1094 1552 1136 navibus
1574 1094 1680 1137 desi-

198 1150 389 1193 liendum
407 1158 450 1192 et
466 1150 509 1192 in
527 1150 728 1193 fluctibus
744 1150 1059 1193 consistendum
1078 1159 1122 1193 et
1143 1167 1240 1194 cum
1254 1150 1445 1194 hostibus
1459 1162 1551 1195 erat
1570 1169 1680 1212 pug-

198 1209 404 1251 nandum:
438 1223 573 1265 quum
586 1208 651 1251 illi
666 1217 741 1250 aut
761 1225 813 1251 ex
833 1209 972 1258 arido,
990 1218 1066 1251 aut
1078 1209 1324 1267 paullulum
1343 1209 1385 1252 in
1400 1226 1556 1266 aquam
1580 1228 1680 1270 pro-

198 1267 346 1324 gressi,
361 1267 555 1309 omnibus
566 1267 769 1309 membris
790 1268 995 1325 expediti,
1010 1268 1233 1310 notissimis
1251 1268 1352 1310 locis
1370 1270 1574 1312 audacter
1595 1272 1683 1314 tela

199 1325 460 1383 conjicerent
494 1333 538 1366 et
573 1340 705 1381 equos
745 1325 1000 1368 insuefactos
1040 1326 1281 1368 incitarent.
1347 1327 1514 1376 Quibus
1554 1330 1682 1372 rebus

199 1384 333 1426 nostri
361 1383 597 1441 perterriti,
619 1392 750 1440 atque
770 1383 895 1440 hujus
916 1385 1087 1427 omnino
1116 1385 1282 1442 generis
1312 1401 1468 1442 pugnae
1489 1387 1682 1444 inperiti,

200 1457 284 1484 non
302 1443 450 1484 eadem
467 1441 690 1484 alacritate
712 1457 761 1484 ac
781 1442 938 1489 studio,
970 1457 1057 1499 quo
1077 1442 1119 1484 in
1141 1443 1412 1501 pedestribus
1434 1445 1499 1486 uti
1520 1446 1683 1503 proeliis

198 1508 522 1548 consueverant,
545 1500 809 1542 nitebantur.

258 1559 329 1600 25.
365 1558 494 1607 Quod
516 1558 590 1599 ubi
614 1558 757 1599 Caesar
777 1557 965 1599 animum
994 1557 1201 1608 advertit,
1234 1575 1362 1602 naves
1384 1560 1547 1619 longas,
1580 1579 1683 1620 qua-

200 1633 296 1660 rum
317 1625 361 1659 et
381 1615 542 1674 species
562 1624 655 1657 erat
675 1615 870 1658 barbaris
891 1616 1134 1658 inusitatior
1155 1625 1198 1659 et
1220 1627 1362 1660 motus
1389 1619 1444 1660 ad
1468 1636 1590 1662 usum
1611 1638 1680 1664 ex-

200 1675 404 1742 peditior,
447 1673 641 1732 paullum
681 1674 891 1716 removeri
931 1674 987 1716 ab
1024 1675 1228 1717 onerariis
1266 1676 1446 1727 navibus
1481 1686 1525 1719 et
1558 1681 1683 1722 remis

199 1733 367 1776 incitari
397 1740 442 1775 et
477 1733 532 1775 ad
554 1733 667 1774 latus
699 1741 902 1790 apertum
932 1731 1118 1775 hostium
1153 1734 1392 1784 constituit,
1421 1743 1552 1792 atque
1586 1738 1683 1781 inde

199 1791 357 1841 fundis,
380 1790 564 1848 sagittis,
588 1791 827 1840 tormentis,
847 1791 986 1833 hostes
1005 1792 1189 1850 propelli
1207 1809 1255 1835 ac
1273 1794 1515 1836 submoveri
1531 1795 1681 1853 jussit:

199 1866 296 1908 quae
329 1866 396 1893 res
417 1865 571 1907 magno
600 1850 695 1892 usui
724 1849 878 1892 nostris
906 1849 1003 1891 fuit.
1069 1852 1183 1893 Nam
1217 1859 1260 1893 et
1283 1851 1456 1894 navium
1478 1852 1618 1911 figura
1640 1865 1684 1898 et

200 1925 418 1952 remorum
438 1916 559 1951 motu
578 1916 621 1950 et
643 1908 846 1950 inusitato
868 1923 1024 1966 genere
1043 1917 1356 1952 tormentorum
1381 1912 1565 1968 permoti
1586 1914 1684 1956 bar-

200 1967 295 2010 bari
312 1967 614 2016 constiterunt,
631 1983 679 2009 ac
697 1967 894 2025 paullum
907 1967 1033 2010 modo
1052 1968 1203 2026 pedem
1223 1969 1484 2011 retulerunt.
1534 1971 1685 2028 Atque

200 2027 354 2068 nostris
389 2025 597 2068 militibus
624 2025 942 2075 cunctantibus,
976 2027 1155 2068 maxime
1189 2036 1372 2084 propter
1408 2027 1682 2074 altitudinem

199 2085 342 2134 maris,
362 2084 438 2142 qui
459 2084 631 2126 decimae
652 2083 829 2142 legionis
850 2084 1038 2141 aquilam
1060 2084 1245 2134 ferebat,
1264 2093 1530 2128 contestatus
1549 2088 1680 2139 Deos,

200 2151 251 2184 ut
293 2159 343 2185 ea
384 2158 450 2184 res
490 2142 668 2200 legionis
712 2142 895 2185 feliciter
935 2143 1149 2185 eveniret:
1203 2151 1231 2169 “
1258 2143 1483 2193 Desilite,’'
1523 2146 1681 2203 inquit,

201 2209 231 2228 ‘⁶
256 2201 580 2251 commilitones,
618 2200 696 2243 nisi
730 2201 862 2244 vultis
897 2201 1086 2259 aquilam
1123 2201 1317 2244 hostibus
1351 2203 1554 2261 prodere:
1601 2222 1682 2264 ego

1024 2314 1226 2352 Essetlariis,
1241 2313 1301 2355 qui
1319 2325 1360 2346 ex
1376 2316 1501 2347 essedis
1515 2317 1683 2355 (curribus

971 2357 1123 2396 bellicis)
1156 2364 1316 2399 pugnant.
1367 2359 1445 2391 vid.
1479 2361 1618 2394 omnino
1649 2374 1680 2394 c.

246 2314 386 2353 Monuit,
404 2314 471 2353 (ut)
493 2324 604 2346 omnes
619 2324 671 2344 res
689 2314 907 2345 administra-

200 2363 328 2395 remur,
354 2364 390 2390 ut
411 2357 493 2398 (uti)
514 2360 599 2389 ratio
622 2360 673 2388 rei
695 2359 853 2389 ‘'niliearis
875 2363 907 2389 et

201 2411 255 2432 res
285 2403 396 2433 mar-it.
426 2403 643 2442 postularent,
679 2407 714 2433 m
745 2401 906 2442 (quippe)

202 2446 503 2486 quse-haberem.
523 2446 570 2476 M.
606 2444 659 2475 Sic
677 2455 742 2476 non
757 2455 843 2485 opus
856 2450 905 2475 est

201 2488 436 2519 emendatione
449 2488 654 2520 Hotomanni
668 2494 701 2519 et
712 2487 904 2520 Ciacconii.

249 2533 392 2563 Celerem
408 2537 508 2573 atque
528 2534 647 2564 instab.
667 2538 745 2563 mot.
771 2533 904 2569 habere,

202 2574 364 2606 facillime
398 2574 532 2613 mutari,
570 2576 668 2607 valde
704 2575 905 2606 mutabilem

202 2629 288 2650 esse.
315 2619 362 2649 M.
408 2620 474 2650 Pro
488 2624 525 2650 ut
539 2629 615 2659 quoe
629 2618 690 2650 alii
706 2625 742 2651 ut
758 2629 873 2660 quam.

246 2663 347 2694 Milia
361 2672 452 2702 pass.
472 2662 555 2693 VII.
587 2663 623 2693 In
636 2662 839 2703 metaphrasi
853 2666 904 2692 est

203 2703 327 2744 στάδιον,
341 2704 399 2736 ubi
413 2704 570 2736 Davisius
581 2705 716 2747 egregie
728 2706 904 2747 legendum

202 2755 316 2780 monet
339 2747 445 2780 στάδια
470 2747 489 2778 ν’
511 2748 582 2780 sive
599 2751 652 2787 50,
671 2749 731 2790 qui
748 2759 904 2780 numerus

203 2803 310 2834 prope
322 2793 364 2824 ad
372 2793 513 2824 alterum
523 2792 665 2826 accedit.
690 2793 727 2823 In
737 2791 905 2833 edd.pris-

203 2836 254 2867 cis
265 2836 388 2878 legitur
400 2842 543 2867 centum..
559 2836 620 2867 alii
639 2835 763 2867 habent
780 2836 870 2867 VIII.
887 2834 889 2837 ’

249 2881 369 2921 Apereo
393 2891 433 2911 ac
453 2881 555 2922 plano
579 2881 681 2912 litore.
726 2879 905 2911 D’Anville

204 2923 349 2955 ostendit
376 2935 411 2965 p.
425 2934 455 2955 c.
479 2935 553 2957 esse
577 2929 712 2965 portum
734 2923 908 2963 Lemanis,

207 2966 308 2999 hodie
327 2968 366 3000 H
366 2969 437 3010 yth.

973 2403 1027 2433 33.
1053 2402 1101 2432 M.

1018 2446 1123 2476 Orwre
1140 2448 1315 2487 oppressis.
1330 2447 1375 2478 al.
1393 2452 1524 2484 pre-exele.

1017 2491 1070 2520 De
1093 2491 1235 2520 navibus
1249 2507 1293 2512 —-
1307 2493 1344 2521 in
1363 2492 1539 2530 fluctibus.
1587 2493 1677 2525 Prae-

973 2532 1159 2574 positiones
1174 2532 1319 2564 restituit
1335 2534 1423 2565 Oud.
1440 2545 1458 2565 e
1473 2536 1568 2566 codd.

1015 2577 1233 2617 Inszwfactos,
1247 2578 1420 2608 adsuetos:
1444 2584 1480 2608 ut
1497 2582 1677 2611 insuetis-se

971 2619 1106 2657 dicitur,
1134 2620 1193 2661 qui
1219 2625 1269 2651 est
1294 2622 1506 2652 adsuefactus
1533 2622 1591 2653 rei.
1638 2624 1674 2655 In

970 2663 1027 2695 Gr.
1046 2664 1213 2704 metaphr.
1229 2670 1290 2702 est,
1315 2663 1496 2703 εἰθισμένους.
1524 2666 1573 2697 M.

1019 2708 1145 2739 Non—
1155 2708 1356 2739 nitebantur.
1393 2709 1431 2737 Te>
1445 2719 1569 2747 omnes,
1584 2711 1677 2750 quod

968 2751 1071 2792 vulgo
1100 2751 1244 2789 additur,
1275 2751 1308 2782 in
1335 2750 1491 2793 plurimis
1513 2753 1614 2784 codd.
1640 2760 1675 2785 et

969 2795 1046 2826 edd.
1065 2800 1132 2825 vet.
1149 2795 1254 2825 deest.

1018 2838 1230 2870 Nitebamur.
1274 2838 1329 2869 Sic
1358 2839 1434 2869 cod.
1466 2838 1576 2872 Oxon.
1605 2842 1675 2873 ele-

971 2888 1096 2924 ganter.
1143 2881 1256 2921 Vulgo
1270 2881 1458 2914 utebamur.

1018 2927 1124 2967 Atque
1139 2927 1257 2956 nostris
1274 2926 1345 2956 mil.
1365 2926 1411 2957 al.
1430 2928 1482 2959 At.

1021 2968 1281 3003 Commilitones.
1304 2969 1408 3013 vulgo
1431 2973 1565 3004 milites.
