1946 3261
686 170 807 219 LIB.
869 171 950 218 CA
960 171 1010 219 P.
1047 171 1236 221 13-15.
1621 175 1705 221 431

210 300 255 346 in
295 316 427 346 cursu
460 300 593 347 litore
629 300 846 362 AEgyptio
885 301 1126 359 defecerat)
1165 301 1369 347 Ponticas
1402 310 1520 355 ecto,
1560 301 1713 365 Lycias

211 361 424 422 quinque,
464 378 519 406 ex
556 362 661 405 Asia
699 361 944 406 duodecim.
1007 361 1078 403 Ex
1117 360 1183 404 his
1218 371 1343 406 erant
1377 363 1714 422 quinqueremes

242 422 407 481 uinque
427 431 472 466 et
501 421 803 482 quadriremes
823 421 992 465 decem:
1025 420 1206 478 reliquae
1234 422 1346 465 infra
1366 421 1477 466 hanc
1496 423 1713 483 magnitu-

210 437 357 526 dinem
384 490 430 525 et
450 481 671 541 pleraeque
690 490 867 540 apertae.
929 480 1095 524 Tamen
1115 479 1282 523 virtute
1303 482 1494 525 militum
1512 481 1712 534 confisus,

212 541 400 599 cognitis
416 540 606 585 hostium
627 541 776 599 copiis,
797 557 842 584 se
862 539 918 584 ad
936 538 1227 583 dimicandum
1248 540 1449 599 parabat.

275 599 342 643 14.
378 600 618 658 Postquam
649 615 701 642 eo
722 609 903 644 ventum
923 608 1005 650 est,
1038 607 1089 641 ut
1115 598 1197 642 sibi
1226 607 1414 658 uterque
1437 615 1591 644 eorum
1610 615 1712 644 con-

206 657 386 708 fideret;
438 660 585 702 Caesar
627 658 802 702 Pharon
850 660 982 702 classe
1023 657 1381 708 circumvehitur,
1421 658 1711 718 adversasque

209 733 339 761 naves
363 718 559 762 hostibus
579 719 827 769 constitum
862 719 907 762 in
927 718 1086 762 dextro
1114 732 1251 761 cornu
1275 716 1469 761 Rhodias
1496 719 1715 770 conlocat,

210 776 255 820 in
275 777 448 821 sinistro
472 777 693 821 Ponticas:
728 778 844 822 inter
864 777 940 821 has
959 778 1152 838 spatium
1173 776 1599 836 quadringentorum
1621 794 1719 836 pas-

209 852 337 880 suum
365 837 594 896 relinquit,
628 838 748 897 quod
784 838 887 881 satis
921 853 1010 882 esse
1043 836 1099 880 ad
1125 836 1404 896 explicandas
1435 852 1567 880 naves
1598 837 1719 881 vide-

209 896 357 940 batur.
412 897 517 940 Post
537 897 653 940 hunc
672 897 865 941 ordinem
886 897 1076 957 reliquas
1098 912 1229 940 naves
1248 896 1443 940 subsidio
1464 896 1715 940 distribuit:

208 970 307 1014 quae
339 972 561 1016 quamque
592 972 743 1000 earum
774 966 984 1015 sequatur
1013 966 1075 1006 et,
1108 956 1177 999 cui
1214 957 1458 1006 subveniat,
1489 956 1718 1001 constituit

205 1023 339 1074 atque
366 1017 569 1075 imperat.
635 1017 739 1060 Non
760 1017 1018 1060 dubitanter
1043 1015 1331 1059 Alexandrini
1351 1016 1529 1060 classem
1552 1016 1717 1074 produ-

208 1083 315 1118 cunt
335 1084 471 1134 atque
491 1077 738 1119 instruunt:
775 1076 817 1119 in
839 1077 983 1120 fronte
1003 1076 1231 1119 conlocant
1252 1075 1362 1119 duas
1383 1085 1428 1119 et
1450 1077 1491 1119 vi
1528 1075 1625 1126 inti,
1650 1092 1716 1119 re-

209 1133 350 1193 liquas
371 1135 652 1179 subsidiarias
680 1136 722 1178 in
742 1135 934 1178 secundo
961 1135 1114 1178 ordine
1142 1135 1430 1179 constituunt.
1496 1092 1718 1195 {lagnum

207 1203 420 1252 praeterea
453 1211 680 1238 numerum
713 1194 931 1238 minorum
963 1195 1238 1254 navigiorum
1268 1205 1313 1240 et
1333 1194 1595 1254 scapharum
1615 1211 1717 1254 pro-

205 1252 375 1296 ducunt
406 1271 507 1297 cum
535 1255 747 1297 malleolis
777 1255 1056 1314 ignibusque,
1087 1256 1120 1298 si
1151 1254 1261 1313 quid
1293 1255 1384 1314 ipsa
1404 1254 1648 1298 multitudo
1668 1264 1714 1299 et:

205 1312 370 1356 clamor
407 1322 453 1356 et
491 1313 664 1357 flamma
700 1314 858 1357 nostris
894 1314 1076 1358 terroris
1107 1314 1282 1357 adferre
1317 1324 1507 1374 possent.
1572 1315 1714 1359 Erant

208 1371 322 1414 inter
358 1373 465 1416 duas
500 1373 651 1416 classes
684 1372 797 1415 vada
833 1373 1021 1415 transitu
1049 1383 1251 1431 angusto,
1287 1389 1384 1432 quae
1413 1374 1638 1432 pertinent
1659 1374 1716 1419 ad

209 1431 430 1500 regionem
455 1432 636 1476 Africae:
671 1432 748 1488 (sic
777 1432 890 1474 enim
912 1430 1169 1491 praedicant,
1206 1442 1377 1491 partem
1412 1449 1501 1476 esse
1523 1434 1716 1477 Alexan-

208 1490 315 1534 driae
335 1491 557 1534 dimidiam
582 1492 788 1549 Africae:)
817 1491 1008 1550 satisque
1028 1491 1105 1533 diu
1127 1492 1241 1535 inter
1262 1492 1378 1551 ipsos
1405 1501 1471 1535 est
1492 1502 1715 1551 exspecta-

207 1558 321 1601 tum,
350 1551 408 1594 ab
429 1551 540 1594 utris
561 1550 813 1594 transeundi
846 1551 969 1594 fieret
992 1551 1193 1600 initium;
1225 1560 1464 1610 propterea
1491 1552 1627 1608 quod,
1652 1553 1714 1596 eis

239 1609 283 1652 ui
305 1610 551 1660 intrassent,
583 1619 628 1653 et
650 1610 706 1653 ad
728 1609 1031 1669 explicandam
1052 1610 1244 1659 classem,
1272 1619 1316 1653 et
1339 1610 1392 1653 ad
1414 1620 1658 1670 receptum,
1679 1613 1716 1656 si

243 1669 366 1713 urior
387 1669 614 1713 accidisset
635 1686 772 1720 casus,
794 1669 1080 1729 inpeditiores
1102 1670 1195 1713 fore
1216 1669 1497 1713 videbantur.

271 1729 336 1771 15.
363 1729 547 1773 Rhodiis
562 1729 745 1772 navibus
766 1737 953 1789 praeerat
971 1728 1250 1788 Euphranor,
1263 1729 1395 1772 animi
1412 1729 1717 1789 magnitudine

205 1804 257 1832 ac
287 1788 458 1833 virtute
491 1789 627 1850 magis
659 1805 756 1832 cum
792 1789 950 1832 nostris
968 1788 1228 1839 hominibus,
1258 1805 1390 1847 quam
1411 1805 1510 1832 cum
1535 1791 1717 1841 Graecis,

207 1848 544 1908 comparandus.
621 1848 709 1892 Hic
748 1848 807 1893 ob
848 1849 1112 1893 notissimam
1153 1848 1376 1892 scientiam
1416 1858 1551 1907 atque
1583 1850 1716 1893 animi

208 1908 559 1976 magnitudinem
589 1907 786 1952 delectus
816 1917 880 1951 est
909 1908 967 1951 ab
991 1907 1191 1958 Rhodiis,
1223 1908 1299 1967 qui
1322 1909 1555 1967 imperium
1576 1909 1720 1953 classis

206 1968 443 2011 obtineret.
521 1968 625 2018 Qui,
664 1969 741 2013 ubi
782 1968 964 2012 Caesaris
1004 1969 1198 2012 animum
1240 1967 1450 2018 advertit,
1486 1975 1515 1996 “
1542 1968 1718 2014 Videris

258 2113 416 2146 Malleoli
430 2115 592 2156 iymsque
615 2119 690 2145 sunt
707 2113 859 2146 malleoli
877 2113 929 2156 ig·
996 2112 1100 2156 gitur,
1115 2113 1261 2145 alteram
1288 2119 1418 2156 partem
1441 2112 1621 2146 dimidiam
1636 2125 1712 2147 esse

210 2155 288 2196 niti,
310 2168 419 2200 genus
440 2159 585 2190 telorum
604 2158 800 2201 ignitorum.
848 2158 928 2190 Erat
998 2157 1102 2190 Asiae.
1129 2159 1178 2189 M.
1226 2158 1277 2189 De
1300 2158 1435 2190 diverso
1457 2159 1603 2191 termino
1621 2159 1711 2191 Asiae

209 2207 326 2234 autem
343 2204 484 2235 omnino
509 2203 654 2245 ignitum
670 2203 779 2235 telum
796 2202 927 2244 lignum

211 2251 298 2279 teres
320 2247 475 2286 (hastile,
500 2247 634 2290 sagitta,
655 2247 838 2290 jaculum),
862 2247 928 2279 cir-

211 2292 409 2323 cumdatum
426 2293 665 2333 repletumque
682 2291 773 2333 pice,
789 2298 927 2333 stuppa,

209 2334 344 2377 aliaque
374 2335 489 2378 ignem
520 2336 738 2378 concipiente
770 2336 926 2375 materia,

209 2381 301 2422 quod
332 2386 516 2422 antequam
546 2380 756 2420 mittebatur,
790 2380 924 2412 incendi

211 2424 360 2456 solebat:
396 2425 486 2467 ignis
513 2436 596 2468 ergo
626 2425 713 2457 inter
739 2425 924 2457 volandum

210 2477 357 2512 augetur
379 2475 426 2509 et,
453 2470 660 2512 cuicumque
681 2470 789 2502 telum
811 2470 927 2502 adhae-

211 2514 306 2552 serit,
324 2514 356 2545 id
375 2513 536 2546 incendit.
576 2515 690 2547 Unum
707 2524 825 2556 genus,
842 2514 926 2546 fala-

209 2558 334 2597 ricam,
347 2558 467 2591 Livius
478 2560 550 2600 (21,
561 2560 597 2599 8)
607 2559 801 2601 descripsit;
819 2558 924 2599 aliud,

209 2603 422 2642 malleolum,
457 2603 662 2636 Ammianus
697 2603 924 2635 Marcellinus

210 2648 283 2687 (23,
300 2647 350 2687 4).
367 2649 419 2680 M.
464 2648 519 2680 Cf.
536 2654 569 2679 et
586 2647 707 2690 Veget.
723 2651 755 2687 4,
777 2649 827 2679 18.

255 2693 308 2724 Ad
322 2695 495 2733 reqionem
511 2692 645 2733 Afrt'cae,
662 2693 696 2724 h.
708 2703 738 2723 e.
755 2702 864 2733 usque
878 2692 923 2723 ad

207 2746 286 2770 eam
302 2736 477 2779 regionem
492 2736 586 2769 urbis
599 2736 848 2775 Alexandrinae,
861 2735 922 2768 ubi

208 2781 327 2814 Africa
343 2782 478 2824 incipit,
501 2781 563 2814 ubi
584 2781 732 2814 confinia
749 2780 874 2813 Africae
889 2785 923 2812 et

210 2825 303 2858 Asiae
318 2833 396 2860 sunt
413 2837 455 2858 ex
471 2826 638 2870 opinione
653 2825 793 2858 illorum
809 2825 923 2858 homi-

209 2879 302 2902 num.
349 2872 429 2903 Inde
444 2871 608 2915 sequitur,
625 2876 757 2913 partem
774 2870 923 2902 Alexan-

208 2914 293 2950 driae
307 2916 487 2952 dimidiam
503 2927 577 2951 esse
591 2915 730 2956 Africae,
745 2920 779 2949 et
795 2915 924 2950 intelli-

996 2202 1189 2244 Africaeque
1216 2202 1305 2235 olim
1336 2208 1464 2235 statuto
1488 2214 1519 2235 v.
1541 2204 1711 2237 Cellariun

997 2247 1078 2279 Not.
1096 2246 1138 2279 Ο.
1158 2248 1198 2279 Α.
1219 2249 1318 2287 l,11,
1336 2253 1367 2281 5.

1042 2292 1227 2333 Propterea
1242 2292 1346 2334 quod,
1359 2295 1404 2324 eis
1419 2292 1469 2332 (in
1482 2303 1521 2324 ea
1534 2293 1636 2333 vada)
1650 2296 1712 2335 qut*

995 2338 1178 2368 intrassent
1192 2354 1237 2359 —
1251 2337 1321 2375 (lii)
1337 2338 1486 2379 inped.f.
1502 2338 1609 2369 rizlpb.
1649 2337 1706 2369 Sic

996 2380 1086 2412 Oud.
1106 2380 1256 2412 restituit
1272 2381 1453 2413 lectionem
1470 2388 1503 2413 et
1520 2381 1708 2424 explicavit

994 2425 1130 2457 locum:
1156 2428 1203 2458 eis
1219 2437 1237 2457 e
1253 2426 1354 2457 codd.
1382 2437 1443 2468 pro
1468 2427 1560 2468 vulg.
1577 2438 1624 2465 eo,
1647 2432 1707 2458 aut

992 2480 1055 2512 pro
1077 2472 1108 2502 ei
1130 2470 1184 2501 vel
1203 2473 1240 2510 ii,
1261 2470 1353 2512 quod
1373 2470 1509 2512 quidam
1526 2471 1625 2502 codd.
1645 2470 1705 2502 ha-

991 2513 1087 2552 bent,
1109 2514 1252 2556 recepit.
1298 2515 1390 2546 Mihi
1416 2515 1555 2556 quidem
1572 2514 1706 2546 videtur

991 2559 1128 2601 vulgata
1158 2559 1287 2590 verior:
1322 2565 1504 2601 propterea
1532 2559 1635 2601 quod,
1664 2570 1703 2591 eo

991 2607 1051 2645 qui
1067 2606 1248 2635 intrassent
1263 2621 1317 2634 -—-.
1357 2604 1509 2643 Dixerat,
1526 2614 1600 2635 esse
1616 2605 1703 2636 vada

991 2648 1133 2679 transitu
1151 2654 1319 2690 angusto:
1342 2648 1400 2689 qui
1417 2659 1499 2689 ergo
1524 2659 1566 2680 eo
1590 2648 1644 2688 (in
1661 2659 1703 2680 ea

989 2692 1093 2732 vada)
1108 2693 1246 2731 intrant,
1258 2691 1294 2723 hi
1306 2698 1405 2724 erunt
1420 2691 1646 2734 inpeditiores
1658 2694 1702 2725 ad

990 2747 1155 2779 pugnam.
1200 2737 1334 2768 Intrare
1346 2737 1435 2769 vada
1447 2737 1550 2768 etiam
1566 2747 1645 2780 cap.
1663 2739 1702 2769 15

989 2782 1150 2813 occurrit.
1166 2782 1216 2813 M.
1250 2782 1318 2812 Pro
1328 2783 1509 2814 intrassent
1521 2782 1703 2816 alim-ans-

987 2828 1075 2859 irent
1092 2826 1147 2857 vel
1161 2828 1371 2858 trans-assent.

1034 2872 1257 2914 Euphranor.
1303 2870 1356 2902 De
1386 2870 1489 2913 hujus
1513 2870 1643 2906 meritis
1667 2877 1701 2906 et

989 2914 1084 2948 exitu
1102 2914 1189 2949 tristi
1204 2913 1273 2948 vid.
1290 2925 1321 2948 c.
1337 2918 1390 2948 25.
1415 2916 1465 2948 M.
