1946 3261
207 244 291 287 446
445 245 499 287 A.
535 241 735 287 HIRTH
754 239 862 287 'DE‘
887 240 1090 287 BELLO
1121 243 1438 288 ALEXAND.

210 367 497 428 superioribus
544 367 689 413 nullus
733 369 905 428 inpetus
950 369 1197 427 repentinus
1245 369 1439 413 accidere
1481 367 1668 414 hostium

209 435 397 486 poterat,
430 436 475 470 et
512 428 631 485 quod
669 427 963 487 Cappadocia,
994 427 1058 470 his
1083 428 1199 486 jugis
1225 429 1434 487 subjecta,
1470 442 1670 486 maguam

209 494 469 529 commeatus
489 486 655 544 copiam
677 496 769 530 erat
790 487 1183 529 subministratum.

266 544 338 586 36.
388 545 645 603 Complures
673 546 843 588 interim
880 545 1116 604 legationes
1150 545 1389 589 Pharnaces
1427 545 1483 588 ad
1520 544 1671 589 Domi-

206 601 316 645 tium
337 602 488 651 mittit,
510 619 607 661 quae
623 603 677 646 de
693 620 798 662 paee
819 613 1013 661 agerent,
1033 604 1260 662 Regiaque
1277 620 1456 647 munera
1474 604 1670 648 Domitio

177 702 179 705 .
207 660 388 704 ferrent.
460 662 526 705 Ea
564 671 808 706 constanter
842 663 985 705 omnia
1022 662 1380 721 adspernabatur,
1419 670 1448 689 “
1471 678 1549 705 nec
1588 661 1670 706 sibi

207 726 237 750 f‘
261 719 498 777 quidquam
531 721 623 763 fore
659 720 892 778 antiquius,
928 737 1059 779 quam
1094 722 1348 779 dignitatem
1386 721 1543 779 Populi
1581 720 1669 764 Ro-

207 785 236 804 “
255 779 372 821 -mani
391 787 436 820 et
458 778 610 836 Regna
629 779 838 822 sociorum
872 782 1174 838 recuperare‚'’
1193 781 1346 838 legatis
1366 779 1666 838 respondebat.

208 836 382 894 Magnis
400 845 444 878 et
464 838 674 880 continuis
697 838 923 880 itineribus
944 839 1163 888 confectis,
1184 854 1320 895 quum
1341 838 1593 880 adventaret
1614 838 1669 882 ad

208 894 472 953 Nicopolim,
492 896 628 952 (quod
649 896 860 955 oppidum
881 897 1070 955 positum
1098 897 1142 939 in
1168 896 1375 939 Armenia
1394 897 1558 939 minore
1588 905 1669 947 est,

204 953 335 1010 plano
366 954 507 1011 ipsum
538 955 649 1004 loco,
683 955 900 997 montibus
920 964 1064 997 tamen
1079 955 1177 998 altis
1197 956 1253 998 ab
1273 955 1441 997 duobus
1463 953 1670 998 lateribus

206 1010 401 1068 objectis,
426 1013 525 1054 satis
559 1028 715 1070 magno
744 1014 974 1056 intervallo
1004 1015 1060 1056 ab
1091 1014 1253 1072 oppido
1285 1014 1496 1070 remotis,)
1528 1022 1669 1056 castra

203 1069 348 1127 posuit
396 1070 522 1128 longe
564 1088 589 1113 a
633 1072 836 1128 Nicopoli
872 1072 1042 1114 circiter
1082 1073 1199 1114 milia
1239 1088 1440 1129 passuum
1489 1079 1665 1130 septem.

205 1127 375 1177 Quibus
402 1144 454 1170 ex
474 1129 622 1170 castris
642 1145 777 1186 quum
806 1130 924 1172 locus
944 1139 1152 1186 angustus
1169 1139 1301 1187 atque
1325 1130 1543 1187 inpeditus
1561 1139 1670 1173 esset

202 1186 500 1235 transeundus,
545 1187 785 1230 Pharnaces
815 1188 860 1230 in
895 1188 1055 1230 insidiis
1083 1188 1271 1231 delectos
1300 1188 1466 1246 pedites
1507 1203 1671 1230 omnes-

202 1260 286 1301 que
320 1260 438 1301 paene
475 1243 685 1303 disposuit
717 1247 913 1304 equites:
956 1263 1152 1304 magnam
1183 1255 1329 1288 autem
1347 1245 1669 1289 multitudinem

203 1303 370 1360 pecoris
411 1302 526 1345 intra
567 1321 636 1346 eas
686 1305 830 1346 fauces
868 1305 1068 1362 dissipari
1104 1305 1256 1360 jussit;
1305 1319 1581 1362 paganosque
1625 1312 1671 1347 et

202 1360 440 1418 oppidanos
461 1361 503 1403 in
525 1361 573 1403 iis
594 1363 697 1404 locis
719 1363 937 1405 obversari
960 1378 968 1403 ε
1003 1371 1069 1411 ut,
1093 1364 1127 1404 si
1161 1362 1321 1404 amicus
1354 1362 1571 1405 Domitius
1598 1378 1670 1405 eas

201 1419 419 1476 angustias
469 1421 685 1470 transiret,
736 1420 842 1463 nihil
881 1421 935 1463 de
978 1421 1134 1463 insidiis
1179 1421 1487 1478 suspicaretur,
1533 1437 1671 1478 quum

201 1477 246 1519 in
275 1477 390 1534 agris
419 1486 462 1520 et
495 1494 650 1537 pecora
678 1489 722 1522 et
752 1479 939 1523 homines
981 1480 1170 1522 animum
1212 1479 1459 1522 adverteret
1487 1480 1668 1529 versari,

201 1543 422 1593 tamquam
451 1537 684 1580 amicorum
706 1537 928 1587 adventu:
960 1539 1023 1581 sin
1056 1554 1160 1581 vero
1192 1546 1242 1580 ut
1274 1538 1316 1581 in
1346 1537 1534 1581 hostium
1566 1537 1671 1583 fines

201 1594 384 1643 veniret,
418 1596 562 1652 praeda
583 1596 823 1654 diripienda
852 1597 1008 1640 milites
1040 1597 1370 1655 dissiparentur,
1401 1596 1670 1656 dispersique

200 1653 481 1695 caederentur.

260 1710 331 1754 37.
367 1710 473 1753 Haec
494 1727 627 1768 quum
648 1712 982 1763 administraret,
1021 1729 1255 1770 numquam
1288 1723 1429 1756 tamen
1462 1713 1671 1756 intermit—

203 1769 323 1811 tebat
345 1768 512 1826 legatos
533 1769 586 1811 cle
617 1786 723 1828 pace
745 1780 876 1829 atque
906 1771 1093 1815 amicitia
1120 1772 1291 1814 mittere
1326 1771 1380 1813 ad
1410 1771 1667 1822 Domitium,

202 1843 337 1884 quum
358 1826 439 1869 hoc
461 1828 553 1885 ipso
585 1829 781 1872 crederet
804 1830 971 1872 facilius
993 1846 1089 1872 eum
1109 1830 1248 1888 decipi
1283 1845 1417 1888 posse.
1481 1830 1543 1872 At
1572 1846 1668 1873 con-

200 1893 269 1927 tra
312 1902 407 1944 spes
449 1886 563 1943 pacis
600 1887 794 1930 Domitio
831 1888 873 1930 in
909 1888 1055 1930 iisdem
1093 1889 1241 1930 castris
1278 1887 1470 1931 morandi
1510 1888 1670 1931 adtulit

198 1959 403 1986 caussam.
468 1944 536 1986 Ita
557 1944 812 1995 Pharnaces,
834 1947 982 1988 amissa
1005 1947 1190 2005 proximi
1212 1947 1416 2004 temporis
1432 1947 1668 1998 occasione,

202 2003 382 2051 veritus,
418 2018 469 2045 ne
491 2014 855 2060 cognoscerentur
889 2005 1062 2054 insidiae,
1100 2021 1195 2047 suos
1216 2005 1257 2047 in
1277 2014 1414 2046 castra
1434 2007 1666 2048 revocavit.

202 2061 419 2103 Domitius
453 2070 629 2118 postero
650 2063 720 2105 die
744 2064 924 2122 propius
958 2063 1206 2121 Nicopolim
1227 2063 1418 2112 accessit,
1446 2072 1672 2121 castraque

200 2118 364 2176 oppido
410 2120 610 2162 contulit.
691 2123 799 2171 Quae
838 2122 943 2164 dum
983 2122 1183 2164 muniunt
1231 2122 1382 2171 nostri,
1432 2121 1670 2166 Pharnaces

199 2176 333 2218 aciem
370 2177 573 2220 instruxit
605 2196 681 2221 suo
717 2196 835 2223 more
870 2189 1003 2237 atque
1036 2180 1266 2227 instituto;
1310 2180 1351 2221 in
1385 2180 1527 2222 fronte
1556 2181 1669 2223 enim

199 2234 383 2292 simplici
424 2235 589 2278 directa
626 2239 731 2289 acie,
775 2255 935 2281 cornua
971 2239 1093 2281 trinis
1129 2238 1412 2281 firmabantur
1459 2239 1667 2283 subsidiis.

247 2363 430 2403 Nicopolim
445 2360 532 2393 hanc
548 2364 713 2395 Armeniae
726 2365 867 2397 minoris
882 2376 902 2397 a
971 2369 1040 2397 mit.
1072 2366 1181 2397 Bene:
1230 2376 1305 2397 nam
1345 2365 1453 2407 prima
1489 2365 1671 2398 Pharnacis

201 2405 368 2446 Pompeio
383 2406 552 2437 conditam
567 2407 903 2442 esse,vic10Mithri-
967 2420 1047 2441 cura
1071 2415 1151 2447 erat,
1174 2420 1215 2440 ne
1238 2416 1324 2440 esset
1350 2409 1503 2451 suspicio
1532 2410 1672 2444 insidia-

199 2450 287 2482 date.
310 2460 328 2479 e
349 2449 522 2480 Strabonis
540 2449 601 2481 lib.
622 2452 671 2489 12,
686 2462 718 2492 p.
737 2456 812 2486 555.
830 2464 902 2484 mo-
967 2463 1052 2489 rum,
1081 2463 1294 2494 quocumque.
1317 2454 1451 2484 demum
1466 2452 1581 2485 animo
1599 2454 1670 2486 Do-

200 2492 274 2523 nuit
300 2492 475 2524 Cellarins.
501 2494 589 2524 Add.
617 2495 843 2535 Appianusde
862 2498 901 2528 B.
969 2497 1066 2529 mitio
1082 2497 1250 2527 venisset:
1275 2497 1396 2535 altera,
1424 2503 1472 2535 ut,
1496 2497 1523 2528 si
1550 2497 1666 2529 hostili

200 2535 316 2567 Mithr.
345 2547 373 2567 ο.
404 2537 475 2568 115.
502 2548 534 2578 p.
549 2540 626 2568 251.
655 2539 704 2569 M.
736 2540 903 2581 Praeposi-
968 2540 1246 2579 animovenisset,
1261 2542 1331 2582 ejus
1343 2540 1451 2582 copi-<1¹
1463 2541 1668 2583 dissiparen-

201 2579 328 2611 tionem
355 2581 401 2611 ad
426 2581 570 2611 restituit
595 2581 687 2611 Oud.
703 2593 721 2613 e
736 2585 834 2615 codd.
852 2585 901 2615 Si·
967 2590 1032 2615 tur.
1056 2584 1123 2622 Qui
1141 2585 1227 2615 hunc
1243 2595 1363 2615 nexum
1378 2584 1616 2622 nonviderunt,
1631 2584 1666 2616 hi

198 2623 293 2654 milia
307 2635 338 2654 v.
356 2624 396 2654 G.
418 2625 445 2660 1,
464 2626 493 2654 7.
508 2624 547 2655 C.
566 2626 595 2655 3.
615 2627 667 2656 40.
968 2634 1137 2659 mutarunt
1154 2629 1198 2662 id.
1212 2639 1280 2669 quo
1297 2629 1394 2659 codd.
1409 2628 1547 2660 habent.
1571 2629 1621 2659 M.

244 2669 427 2707 Dissipari.
455 2667 544 2699 Edit.
576 2667 662 2699 Ven.
684 2670 900 2712 l47l.dispa-
1019 2673 1206 2714 Tamquam
1236 2684 1303 2705 αυτ.
1330 2673 1405 2704 adr.
1436 2673 1516 2714 Leg.
1533 2671 1664 2703 ecodd.

198 2713 282 2742 rari.
314 2711 393 2741 lude
422 2712 530 2742 Bentl.
557 2712 698 2754 conjicit
725 2714 898 2755 dispalari.
967 2714 1142 2755 vestig-iis:
1173 2721 1254 2746 lam.
1274 2726 1342 2748 am.
1360 2716 1521 2747 adventus
1534 2725 1667 2755 exspec-

200 2753 281 2784 Mox
297 2754 447 2795 sequitur
460 2756 716 2796 dissiparentur.
966 2764 1095 2790 rai-etur
1109 2772 1118 2789 .-
1156 2769 1232 2790 nam
1260 2760 1420 2791 adventus
1444 2759 1566 2790 habent
1585 2757 1663 2790 libri

244 2799 281 2827 Si.
293 2801 433 2829 (unicus.
457 2798 669 2833 Constanter.
681 2805 717 2830 ut
734 2799 823 2831 Oud.
838 2807 902 2832 tes·
969 2802 1061 2841 honi,
1075 2808 1317 2843 exspectaretur
1331 2813 1427 2834 unus.
1462 2803 1510 2834 M.
1577 2806 1579 2809 '

198 2844 294 2877 tatur,
321 2840 445 2871 habent
472 2852 588 2874 omnes
611 2843 708 2874 MSS.
731 2849 762 2874 et
780 2844 895 2884 prima·
1012 2847 1180 2879 Inetiaeuta..
1208 2846 1275 2878 vid.
1313 2847 1380 2878 lnd.
1419 2846 1468 2878 ᾸῙ.
1513 2844 1580 2878 Alii
1614 2849 1665 2877 2'11·

196 2883 294 2913 edd.:
317 2886 380 2915 sit-e
407 2888 547 2924 amicus,
568 2889 634 2918 sit-e
660 2889 810 2919 inimicus·
829 2890 897 2920 Do·
965 2894 1102 2921 structa.
