1946 3261
271 270 360 314 500
497 270 553 312 Α.
590 264 795 311 HIRTII
823 265 907 310 DE
935 263 1139 309 BELLO
1173 264 1524 309 AFRICANO.

270 404 391 440 certo
411 392 550 436 animo
570 392 734 442 venire,
756 393 800 436 in
820 410 872 437 eo
888 393 1001 443 loco,
1024 409 1110 451 quo
1130 392 1277 451 paullo
1294 399 1393 434 ante
1410 389 1753 440 commemoravi,

272 463 372 498 ante
405 452 617 510 oppidum
648 451 842 495 constitit
875 469 1078 510 suamque
1118 452 1252 494 aciem
1282 450 1465 493 mediam
1503 466 1553 492 eo
1590 448 1753 507 oppido

271 513 407 559 texit3
449 511 650 553 dextrum
687 511 992 569 sinistrumque
1024 526 1174 560 cornu,
1201 510 1278 552 ubi
1309 509 1528 567 elephanti
1550 516 1690 557 erant,
1712 506 1756 549 in

273 577 506 626 conspectu
525 569 692 626 patenti
713 569 1059 612 adversariorum
1081 567 1320 612 constituit.

330 628 402 670 42.
437 629 585 678 Quum
608 629 696 686 jam
724 644 865 686 prope
895 627 994 670 solis
1021 643 1217 669 occasum
1247 627 1389 670 Caesar
1411 626 1759 684 exspectavisset,

272 702 414 745 neque
435 703 489 729 ex
509 702 560 730 eo
586 687 698 736 loco,
736 702 824 742 quo
858 687 1126 735 constiterat,
1163 684 1412 742 Scipionem
1434 683 1637 743 progredi
1660 699 1758 741 pro-

271 746 371 805 pius
402 761 446 786 se
478 745 874 792 animadvertisset;
912 743 1095 800 locoque
1122 743 1257 799 magis
1287 760 1329 785 se
1357 743 1606 793 defendere,
1639 742 1674 784 si
1693 757 1761 783 res

272 802 497 861 coegisset,
525 818 656 858 quam
683 801 726 843 in
749 816 904 857 campo
933 802 1167 842 comminus
1195 800 1424 842 consistere
1449 801 1637 849 audere;
1676 814 1762 842 non

273 869 338 904 est
359 860 450 903 visa
469 860 583 902 ratio
603 859 782 917 propius
804 857 1035 900 accedendi
1057 874 1109 900 eo
1140 858 1211 900 die
1235 858 1290 899 ad
1311 858 1536 915 oppidum,
1559 858 1763 915 quoniam

272 920 335 964 ibi
388 917 603 962 raesidium
624 916 788 975 grande
809 916 1100 958 Numidarum
1122 932 1208 958 esse
1227 924 1507 973 cognoverat,
1535 916 1764 973 hostesque

274 936 465 1022 mediam
485 976 619 1018 aciem
639 991 760 1017 suam
779 974 939 1032 oppido
961 974 1114 1017 texisse
1130 990 1140 1023 ;
1169 974 1335 1031 sibique
1352 974 1522 1016 difficile
1541 975 1660 1017 factu
1678 989 1765 1016 esse

275 1036 507 1084 intellexit,
536 1034 662 1076 simul
693 1041 738 1075 et
766 1032 980 1090 oppidum
1013 1049 1100 1075 uno
1134 1041 1331 1090 tempore
1361 1033 1628 1090 obpugnare,
1655 1041 1699 1074 et
1720 1033 1764 1074 in

277 1095 368 1139 acie
403 1094 447 1136 in
474 1108 611 1136 cornu
643 1091 798 1133 dextro
831 1106 880 1132 ac
905 1091 1078 1134 sinistro
1110 1107 1163 1133 ex
1189 1091 1401 1148 iniquiore
1435 1092 1529 1134 loco
1554 1106 1765 1149 pugnare,

311 1152 517 1196 raesertim
533 1166 667 1209 quum
688 1150 845 1192 milites
865 1165 890 1191 a
911 1166 1033 1192 mane
1052 1149 1138 1191 diei
1152 1150 1285 1207 jejuni
1307 1150 1387 1192 sub
1406 1150 1534 1192 armis
1552 1149 1767 1192 stetissent

277 1170 520 1269 Hefatigati.
583 1208 738 1265 Itaque
764 1208 956 1250 reductis
978 1208 1063 1250 suis
1085 1208 1217 1265 copiis
1242 1208 1286 1249 in
1307 1216 1460 1256 castra,
1493 1216 1666 1264 postero
1698 1207 1766 1250 die

277 1269 462 1330 propius
480 1282 630 1310 eorum
649 1266 784 1309 aciem
802 1266 991 1309 instituit
1009 1267 1289 1324 exporrigere
1310 1266 1582 1308 munitiones.

339 1328 410 1370 43.
448 1326 629 1368 Interim
652 1324 895 1373 Considius,
929 1325 1005 1381 qui
1036 1324 1253 1366 Achillam
1281 1332 1380 1366 octo
1413 1324 1666 1366 cohortibus
1697 1323 1770 1366 sti-

281 1384 516 1447 pendiariis
551 1383 754 1427 Numidis
787 1383 1057 1440 Gaetulisque
1091 1382 1334 1432 obsidebat,
1372 1383 1448 1425 ubi
1488 1383 1539 1425 C.
1586 1381 1771 1425 Messius

280 1444 535 1489 cohortibus
576 1449 777 1501 praeerat,
819 1440 896 1483 diu
936 1442 1209 1498 multumque
1249 1450 1469 1499 expertus,
1519 1441 1770 1499 magnisque

281 1503 494 1562 operibus
519 1517 630 1558 saepe
665 1499 865 1549 admotis,
894 1508 940 1542 et
973 1500 1022 1542 iis
1054 1500 1109 1542 ab
1147 1499 1376 1558 oppidanis
1410 1500 1603 1549 incensis,
1638 1515 1772 1556 quum

281 1561 517 1622 proficeret
537 1559 659 1608 nihil,
679 1559 826 1602 subito
848 1558 1005 1602 nuncio
1025 1559 1078 1601 de
1099 1559 1290 1616 equestri
1311 1558 1466 1616 proelio
1486 1558 1632 1601 adlato
1661 1574 1773 1601 com-

284 1629 447 1670 motus,
481 1618 715 1667 frumento,
750 1617 871 1675 cujus
891 1618 933 1660 in
955 1618 1103 1660 castris
1131 1617 1300 1675 copiam
1328 1617 1555 1667 habuerat,
1589 1617 1772 1665 incenso,

283 1680 400 1728 vino,
438 1676 551 1726 oleo,
586 1675 828 1732 ceterisque
862 1677 1005 1725 rebus,
1031 1692 1128 1733 quae
1156 1676 1210 1718 ad
1249 1676 1407 1717 victum
1441 1675 1585 1733 parari
1618 1675 1773 1723 solent,

287 1734 530 1793 conruptis,
554 1733 787 1783 Achillam,
820 1749 952 1790 quam
973 1734 1214 1783 obsidebat,
1237 1734 1425 1777 deseruit
1453 1742 1600 1790 atque,
1623 1733 1775 1775 itinere

292 1811 375 1842 per
417 1794 619 1850 Regnum
660 1792 789 1834 Jubae
830 1792 959 1842 facto,
1001 1792 1145 1850 copias
1184 1808 1282 1834 eum
1326 1792 1527 1849 Scipione
1570 1793 1773 1849 partitus,

295 1853 588 1897 Adrumetum
609 1867 650 1894 se
670 1850 849 1907 recepit.

352 1912 425 1954 44.
463 1909 635 1953 Interea
664 1925 717 1952 ex
742 1909 927 1952 secundo
956 1915 1211 1959 commeatu,
1241 1924 1370 1966 quem
1390 1923 1416 1950 a
1436 1907 1584 1951 Sicilia
1604 1908 1777 1950 miserat

347 2050 419 2083 Quo
443 2058 480 2088 p.
512 2050 589 2077 ante
617 2046 887 2077 commemoravi.
940 2042 1008 2074 Alii
1121 2044 1165 2074 In
1193 2053 1306 2074 cornu.
1354 2041 1421 2073 Alii
1445 2052 1562 2073 cornu.
1609 2041 1693 2074 Mox
1718 2052 1779 2083 pro

298 2103 400 2135 quem
427 2091 481 2122 vel
504 2089 606 2130 quod,
633 2090 691 2120 sed
717 2088 800 2120 boni
824 2087 923 2119 codd.
947 2098 1010 2128 quo

301 2146 363 2179 per
373 2134 526 2165 Graecam
536 2132 733 2173 antiptosin,
749 2133 844 2173 cujus
853 2131 1010 2171 exempla

303 2181 384 2210 dant
400 2177 509 2209 Sanct.
524 2182 558 2207 et
575 2175 727 2207 Perizon.
753 2175 786 2206 in
811 2175 954 2206 Minerv.
980 2178 1012 2212 4,

309 2226 361 2254 12.
385 2221 498 2253 Unum
514 2220 600 2251 addo
614 2230 652 2250 ex
671 2220 780 2250 Plaut.
793 2220 893 2250 Cure.
913 2221 945 2256 3,
957 2220 1011 2249 49.

307 2268 429 2303 Istum,
441 2274 541 2306 quem,
557 2267 695 2304 quaeris,
708 2274 766 2303 eqo
782 2273 869 2293 szcm.
914 2262 1011 2293 Conf.

306 2316 342 2341 et
358 2311 484 2340 Pareus
500 2307 533 2339 in
549 2307 635 2339 Lex.
654 2307 762 2338 Plaut.
786 2313 820 2337 et
843 2311 911 2337 not.
934 2316 1013 2337 mox

307 2354 352 2385 ad
367 2364 399 2384 c.
416 2355 470 2383 96.

359 2398 442 2428 Ante
456 2393 615 2437 oppidum
629 2396 781 2431 constitit,
800 2403 865 2424 non
883 2393 993 2425 Caesar
1005 2405 1015 2432 3

311 2441 370 2473 sed
388 2439 520 2480 Scipio.
543 2437 596 2468 Cf.
611 2448 641 2469 c.
659 2440 713 2468 42.
747 2438 806 2468 Est
821 2448 898 2478 ergo
911 2437 1016 2478 scrip-

309 2484 395 2516 toris
410 2481 630 2524 negligentia,
655 2481 747 2522 quod
765 2491 831 2511 non
856 2481 935 2512 satis
948 2482 1018 2512 dis-

311 2527 426 2565 tinxit,
450 2525 647 2558 nominibus
672 2525 847 2563 addendis,
879 2526 919 2556 de
949 2536 1016 2565 quo

311 2572 463 2614 quidque
488 2569 664 2601 diceretur.
719 2569 785 2599 Sed
811 2568 892 2599 talia
922 2569 1017 2609 plura

315 2622 394 2648 sunt
408 2621 441 2646 et
456 2614 490 2645 in
505 2615 570 2645 hoc
587 2613 676 2644 libro
693 2617 725 2643 et
740 2611 835 2643 alibi.
862 2613 910 2642 M.
956 2612 1019 2643 La-

314 2670 438 2690 cunam
461 2656 615 2698 subpleri
634 2656 733 2698 jubet
755 2656 873 2686 Clarke
889 2655 959 2686 sic:
984 2663 1019 2687 at

313 2705 371 2734 ille
386 2706 422 2733 in
437 2713 472 2733 eo
488 2706 564 2733 coco.
612 2699 769 2733 Rectius.
786 2700 930 2730 litterula
946 2710 1019 2730 mu-

315 2751 397 2783 tata,
418 2746 573 2776 Oudend.
588 2747 616 2775 is
636 2755 671 2775 eo
695 2745 774 2775 loco.
819 2743 873 2774 Sic
898 2743 1020 2773 vitium

318 2799 385 2820 non
406 2788 522 2826 Hirtii,
538 2789 596 2819 sed
613 2787 827 2818 librariorum
839 2797 913 2818 esse
926 2787 1019 2818 vide-

322 2838 374 2864 tur
386 2838 419 2863 et
435 2833 528 2863 locus
543 2832 606 2863 erit
620 2837 764 2862 sanatus.

370 2877 513 2907 Paterni.
552 2876 634 2908 lIaec
663 2885 731 2908 vox
759 2875 792 2908 in
821 2874 1024 2917 quibusdam

324 2920 426 2952 codd.
442 2920 545 2952 deest.

1074 2098 1116 2118 ex
1132 2089 1294 2127 iniquiore
1311 2086 1372 2117 alii
1391 2092 1419 2117 er
1436 2088 1516 2126 iniq.
1533 2085 1585 2117 vel
1601 2092 1631 2118 et
1645 2097 1686 2117 eat
1697 2088 1781 2126 iniq.

1124 2131 1309 2162 Considius.
1326 2141 1355 2161 c.
1373 2132 1425 2160 33.
1443 2130 1531 2160 unde
1549 2130 1689 2171 patebit,
1704 2129 1780 2160 vul-

1076 2185 1119 2215 go
1136 2174 1226 2205 male
1239 2173 1321 2215 legi,
1336 2174 1502 2205 Achillam
1515 2179 1545 2205 et
1561 2179 1628 2206 octo
1639 2175 1781 2206 cohortes

1074 2219 1317 2259 stipendiaria-e.
1345 2218 1393 2248 M.
1438 2216 1598 2248 Contexit
1621 2217 1739 2248 Davis.
1762 2227 1781 2247 e

1078 2262 1178 2292 codd.
1221 2261 1329 2292 Jurin.
1346 2267 1440 2302 putat
1457 2261 1524 2301 leg.
1547 2262 1734 2292 cohortibus
1750 2264 1782 2292 et

1079 2306 1315 2346 stipendiariis.

1132 2351 1191 2380 Chi
1218 2351 1252 2380 C.
1278 2350 1417 2379 Messius
1432 2349 1502 2379 calz.
1514 2354 1671 2390 praeerat.
1697 2348 1780 2389 Leg.

1080 2394 1137 2423 ubi
1155 2395 1190 2423 C.
1207 2393 1344 2423 Messius
1359 2398 1513 2433 proeerat.
1538 2391 1712 2433 Quidquid
1729 2392 1785 2422 his

1083 2437 1116 2467 in
1132 2437 1230 2466 codd.
1245 2436 1389 2474 additur,
1405 2443 1452 2467 est
1468 2435 1685 2476 interpolatio
1701 2448 1708 2465 ε
1725 2435 1783 2466 ad-

1083 2479 1171 2510 ditur
1185 2485 1298 2510 autem
1316 2479 1376 2518 sic,
1393 2487 1427 2510 ut
1444 2480 1497 2510 vel
1513 2481 1567 2510 uhi
1592 2482 1631 2511 C.
1656 2481 1706 2510 M.
1730 2490 1782 2510 co-

1083 2524 1226 2555 hortibus
1239 2534 1304 2564 pr..
1322 2524 1376 2554 vel
1391 2524 1444 2555 ubi
1461 2525 1498 2554 C.
1523 2523 1573 2553 M.
1599 2529 1695 2564 parte
1712 2525 1783 2554 Coe-

1082 2570 1168 2599 saris
1184 2567 1366 2599 cohortibus
1377 2571 1519 2608 praeerat
1539 2567 1690 2607 praeshlio
1706 2568 1785 2597 mis-

1082 2615 1138 2649 sis,
1150 2611 1202 2641 vel
1211 2612 1268 2641 ube·
1284 2612 1319 2641 C.
1330 2611 1468 2642 Messias
1480 2613 1539 2651 qui
1548 2612 1617 2642 coh.
1630 2614 1786 2651 praeerat,

1084 2655 1225 2695 legatur.
1248 2654 1469 2695 Comparetur
1481 2654 1582 2684 modo
1595 2664 1673 2694 cap.
1686 2656 1738 2690 33,
1753 2658 1786 2683 et

1084 2697 1268 2739 adparebit,
1293 2697 1350 2728 illa
1374 2708 1448 2728 esse
1471 2698 1665 2729 adsum-enta
1681 2697 1781 2728 inter·

1086 2741 1287 2783 pretantium
1303 2740 1511 2781 marginalia.
1537 2742 1586 2772 M.

1132 2785 1507 2817 Achillam—deseruit.
1559 2783 1636 2815 Vid.
1651 2783 1693 2814 ad
1710 2792 1785 2824 cap.

1089 2832 1141 2862 33.
1167 2830 1216 2860 ill.

1142 2875 1285 2915 Recepit.
1322 2872 1393 2905 Alii
1408 2874 1532 2914 recipit.
