1946 3261
171 379 271 420 que,
300 376 434 419 quum
465 367 604 403 castra
636 359 785 403 castris
812 358 983 401 conlata
1011 365 1151 400 essent
1182 366 1226 399 et
1251 357 1490 400 Marcellus
1509 357 1653 403 locum

171 422 371 464 idoneum
413 419 587 461 castello
627 418 822 476 cepisset,
867 434 954 474 quo
996 416 1226 474 prohibere
1275 432 1388 474 aqua
1431 416 1654 460 Cassianos

170 486 334 538 posset;
370 478 604 535 Longinus,
626 477 806 525 veritus,
829 492 879 518 ne
903 492 1058 534 genere
1081 475 1267 532 quodam
1285 474 1518 518 obsidionis
1537 475 1654 517 clau-

169 539 346 580 deretur
384 537 427 579 in
460 537 708 594 regionibus
740 535 887 577 alienis
919 534 1086 591 sibique
1120 533 1297 583 infestis,
1332 542 1463 576 noctu
1483 533 1655 577 silentio

169 612 222 638 ex
263 595 411 638 castris
448 595 734 653 proficiscitur
771 593 986 651 celerique
1024 593 1177 635 itinere
1219 593 1367 636 Uliam
1406 591 1650 635 contendit:

169 654 286 712 quod
306 654 386 697 sibi
407 654 533 697 fidele
561 670 648 696 esse
677 652 887 711 oppidum
919 651 1139 694 credebat.
1202 651 1270 694 Ibi
1298 652 1404 694 adeo
1426 651 1656 709 conjuncta

166 713 292 770 ponit
320 713 533 755 moenibus
567 721 726 760 castra,
765 719 814 753 ut
845 719 889 752 et
921 710 1004 752 loci
1037 719 1209 760 natura,
1246 711 1450 768 (namque
1485 709 1589 753 Ulia
1609 711 1653 752 in

166 771 285 814 edito
305 781 448 813 monte
470 771 609 828 posita
638 773 738 827 est,)
769 778 813 812 et
841 770 932 827 ipsa
964 770 1199 811 munitione
1227 769 1346 811 urbis
1369 768 1562 826 undique
1595 769 1652 811 ab

167 830 494 888 obpugnatione
533 838 653 872 tutus
689 837 809 871 esset.
874 827 1005 870 Hunc
1045 827 1284 870 Marcellus
1317 827 1557 885 insequitur
1591 836 1652 876 et,

166 904 296 947 quam
318 889 513 946 proxime
535 896 677 945 potest
695 888 859 937 Uliam,
882 897 1024 929 castra
1043 887 1190 929 castris
1211 885 1403 933 confert;
1440 885 1652 928 locorum-

166 963 251 1004 que
292 948 466 1005 cognita
508 955 678 999 natura,
722 962 810 1003 quo
853 945 1034 987 maxime
1078 961 1169 987 rem
1210 944 1421 987 deducere
1461 944 1653 992 volebat,

166 1005 416 1048 necessitate
450 1013 514 1047 est
544 1005 769 1054 adductus,
807 1014 856 1046 ut
886 1020 1026 1062 neque
1059 1003 1328 1061 confligeret,
1367 1003 1504 1061 (cujus
1536 1002 1569 1044 si
1590 1003 1653 1045 rei

163 1064 346 1106 facultas
367 1072 492 1113 esset,
515 1064 712 1106 resistere
734 1063 923 1105 incitatis
943 1062 1155 1105 militibus
1174 1077 1258 1104 non
1280 1063 1488 1120 poterat‚)
1509 1077 1648 1118 neque

165 1123 317 1180 vagari
341 1122 533 1165 Cassium
562 1121 692 1163 latius
715 1130 960 1178 pateretu1·;
994 1137 1044 1163 ne
1067 1122 1213 1179 plures
1234 1121 1431 1163 civitates
1458 1136 1508 1162 ea
1529 1129 1649 1178 pate-

164 1189 334 1230 rentur,
364 1197 461 1238 quae
483 1180 592 1237 passi
614 1189 738 1221 erant
763 1180 1078 1223 Cordubenses
1144 1180 1344 1222 Castellis
1365 1179 1528 1222 idoneis
1550 1178 1650 1220 locis

163 1239 412 1288 conlocatis,
446 1238 735 1295 operibusque
756 1239 798 1282 in
820 1239 1004 1281 circuitu
1026 1238 1175 1296 oppidi
1197 1238 1472 1286 continuatis,
1503 1236 1652 1279 Uliam

165 1298 447 1352 Cassiumque
479 1297 789 1339 munitionibus
821 1297 987 1339 clausit.
1054 1297 1160 1345 Quae
1196 1296 1447 1353 priusquam
1471 1294 1652 1353 perfice-

162 1364 328 1404 rentur,
374 1354 594 1411 Longinus
636 1371 805 1396 omnem
853 1370 978 1396 suum
1020 1355 1262 1411 equitatum
1303 1354 1464 1396 emisit:
1522 1369 1651 1410 quem

164 1430 319 1471 magno
357 1413 438 1455 sibi
476 1413 568 1454 usui
607 1412 698 1454 fore
732 1412 957 1461 credebat,
994 1414 1028 1454 si
1068 1412 1267 1470 pabulari
1309 1412 1652 1470 frumentarique

165 1472 426 1516 Marcellum
469 1487 554 1513 non
595 1480 848 1528 pateretur;
892 1487 1048 1528 magno
1088 1479 1232 1512 autem
1274 1471 1581 1528 inpedimentO,
1618 1470 1653 1513 si

162 1531 330 1574 clausus
373 1529 593 1573 obsidione
634 1538 678 1571 et
718 1530 881 1572 inutilis
930 1530 1212 1572 necessarium
1253 1537 1522 1571 consumeret
1560 1529 1650 1571 fru—

160 1598 368 1633 mentum.

223 1649 291 1691 62.
328 1647 482 1690 Paucis
509 1647 661 1689 diebus
683 1648 816 1690 Cassii
843 1647 999 1689 litteris
1030 1645 1232 1703 acceptis,
1257 1645 1353 1688 Rex
1375 1646 1532 1703 Bogud
1552 1663 1649 1690 cum

162 1707 297 1764 copiis
315 1705 453 1753 venit;
476 1705 765 1764 adjungitque
783 1706 821 1748 ei
839 1706 1066 1760 legionem,
1085 1721 1214 1761 quam
1232 1721 1375 1747 secum
1391 1705 1647 1755 adduxerat,

161 1766 492 1823 compluresque
532 1764 730 1807 cohortes
771 1764 1014 1807 auxiliarias
1055 1763 1362 1820 Hispanorum.
1430 1764 1649 1820 Namque,

161 1832 213 1867 ut
229 1825 271 1866 in
285 1823 484 1866 civilibus
500 1823 830 1866 dissensionibus
844 1823 1036 1865 accidere
1054 1822 1291 1870 consuevit,
1304 1822 1363 1863 ita
1380 1830 1465 1864 tem
1501 1823 1650 1866 oribus

161 1882 245 1925 illis
279 1882 321 1924 in
358 1882 568 1940 Hispania
599 1882 817 1924 nonnullae
850 1881 1047 1924 civitates
1077 1880 1205 1922 rebus
1230 1880 1363 1923 Cassii
1396 1839 1647 1930 studebant,

162 1941 310 1999 plures
335 1940 596 1982 Marcellum
624 1941 846 1984 fovebant.
912 1939 1095 1982 Accedit
1127 1955 1223 1981 cum
1251 1939 1383 1996 copiis
1405 1939 1563 1997 Bogud
1590 1941 1647 1983 ad

160 1999 396 2043 exteriores
421 1999 622 2041 Marcelli
644 1999 914 2042 munitiones.
981 1998 1210 2056 Pugnatur
1231 1998 1449 2054 utrimque
1469 1998 1645 2050 acriter,

160 2059 402 2116 crebroque
440 2057 484 2100 id
514 2057 685 2107 accidit,
717 2058 895 2101 fortuna
931 2073 1042 2114 saepe
1071 2056 1126 2098 ad
1150 2064 1384 2113 utrumque
1416 2055 1646 2100 victoriam

161 2117 473 2165 transferente;
520 2131 597 2158 nec
637 2125 778 2159 tamen
819 2131 1026 2173 umquam
1068 2115 1123 2157 ab
1165 2115 1369 2172 operibus
1407 2114 1645 2173 depellitur

163 2175 417 2217 Marcellus.

221 2233 290 2275 63.
326 2233 506 2275 Interim
530 2233 718 2292 Lepidus
739 2250 791 2276 ex
812 2233 1013 2276 citeriore
1035 2231 1257 2291 provincia
1276 2248 1374 2274 cum
1394 2231 1645 2275 cohortibus

159 2292 405 2350 legionariis
426 2292 612 2342 XXXV,
634 2308 878 2349 magnoque
900 2307 1079 2334 numero
1096 2293 1293 2349 equitum
1314 2300 1358 2333 et
1377 2291 1643 2348 reliquorum

159 2351 436 2401 auxiliorum,
454 2352 573 2394 venit
591 2368 640 2393 ea
660 2360 801 2393 mente
825 2351 989 2401 Uliam,
1012 2360 1061 2393 ut
1085 2351 1174 2393 sine
1196 2350 1286 2393 ullo
1305 2350 1449 2392 studio
1469 2358 1644 2393 conten-

931 2497 1038 2528 rinius
1067 2496 1162 2528 malit
1190 2497 1260 2538 adj.
1291 2499 1322 2529 ei
1352 2498 1477 2539 legioni
1490 2513 1535 2519 ·—-
1550 2507 1644 2529 com-

926 2543 1041 2583 plure-s·
1056 2542 1124 2572 coh.

977 2585 1319 2625 ala⁷·cell0fa1-ebanae.
1363 2584 1471 2616 Codd.
1487 2584 1638 2625 quidam,

932 2629 1131 2660 Marcellum
1141 2629 1308 2669 forebant.
1333 2630 1383 2660 M.
1429 2629 1484 2661 Sic
1501 2629 1637 2666 melius,

929 2674 1019 2714 quod
1037 2683 1164 2713 repono
1182 2683 1259 2704 cum
1277 2673 1366 2704 Oud.

206 2496 358 2526 Conlata.
405 2494 473 2525 Alii
489 2494 580 2526 male
596 2497 777 2527 conlocata.
810 2496 861 2527 Cf.

156 2538 226 2569 Ind.
243 2538 275 2568 in
293 2538 450 2579 confi’rre.

210 2584 330 2616 Uliam.
367 2582 532 2623 oppidum
570 2582 745 2624 Hispania·
777 2584 864 2615 ulte-

155 2625 256 2657 rioris
290 2637 348 2657 scu
387 2626 534 2657 Baeticae.
592 2627 699 2658 Codd.
739 2627 864 2659 habent

165 2671 298 2707 Ullam;
330 2670 387 2700 scd
412 2670 614 2701 Ptolemaeus
639 2671 746 2709 Οὐλία,
770 2673 862 2712 quod

157 2713 299 2744 enumis
311 2714 484 2744 confirmat
496 2714 722 2755 Spanhemius
741 2726 773 2756 p.
786 2718 861 2746 901.

158 2757 298 2788 Accedit
322 2763 418 2788 vetus
446 2758 638 2798 inscriptio,
665 2760 748 2790 Ordo
770 2760 860 2801 Reip.

165 2802 358 2838 Uliensium,
381 2802 470 2842 apud
488 2801 665 2833 Gruterum
683 2813 716 2843 p.
735 2804 811 2833 271.
829 2813 861 2834 n.

159 2846 188 2891 J.
215 2845 394 2875 Cellarins.
429 2845 484 2876 Cf.
501 2851 534 2876 ct
552 2846 663 2878 Surita
680 2847 721 2878 ad
739 2848 861 2878 Anton.

158 2887 230 2919 ltin.
251 2898 283 2927 p.
303 2891 377 2918 412.

202 2931 425 2975 Acljwzfsitque
451 2935 481 2966 ρι’
502 2935 665 2977 ῖιῃὶοηρηι
689 2939 758 2968 etc.
800 2935 862 2967 Ju-

977 2717 1020 2747 M
1038 2717 1169 2747 accidit.
1209 2715 1320 2758 Vulgo
1343 2721 1390 2749 ut.
1438 2714 1637 2747 Emendavit

931 2760 1018 2791 Oud.
1035 2772 1053 2791 e
1070 2761 1168 2791 codd.
1635 2760 1639 2767 ’

977 2804 1134 2845 Lepidus.
1179 2803 1231 2835 Cf.
1247 2814 1277 2834 c.
1294 2806 1346 2835 59.
1371 2805 1422 2836 M.

977 2850 1054 2879 Sine
1079 2849 1148 2879 ullo
1175 2848 1291 2879 studio.
1336 2847 1483 2885 Quidam
1506 2847 1634 2879 addunt

931 2896 1074 2924 tamum.
1097 2892 1209 2924 forsan
1226 2891 1290 2933 leg.
1303 2894 1464 2933 pai-llum.
