1946 3261
679 183 798 228 LIB.
833 184 891 224 V.
954 184 1096 224 OAP..
1124 183 1316 227 33-36.
1663 195 1744 241 119

255 309 391 352 nostri
411 317 556 354 tamen
593 310 672 353 etsi
699 311 755 354 ab
784 309 895 353 duce
923 315 967 352 et
989 324 1014 351 a
1036 308 1214 352 fortuna
1234 309 1562 370 deserebantur,
1596 326 1744 370 tamen

253 384 425 413 omnem
445 386 564 428 spem
583 369 732 412 salutis
752 369 796 412 in
828 369 993 411 virtute
1016 368 1235 426 ponebant
1262 377 1323 419 et,
1358 377 1527 430 quoties
1554 395 1743 443 quaeque

252 428 404 472 cohors
441 436 738 488 procurreret,
765 429 821 471 ab
842 444 892 470 ea
927 435 1055 486 parte
1088 442 1272 483 magnus
1307 428 1495 478 hostium
1534 453 1740 486 numerus

250 487 451 531 cadebat.
517 489 617 538 Qua
639 504 686 530 re
707 488 1021 535 animadversa,
1047 485 1278 528 Ambiorix
1300 494 1576 545 pronunciari
1592 499 1739 558 jubet,

249 553 300 588 ut
322 547 474 604 procul
498 547 587 589 tela
607 546 854 604 conjiciant,
891 561 976 588 neu
1007 544 1186 603 propius
1207 546 1417 590 accedant
1439 557 1498 600 et,
1533 571 1664 612 quam
1696 560 1741 606 in

247 612 421 663 partem
444 605 631 648 Romani
661 605 857 662 inpetum
879 603 1077 654 fecerint,
1099 603 1283 646 cedant:
1318 604 1498 650 levitate
1519 605 1738 663 armorurfi

246 671 292 706 et
312 662 569 721 quotidiana
589 664 894 706 exercitatione
916 663 1023 706 nihil
1039 663 1088 706 iis
1110 662 1255 706 noceri
1273 678 1417 722 posse:
1452 681 1601 715 rursus
1619 690 1664 719 se
1680 677 1738 726 ad

243 722 368 781 signa
389 722 644 780 recipientes
664 722 966 780 insequantur.

303 781 376 824 35.
395 781 495 831 Quo
508 790 728 839 praecepto
741 782 798 825 ab
815 783 862 824 iis
874 780 1202 840 diligentissime
1216 782 1463 835 observato,
1473 800 1610 844 quum
1624 806 1741 848 quae.

244 839 364 899 piam
384 840 538 883 cohors
559 857 612 883 ex
643 841 749 884 orbe
769 848 1009 884 excesserat
1025 848 1160 899 atque
1178 841 1377 900 inpetum
1395 843 1575 898 fecerat,
1599 846 1740 897 hostes

242 899 507 945 velocissime
527 900 822 958 refugiebant.
886 899 1068 942 Interim
1089 916 1183 943 eam
1237 910 1377 945 artem
1398 903 1556 947 nudari
1573 922 1740 958 necesse

242 966 339 1000 erat
376 966 422 1001 et
453 959 510 1001 ab
542 959 678 1002 latere
700 968 854 1018 aperto
875 960 966 1002 tela
987 958 1136 1017 recipi.
1201 918 1386 1011 Rursus,
1413 978 1551 1021 quum
1571 965 1616 1010 in
1637 984 1739 1013 eum

242 1016 403 1068 locum,
428 1019 543 1061 unde
566 1026 692 1061 erant
714 1018 943 1077 progressi,
967 1019 1130 1061 reverti
1163 1030 1404 1079 coeperant,
1427 1031 1473 1065 et
1493 1024 1551 1068 ab
1573 1025 1638 1080 iis,
1662 1029 1740 1088 qui

189 1130 192 1131 ⁷
240 1085 472 1126 cesserant,
489 1085 532 1119 et
545 1077 603 1120 ab
617 1077 681 1127 iis,
706 1078 782 1135 qui
797 1078 982 1136 proximi
1003 1086 1232 1129 steterant,
1256 1080 1739 1138 circumveniebantur;

239 1135 305 1178 sin
326 1144 473 1179 autem
487 1137 629 1179 locum
651 1145 798 1179 tenere
822 1137 1003 1187 vellent,
1025 1152 1102 1180 nec
1119 1138 1275 1181 virtuti
1293 1140 1412 1183 locus
1434 1142 1740 1201 relinqueban-

241 1201 333 1244 tur,
356 1211 497 1254 neque
522 1196 579 1238 ab
601 1204 723 1239 tanta
744 1195 1029 1239 multitudine
1059 1197 1253 1255 conjecta
1275 1199 1364 1241 tela
1387 1201 1573 1245 conferti
1600 1204 1741 1249 vitare

242 1261 460 1312 poterant.
485 1254 652 1298 Tamen
666 1263 733 1297 tot
747 1255 1024 1298 incommodis
1041 1257 1292 1311 conflictati,
1308 1259 1459 1302 multis
1481 1260 1738 1308 vulneribus

239 1313 442 1372 acceptiS,
457 1313 715 1356 resistebant
728 1322 954 1373 et,magna
969 1324 1094 1374 parte
1109 1315 1194 1358 diei
1208 1326 1595 1377 consumta,quum
1610 1337 1636 1364 a
1653 1324 1740 1382 pri-

239 1387 310 1413 ma
333 1372 428 1415 luce
447 1371 503 1414 ad
519 1372 669 1414 horam
683 1381 881 1415 octavam
904 1382 1196 1431 pugnaretur,
1218 1375 1342 1425 nihil,
1366 1378 1486 1435 quod
1502 1379 1603 1438 ipsis
1625 1391 1737 1427 esset

239 1430 482 1489 indignum,
505 1431 851 1474 committebant.
914 1432 1029 1474 Tum
1051 1432 1103 1474 Τ.
1131 1433 1379 1485 Balventio,
1404 1437 1481 1494 qui
1509 1439 1736 1497 superiore

239 1505 352 1532 anno
388 1490 580 1548 primum
618 1490 757 1549 pilum
794 1490 997 1543 duxerat,
1036 1491 1131 1533 viro
1165 1492 1267 1535 forti
1290 1501 1336 1537 et
1358 1510 1526 1552 magnae
1547 1499 1737 1542 auctori-

237 1549 355 1599 tatis,
393 1557 633 1605 utrumque
668 1550 811 1591 femur
860 1550 1040 1607 tragula
1073 1551 1365 1608 transjicitur;
1400 1553 1455 1602 Q.
1502 1554 1735 1615 Lucanius,

235 1606 430 1666 ejusdem
460 1607 638 1656 ordinis,
677 1607 907 1650 fortissime
972 1623 1154 1666 ugnans,
1181 1610 1288 1652 dum
1317 1610 1615 1657 circumvento
1646 1616 1737 1662 filio

234 1666 455 1719 subvenit,
490 1665 776 1709 interficitur:
831 1666 881 1709 L.
963 1675 1071 1719 otta,
1110 1667 1317 1726 LegatuS‚
1353 1685 1500 1713 omnes
1536 1672 1736 1722 cohortes

235 1726 495 1782 'ordinesque
515 1724 768 1776 adhortans,
793 1725 835 1768 in
858 1725 1092 1768 adversum
1113 1742 1159 1768 os
1182 1727 1318 1769 funda
1339 1729 1614 1774 vulneratur.

295 1784 368 1827 36.
405 1784 486 1826 H'ffl
508 1784 639 1827 rebus
668 1792 892 1842 permotus
917 1784 970 1832 Q.
995 1783 1210 1838 Titurius,
1234 1801 1372 1844 quum
1395 1788 1550 1847 procul
1583 1790 1738 1837 Ambi-

235 1843 403 1902 origem
423 1858 522 1885 suos
543 1842 842 1885 cohortantem
863 1842 1168 1900 conspexisset,
1187 1844 1473 1904 interpretem
1489 1864 1632 1903 suum,
1651 1851 1733 1896 Cn.

238 1902 514 1961 Pompeium,
552 1900 609 1944 ad
645 1918 745 1944 eum
783 1901 937 1951 mittit,
976 1910 1194 1960 rogatum,
1233 1912 1284 1947 ut
1317 1903 1400 1948 sibi
1433 1907 1736 1968 militibusque

236 1969 401 2020 parcat.
467 1960 548 2004 Ille
570 1960 819 2018 adpellatus
840 1960 1090 2019 respondit:
1128 1966 1159 1987 ‘⁶
1180 1962 1214 2005 si
1227 1963 1336 2006 velit
1353 1980 1496 2008 secum
1513 1967 1736 2026 conloqui,

237 2024 267 2046 ‘⁶
292 2021 424 2067 licere
442 2035 452 2070 ;
484 2036 674 2078 sperare,
713 2036 738 2062 a
774 2019 1058 2064 multitudine
1094 2021 1305 2079 inpetrari
1343 2039 1481 2081 posse,
1519 2025 1640 2084 quod
1675 2028 1733 2072 ad

236 2083 269 2105 “
289 2079 477 2121 militum
512 2079 698 2122 salutem
735 2079 981 2138 pertineat;
1015 2079 1096 2138 ipsi
1133 2096 1238 2123 vero
1278 2081 1386 2125 nihil
1426 2084 1618 2128 nocitum
1661 2087 1730 2142 iri,

237 2142 268 2167 “
291 2138 423 2196 inque
465 2153 562 2180 eam
602 2154 694 2180 rem
730 2154 773 2180 se
795 2154 916 2181 suam
952 2137 1084 2182 fidem
1126 2138 1446 2200 interponere.”
1507 2143 1589 2191 Ille
1630 2161 1731 2195 cum

236 2198 374 2240 Cotta
395 2197 540 2240 saucio
561 2197 864 2252 communicat,
892 2198 927 2240 si
950 2197 1168 2253 videatur,
1202 2216 1351 2258 pugna
1369 2208 1420 2244 ut
1451 2203 1664 2251 excedant
1684 2213 1732 2250 et

233 2272 332 2300 eum
354 2255 609 2315 Ambiorige
632 2272 719 2299 una
740 2257 1081 2314 conloquantur:
1115 2274 1305 2316 sperare,
1326 2260 1383 2303 ab
1415 2277 1467 2304 eo
1498 2263 1553 2305 de
1582 2279 1659 2306 sua
1680 2280 1730 2307 ac

233 2315 423 2358 militum
443 2316 584 2358 salute
608 2315 831 2374 inpetrare
853 2332 991 2375 posse.
1027 2317 1163 2360 Cotta
1182 2334 1226 2361 se
1248 2318 1306 2361 ad
1324 2329 1539 2365 armatum
1559 2320 1727 2367 hostem

232 2374 400 2418 iturum
420 2383 553 2434 negat
573 2383 708 2433 atque
731 2374 774 2417 in
793 2389 845 2417 eo
861 2375 1069 2419 constitit.
1125 2415 1137 2429 ⁴

232 2474 292 2506 sed
323 2485 423 2516 pares
448 2475 650 2517 puqnmulo,
687 2484 731 2506 eo
759 2473 837 2516 ipso
868 2475 942 2507 scil.
1059 2478 1121 2509 Cn.
1135 2478 1340 2520 Pompeium.
1355 2479 1472 2512 Ursini
1482 2482 1581 2514 codd.
1600 2484 1637 2516 C.
1655 2485 1721 2516 Ar.

231 2520 325 2561 quod
340 2525 449 2551 essent
461 2530 600 2552 numero
613 2518 804 2561 superiores
812 2531 822 2560 3
838 2522 944 2552 nostri
1005 2523 1152 2563 prmum.
1169 2523 1234 2554 vel.
1254 2524 1466 2565 Carpinium.

227 2569 354 2603 tamen,
370 2569 437 2595 ete.
462 2565 498 2595 In
524 2564 600 2595 loco
625 2563 674 2597 sic
701 2563 941 2605 distinguendo
1058 2567 1145 2598 Cum
1173 2568 1267 2599 Cotta
1289 2570 1402 2600 saucio
1418 2580 1535 2601 comm.
1575 2570 1668 2609 Male
1684 2572 1719 2606 in

229 2607 446 2639 consentiunt
460 2607 544 2639 boni
558 2608 655 2639 codd.
665 2618 754 2649 quos
764 2618 897 2649 sequor.
1009 2608 1063 2641 his
1078 2611 1250 2642 narrandis
1264 2618 1414 2644 versatur
1428 2613 1495 2644 Dio
1512 2616 1565 2653 40,
1581 2617 1613 2646 6.
1685 2608 1689 2609 ⁷

278 2654 503 2685 Procurreret.
526 2652 573 2684 al.
584 2657 858 2694 procucurrerat.
1056 2656 1214 2696 Sper-are,
1243 2657 1286 2688 ab
1300 2667 1347 2688 eo.
1396 2656 1509 2698 Vulgo
1524 2658 1659 2694 additur
1672 2672 1719 2702 se,

274 2697 368 2734 Eam
380 2702 522 2738 partem.
546 2696 595 2728 sic
611 2696 712 2728 codd.
727 2701 761 2727 et
775 2697 850 2728 edd.
873 2701 939 2730 vet.
1008 2697 1128 2731 invitis
1142 2700 1244 2731 codd.
1261 2700 1361 2732 bonis
1374 2705 1407 2731 et
1421 2701 1495 2732 edd.
1510 2702 1641 2744 primis.
1678 2707 1716 2741 Id

226 2739 287 2773 alii
301 2752 343 2773 ea
357 2747 466 2783 parte.
1004 2743 1075 2784 jam
1106 2745 1222 2784 paullo
1249 2750 1326 2775 ante
1352 2745 1440 2776 bene
1473 2745 1637 2781 omissum
1651 2755 1716 2791 est,

275 2786 459 2827 Progressi.
474 2785 520 2816 al.
534 2786 669 2827 eqressi.
1006 2792 1042 2818 ut
1059 2798 1149 2828 saepe
1172 2787 1273 2819 alias.
1288 2788 1332 2819 ef.
1347 2794 1380 2819 et
1395 2799 1424 2820 c.
1441 2791 1496 2820 41.
1520 2790 1608 2825 Dein
1623 2796 1718 2836 inpe-

281 2831 417 2862 Horam
441 2834 608 2861 octavam.
645 2829 707 2860 Est
738 2827 873 2861 circiter
886 2840 938 2861 se-
1002 2837 1111 2870 trare,
1126 2831 1186 2862 alii
1199 2834 1374 2874 inpetrari.

231 2875 344 2906 cunda
360 2873 610 2917 pomeridiana.
634 2872 688 2904 Cf.
708 2875 736 2909 l,
753 2875 806 2904 26.
831 2875 881 2907 M.
1055 2877 1213 2914 Constitit,
1261 2875 1407 2917 perstitit
1458 2877 1492 2911 in
1535 2882 1713 2916 sententia.

279 2920 324 2957 In
336 2920 415 2952 adv.
431 2929 478 2967 ⁰⁸⁶.
519 2917 577 2950 Sic
605 2922 639 2949 et
666 2917 708 2949 C.
726 2921 757 2956 3,
773 2920 827 2950 99.
871 2919 938 2952 Sed
1007 2919 1120 2960 Vulgo
1135 2926 1251 2968 contra
1264 2919 1414 2962 codices,
1423 2932 1625 2967 perseverat,
1634 2938 1711 2970 quae

228 2962 384 2997 Oudend.
398 2964 496 2997 malit
509 2962 545 2996 τὸ
559 2966 596 2995 m
609 2967 829 3006 expunctum.
1005 2969 1056 2997 est
1065 2964 1264 3007 explicatio.
1286 2966 1339 3000 M.
1367 2966 1447 3002 vid.
1460 2968 1533 3002 Ind-
1643 2972 1647 2974 “
