1946 3261
200 175 293 221 470
438 178 493 222 A.
529 173 735 221 HIRTII
765 176 850 220 DE
883 174 1086 219 BELLO
1121 176 1440 224 ALEXAND.

265 302 336 344 78.
370 301 439 344 Ita
473 316 554 359 per
593 300 927 361 Gallograeciam
958 301 1297 362 Bithyniamque
1333 303 1377 346 in
1419 302 1566 357 Asiam
1605 301 1690 347 iter

204 362 325 410 facit,
353 358 631 418 omniumque
661 373 812 404 earum
849 361 1171 420 provinciarum
1187 362 1242 405 de
1263 361 1566 406 controversiis
1587 371 1687 421 cogo

209 418 345 464 noscit
364 420 409 461 et
429 419 601 470 statuit,
635 419 739 479 jura
773 420 819 464 in
851 419 1124 471 Tetrarchae„
1158 420 1320 480 Reges,
1339 421 1535 464 civitates
1548 419 1692 464 distri-

165 512 169 516 .
206 478 317 523 buit.
380 476 688 521 Mithridatem
708 480 1054 538 Pergamenum,
1080 496 1107 522 a
1125 487 1215 538 quo
1237 493 1328 523 rem
1347 479 1530 523 felieiter
1547 478 1693 522 deieci*

205 544 362 594 terque
421 544 564 579 ‘estam
601 538 646 582 in
679 537 877 598 AEgypto
902 553 1037 597 supra
1063 536 1325 598 scripsimus,
1356 538 1423 582 Re
1457 539 1499 582 io
1533 544 1692 596 genere*

205 602 371 646 ortum,
393 552 632 654 {isciplinis
650 597 779 640 etiam
797 598 948 657 Regiis
969 597 1218 649 educatum,
1241 598 1358 654 (nam
1447 596 1694 646 ithr'idates,

206 653 306 697 Rex
342 654 458 698 Asiae
491 656 645 706 totius,
681 665 866 716 propter
902 656 1176 700 nobilitatem
1213 657 1427 716 Pergamo
1457 655 1694 715 parvulum

201 722 345 756 secum
379 713 716 772 absportaverat
752 716 797 759 in
834 724 976 758 castra
1008 716 1257 774 multosque
1298 724 1498 759 tenuerat
1534 715 1688 770 annos)

204 771 373 831 Regem
395 771 580 831 Bospori
611 774 855 825 constituit,
889 775 1009 833 quod
1030 776 1111 818 sub
1132 774 1315 833 imperio
1336 774 1567 817 Pharnacis
1597 769 1690 815 fiiea⁴

202 839 299 881 ταῖς
330 831 661 891 provinciasque
686 833 844 892 Populi
867 833 1054 877 Romani
1087 849 1113 876 a
1132 833 1329 878 barbaris
1360 841 1493 891 atque
1513 832 1692 876 inimicis

202 889 417 948 Regibus,
451 889 709 950 interposito
730 893 981 935 amicissimo
1010 893 1150 951 Rege,
1170 892 1370 935 munivit.
1433 890 1588 934 Eidem
1609 890 1691 933 Te⁴⁶

199 948 437 992 trarchiam
462 949 676 1008 [legibus]
702 951 1076 1011 Gallograecorum
1091 952 1191 1010 jure
1208 951 1349 1019 gentis
1364 958 1410 993 et
1424 948 1693 1009 cognationis

196 1002 487 1065 adjudicavit,
509 1017 769 1068 'occupatam
789 1019 834 1053 et
851 1026 1085 1069 possessam
1100 1026 1257 1069 pauels·
1270 1019 1370 1054 ante
1386 1011 1506 1052 annis
1520 1025 1546 1052 a
1560 1008 1692 1053 Deio⁴

197 1072 311 1109 taro.
375 1067 534 1124 Neque
564 1075 706 1111 tamen
736 1085 919 1127 usquam
945 1070 1108 1113 diutius
1134 1078 1326 1112 moratus
1350 1075 1430 1118 est,
1465 1083 1597 1126 quam
1618 1072 1690 1110 ne·

198 1125 371 1168 cessitas
390 1126 657 1169 urbanarum
677 1127 933 1172 seditionum
958 1130 1049 1187 pati
1081 1127 1330 1171 videbatur.
1364 1126 1515 1170 Rebus
1536 1127 1689 1169 felicis-

200 1183 306 1227 sime
326 1184 641 1244 celerrimeque
662 1187 888 1238 confectis,
927 1188 972 1231 in
995 1187 1165 1230 Italiam
1188 1187 1369 1231 celerius
1390 1185 1580 1228 omnium
1597 1185 1690 1245 opi-

199 1243 327 1286 nione
347 1242 480 1286 venit.

976 1366 1046 1388 var.
1083 1355 1171 1390 lect.⁴
1192 1357 1224 1387 3.
1251 1357 1306 1386 23.
1340 1355 1391 1386 M.
1437 1353 1592 1387 Oudend.
1616 1353 1684 1387 sorr·

980 1410 1038 1431 san
1059 1403 1141 1441 jure
1155 1403 1263 1441 yemis
1277 1405 1308 1431 et
1322 1398 1450 1441 ceqibus
1472 1401 1607 1441 comm(
1656 1401 1662 1407 '
1680 1423 1688 1439 1.

1024 1444 1233 1485 occupatam
1267 1446 1298 1475 et
1330 1447 1525 1485 possessam.
1620 1443 1689 1476 aud

976 1487 1083 1519 dubie
1114 1487 1183 1519 fuit
1208 1495 1249 1519 ea
1280 1490 1368 1529 pars,
1396 1487 1499 1529 quani
1529 1488 1606 1530 cip.
1632 1488 1689 1520 67.

975 1531 1079 1564 ceteri
1108 1531 1309 1564 Tetrarchae
1340 1531 1450 1573 questi
1482 1538 1557 1564 sunt
1580 1532 1687 1571 Deio-

195 1355 267 1388 lant
285 1353 456 1397 aliosque.
500 1354 598 1388 Alios
623 1355 702 1387 h.1.
734 1356 908 1394 Vinciano,

195 1399 260 1475 {ilii
277 1400 435 1452 ⁵Minucio
460 1399 598 1432 habent.
635 1399 722 1432 Mox
736 1400 841 1441 vulgo
858 1410 910 1432 re-

211 1448 430 1526 ιᾳῗξιιᾎείἁφη,
458 1487 675 1529 provinciam
700 1487 908 1526 Romanam,

197 1538 274 1573 quae
288 1531 545 1564 Proconsularis
557 1532 639 1565 Asia
654 1531 746 1564 dictu
758 1536 821 1564 est.
836 1533 909 1564 Cel-

197 1577 318 1618 larius.

242 1617 435 1654 Distribuit.
457 1618 518 1652 alii
534 1617 706 1662 disposuit.

242 1666 270 1696 Α
302 1675 368 1706 quo
398 1680 444 1687 --
471 1666 676 1705 scripsimus.
724 1663 794 1696 Alii
827 1675 906 1707 quo.

198 1708 290 1749 quod
311 1713 428 1749 potest
449 1707 597 1740 admitti.
644 1707 686 1739 V.
710 1708 849 1741 Cortius
863 1710 905 1741 ad

199 1752 282 1795 Sall.
299 1753 380 1794 Jug.
398 1754 454 1783 21.

244 1797 457 1839 Scripsimus.
479 1806 510 1828 c.
529 1797 583 1829 26.
608 1794 661 1828 M.

245 1840 396 1883 Bospori,
413 1843 551 1880 tractus,
566 1839 627 1884 qui
644 1851 746 1883 supra
760 1839 907 1874 Pontum

197 1884 373 1918 Euxinum
401 1895 423 1916 a
452 1886 607 1927 Bosporo
637 1884 825 1918 Cimmerio
863 1887 907 1917 ad

196 1926 347 1962 Colchos
363 1929 523 1968 excurrit,
546 1936 580 1961 et
598 1931 755 1970 Regnum
771 1931 907 1972 Bospo-

196 1983 316 2005 ranum
333 1978 482 2012 vocatur,
508 1984 612 2015 quem
631 1974 823 2006 Pharnaces
847 1975 907 2005 be-

196 2016 320 2050 neficio
366 2016 539 2060 Pompeii,
575 2018 669 2049 victo
708 2016 906 2050 Mithridate

197 2067 306 2102 patre,
319 2068 507 2103 acceperat.
535 2063 713 2094 Ceam-ius.
755 2062 905 2105 Appian.

197 2105 239 2142 B.
255 2106 378 2138 Mithr.
390 2116 421 2137 c.
440 2107 514 2138 114.
527 2117 561 2147 p.
578 2109 654 2137 251.
678 2107 729 2138 M.

246 2150 341 2184 Quod
357 2149 547 2191 (Regnum)
557 2151 618 2182 sub
631 2151 751 2192 imper.
775 2150 825 2182 M.

238 2192 433 2235 [Levibus]-
456 2195 532 2225 Hoc
545 2195 686 2225 verbum
705 2194 906 2237 interpretes

148 2246 151 2250 ·
196 2237 383 2269 delendum
408 2243 558 2275 censent,
584 2238 788 2280 inclusitque
810 2239 905 2272 uncis

193 2282 266 2323 jam
291 2281 516 2313 Casaubonus
539 2283 582 2313 ad
609 2283 765 2314 Strabon.
794 2286 844 2316 13.
870 2294 904 2325 p.

198 2322 276 2357 625.
310 2324 377 2357 Sed
401 2325 430 2357 si
457 2325 619 2357 Deiotaro
636 2337 741 2368 neque
758 2328 905 2369 legibus,

200 2376 308 2412 neque
324 2369 478 2401 moribus
493 2380 654 2402 concessa
669 2371 732 2402 l'uit
747 2372 792 2410 (c.
822 2372 901 2410 67);

197 2413 326 2490 {eterit
351 2412 423 2446 dici
448 2413 582 2456 legibus
611 2414 801 2456 adjudicata
828 2415 901 2447 alii.

242 2503 327 2534 Jure
352 2504 461 2545 {yemis
474 2507 506 2535 et
526 2504 740 2545 coquationis.
778 2502 814 2534 Si
839 2502 903 2534 Ca-

193 2546 369 2579 saubonus
403 2547 426 2579 1.
455 2548 490 2578 d.
520 2558 635 2580 verum
665 2546 762 2586 vidit,
799 2554 904 2579 mater

199 2588 411 2623 Mithridatis
441 2590 541 2633 hujus
568 2591 632 2624 suit
663 2591 733 2624 filia
758 2590 857 2622 unius
881 2603 900 2622 e

196 2635 392 2670 Tetrarchis
415 2635 548 2670 Galliae.
593 2635 693 2670 Conf.
711 2635 901 2669 Victorium

974 1582 1049 1608 taro
1077 1584 1185 1618 neque
1211 1576 1357 1617 legibus,
1386 1585 1494 1617 neque
1522 1575 1689 1616 moribus,

975 1624 1174 1652 concessam
1190 1623 1274 1652 esse.
1322 1620 1430 1652 Unam
1451 1619 1591 1662 quidem
1606 1618 1686 1662 pa?-

973 1670 1042 1696 tem
1055 1662 1289 1706 Gallograeciae
1305 1669 1444 1706 paterno
1456 1665 1531 1705 jure
1547 1665 1686 1697 tenebat

975 1709 1172 1740 Deiotarus.
1188 1709 1257 1740 vid.
1274 1709 1396 1741 Strabo
1413 1719 1447 1749 p.
1459 1709 1535 1740 547.
1551 1709 1682 1741 Lotum

972 1753 1052 1785 Cic.
1068 1754 1109 1785 de
1125 1753 1241 1784 Divin.
1257 1755 1290 1791 2,
1307 1755 1359 1784 37.
1383 1751 1602 1785 Casaubonus
1611 1752 1682 1795 jam

972 1795 1130 1828 contulit.
1146 1797 1198 1829 M.

1026 1842 1153 1873 Urban.
1169 1840 1380 1873 seditionum.
1404 1839 1504 1872 Conf.
1517 1844 1548 1873 c.
1561 1838 1614 1872 65.
1632 1841 1683 1873 Μ.

1022 1886 1066 1917 In
1093 1885 1404 1917 Italiam—venit.
1451 1884 1515 1916 His
1545 1884 1682 1924 circiter

973 1929 1198 1971 temporibus,
1236 1928 1402 1970 Pompeio
1434 1929 1586 1969 devicto,
1618 1930 1678 1962 AE-

972 1978 1077 2016 gypto
1119 1972 1262 2004 subacta
1303 1972 1452 2014 Asiaque
1485 1976 1618 2015 pacata,
1646 1972 1681 2006 et

973 2023 1082 2049 metus
1122 2022 1155 2048 et
1184 2016 1335 2048 adulatio
1374 2017 1496 2048 Romae
1531 2017 1681 2050 decrevi!

971 2061 1098 2094 Caesari
1127 2071 1195 2092 non
1224 2061 1327 2092 modo
1355 2067 1491 2100 statuas,
1521 2061 1679 2101 coronas,-

971 2105 1109 2147 aliaque
1136 2105 1170 2137 id
1197 2116 1301 2147 genus
1332 2105 1446 2147 plura3
1485 2106 1542 2137 sed
1572 2105 1677 2138 etiam

974 2160 1141 2182 sumniam
1160 2155 1363 2191 potestatem
1379 2150 1421 2181 de
1439 2149 1530 2181 bello
1547 2154 1581 2181 et
1592 2147 1677 2193 pace*

972 2194 1155 2232 statuendi,
1176 2194 1396 2225 Consulatum
1425 2192 1458 2225 in
1485 2192 1677 2236 quinquen-

971 2237 1080 2275 nium.
1099 2238 1309 2270 Dictaturam
1327 2238 1358 2269 in
1376 2247 1501 2270 annum
1516 2244 1549 2270 et
1565 2239 1675 2280 plura,

969 2295 1046 2325 quae
1078 2282 1242 2314 infinitam
1271 2281 1535 2314 dominationem
1568 2282 1678 2324 magis

970 2326 1148 2370 magisque
1173 2325 1353 2359 firmarunt.
1398 2325 1466 2358 Dio
1493 2325 1589 2358 Cass.
1619 2329 1674 2366 42,

975 2373 1026 2403 19.
1040 2374 1093 2403 20.
1109 2371 1194 2409 Quae
1206 2381 1286 2403 vero
1300 2369 1414 2402 Caesar
1429 2369 1499 2402 tuni
1513 2369 1673 2409 manime,

970 2415 1064 2448 victo
1097 2415 1269 2447 Pharnace
1299 2414 1559 2456 redum-egerit,
1585 2415 1671 2458 qus>-

970 2461 1072 2491 modo
1103 2459 1267 2501 pecunias
1301 2458 1496 2497 conraserit,
1526 2458 1671 2503 militurn

967 2504 1083 2535 turbas
1107 2503 1285 2541 sedaverit,
1312 2503 1448 2545 plebem
1472 2502 1540 2535 sibi
1557 2500 1675 2541 eonci-

968 2547 1113 2587 liavcrit,
1130 2548 1273 2579 honores
1287 2545 1510 2587 distribuerit,
1522 2552 1564 2580 ea
1578 2544 1669 2580 idem

969 2598 1077 2624 narrat
1094 2591 1179 2625 ibid.
1194 2603 1225 2624 c.
1243 2594 1296 2625 50.
1312 2601 1382 2634 seq.
1408 2590 1458 2624 M.

797 2794 1065 2810 ἡ*-
