1946 3261
269 205 360 249 344
716 203 800 248 DE
833 203 1036 248 BELLO
1069 202 1282 246 CIVILI.

282 331 463 390 singulis
489 329 644 374 diebus
668 338 790 373 erant
812 331 1043 389 perfecta,)
1066 330 1107 371 in
1124 328 1343 387 integrum
1364 326 1556 371 restituit
1576 341 1586 374 ;
1617 327 1693 383 qui
1712 344 1756 370 se

283 390 349 434 illi
385 389 506 432 initio
539 388 677 431 civilis
711 390 818 433 belli
852 389 1120 438 obtulerant,
1155 387 1188 429 si
1227 404 1302 430 sua
1332 402 1466 445 opera
1486 385 1529 428 in
1549 384 1667 428 bello
1691 386 1757 428 uti

285 448 437 497 vellet,
489 447 672 505 proinde
711 449 939 497 aestimans,
978 464 1026 490 ac
1063 446 1095 489 si
1135 462 1236 488 usus
1271 456 1395 495 esset,
1448 444 1653 502 quoniam
1693 444 1758 486 sui

286 506 486 549 fecissent
505 514 794 564 potestatem:
827 515 1041 550 statuerat
1057 505 1184 554 enim,
1207 505 1282 547 hos
1294 504 1415 563 prius
1427 503 1590 561 judicio
1606 502 1761 561 populi

287 563 449 607 debere
481 566 669 615 restitui,
705 583 834 624 quam
869 581 945 608 suo
973 563 1184 607 beneficio
1204 563 1343 606 videri
1376 571 1591 621 receptOS‚
1613 577 1666 603 ne
1685 568 1763 603 aut

286 622 486 680 ingratus
507 623 551 666 in
579 625 809 668 referenda
838 624 994 682 gratia,
1031 631 1109 666 aut
1146 622 1358 681 adrogans
1392 624 1436 664 in
1471 619 1762 679 praeripiendo

289 682 443 739 populi
459 683 667 726 beneficio
682 683 917 726 videretur.

348 740 392 783 2.
429 741 511 784 His
531 743 676 792 rebus,
713 751 757 785 et
789 742 904 784 feriis
935 739 1100 783 Latinis
1131 739 1400 795 comitiisque
1435 735 1632 779 omnibus
1664 748 1763 791 per-

288 798 504 851 ficiundis‚
528 801 726 844 undecim
741 800 829 842 dies
851 799 1022 848 tribuit,
1046 797 1365 854 Dictaturaque
1386 811 1428 838 se
1450 794 1626 837 abdicat
1647 800 1691 834 et
1707 792 1765 834 ab

289 858 400 900 urbe
441 857 730 915 proficiscitur
772 858 1140 914 Brundisiumque
1179 855 1391 913 pervenit.
1468 853 1533 895 Eo
1573 851 1765 908 legiones

289 915 517 957 duodecim
547 923 593 957 et
624 916 868 972 equitatum
900 931 1065 958 omnem
1087 914 1235 957 venire
1252 914 1464 972 jusserat3
1495 910 1569 954 sed
1593 918 1763 953 tantum

291 974 465 1016 navium
485 973 668 1031 reperit,
698 982 748 1016 ut
776 984 956 1031 anguste
991 973 1238 1031 quindecim
1275 972 1392 1014 milia
1426 969 1766 1029 legionariorum

291 1031 499 1082 militum,
516 1031 779 1090 quingentos
797 1034 962 1090 equites
977 1041 1274 1091 transportare
1293 1039 1481 1089 possent.
1519 1029 1619 1072 Hoc
1633 1043 1769 1070 unum

293 1090 459 1148 [inopia
494 1091 691 1147 navium]
736 1091 894 1134 Caesari
943 1092 997 1136 ad
1048 1090 1301 1134 conficiendi
1350 1089 1454 1133 belli
1500 1088 1769 1131 celeritatem

289 1148 450 1192 defuit.
484 1150 633 1207 Atque
654 1166 713 1192 eae
728 1150 830 1208 ipsae
852 1152 985 1210 copiae
1005 1151 1087 1193 hoc
1108 1149 1767 1207 infrequentioresinponuntur,

294 1258 437 1291 fuissent
460 1259 697 1301 superioribus
719 1260 851 1299 diebus,
874 1266 930 1293 aut
947 1272 998 1292 se-

295 1304 366 1334 mel
381 1304 497 1335 saltem
515 1303 691 1343 afuissent,
716 1305 751 1336 hi
776 1305 896 1336 deinde
919 1316 997 1336 cum

295 1346 416 1378 ceteris
446 1348 719 1389 suffragarentur.
748 1348 818 1380 vid.
853 1348 1000 1380 Ciacco-

295 1390 374 1422 nius
387 1392 430 1422 ad
445 1391 479 1422 h.
495 1392 517 1423 l.
533 1392 591 1433 qui
607 1398 684 1434 post
701 1393 909 1425 azulimttibus
918 1392 1000 1424 addi

295 1434 406 1466 voluit
428 1441 533 1467 testes.
562 1437 613 1467 M.

343 1479 389 1510 In
400 1481 569 1520 inteqrum
584 1482 737 1517 restituit,
770 1484 914 1520 excepto
932 1477 1000 1510 Mi-

296 1521 388 1554 lone.
421 1523 596 1565 Appianus
611 1525 635 1555 l.
650 1535 681 1556 c.
712 1525 763 1555 [ΙΙ.

346 1567 495 1599 Proinde
510 1583 555 1591 ·—
570 1579 621 1602 ar.
661 1569 704 1600 Et
727 1568 869 1610 proinde
892 1579 943 1607 ac,
967 1573 1002 1599 et

291 1612 432 1652 perimle
456 1622 509 1649 ac,
532 1613 652 1643 eodem
672 1623 768 1643 sensu
785 1612 922 1643 dicitur.
950 1613 1002 1643 M.

300 1654 410 1685 Codd.
427 1660 604 1696 utrumque
621 1656 758 1687 habent.
794 1656 909 1697 Nepos
925 1656 1002 1696 Lys.

299 1700 333 1728 2.
355 1704 388 1729 et
402 1698 515 1729 Alcib.
547 1701 578 1729 6.
603 1699 705 1730 habet
731 1699 837 1730 etiam
864 1701 1002 1740 proinde

299 1752 355 1772 ac.
372 1741 452 1772 item
469 1741 543 1773 Cic.
559 1742 659 1774 Tusc.
676 1747 706 1782 5,
724 1747 755 1774 2.
783 1744 894 1774 Plaut.
906 1742 1001 1774 Trin.

302 1786 333 1822 3,
349 1788 381 1822 2,
396 1788 449 1817 33.

349 1829 513 1869 Inqratus
543 1840 625 1871 erga
664 1831 842 1871 populum,
879 1841 900 1861 a
935 1841 1002 1871 quo

303 1871 428 1903 Consul
445 1879 578 1904 creatus
591 1874 708 1905 suerat.
727 1875 775 1904 M.
803 1875 867 1905 Sed
884 1878 1003 1913 inara-

300 1920 354 1947 tus
373 1919 409 1947 in
431 1917 607 1956 referenda
622 1920 737 1959 qratia
751 1923 799 1949 est
817 1919 938 1948 modus
954 1919 1003 1948 lo-

301 1959 427 2000 quendi
453 1960 613 1999 insolens,
646 1972 706 2002 pro
730 1973 799 2002 quo
829 1961 1004 1992 Bentleius

302 2003 370 2044 legi
384 2004 482 2045 jubet
494 2010 638 2036 cessator
653 2008 688 2035 iu
703 2005 762 2044 ref.
780 2008 907 2046 qratia.
952 2006 1004 2036 Ea

303 2058 390 2079 voce
408 2048 514 2080 utitur
529 2047 602 2080 Cic.
619 2050 661 2080 ad
677 2049 720 2086 Q.
738 2049 793 2080 Fr.
808 2052 838 2087 3,
855 2052 884 2081 6.
913 2049 1004 2080 Juri-

301 2091 378 2124 nius
393 2093 495 2124 dabat
511 2093 703 2133 imliliqmzs.

352 2137 392 2168 In
403 2137 639 2177 praeripiendo.
668 2137 722 2168 Sic
735 2138 834 2168 codd.
849 2138 1007 2169 vetustis-

304 2178 396 2211 simi.
412 2180 471 2211 alii
490 2186 523 2211 et
535 2181 610 2210 cdd.
624 2186 689 2211 vet.
700 2183 928 2222 praecipiendo
943 2181 963 2212 i.
974 2193 1004 2212 e.

298 2223 580 2265 proeoccupandO.
611 2224 664 2255 Sic
681 2231 715 2255 et
730 2235 757 2255 c.
783 2228 836 2256 531.
853 2231 886 2255 et
904 2236 1006 2265 supra

304 2270 338 2302 8,
355 2269 408 2298 51.
425 2267 459 2298 h.
478 2267 501 2298 l.
523 2266 628 2298 nimia
657 2268 829 2309 cupiditas
857 2269 1003 2311 exprimi

300 2310 434 2343 debuit.

351 2356 459 2387 Feriis
480 2355 624 2387 Latinis.
656 2356 706 2386 De
722 2355 775 2387 his
792 2356 859 2387 Dio
876 2359 930 2390 46,
947 2360 979 2388 4.

353 2400 499 2431 Comieiis
513 2400 680 2437 omnibus,
702 2399 828 2440 quibus
840 2411 915 2431 cum
929 2401 1006 2432 Ma-

303 2443 462 2484 gistratus
486 2443 634 2474 urbanos
655 2443 740 2481 (Dio
757 2444 849 2475 Cass.
868 2447 919 2482 41,
939 2447 1006 2484 36).

303 2492 377 2519 tum
395 2487 621 2518 Proconsules
633 2493 667 2518 et
678 2487 902 2528 Propraetores
918 2489 959 2527 (Α
968 2500 1005 2529 p-

307 2531 401 2572 pian.
419 2541 454 2572 p.
471 2532 552 2571 457)
567 2529 708 2563 creavit.
741 2533 791 2563 M.
831 2532 899 2563 Suo
914 2532 1005 2564 arbi-

300 2580 405 2607 tratu.

358 2620 512 2651 Undecim
528 2619 609 2657 dies,
635 2630 676 2651 ex
697 2629 765 2661 quo
792 2618 1002 2651 Dictaturam

302 2668 514 2705 susceperat.
547 2664 599 2695 M.

353 2709 405 2738 ΑιΙ
432 2707 514 2738 vrbe
540 2709 770 2748 Jn·oficiscitur,
799 2717 913 2738 mense
936 2708 1005 2738 De-

306 2751 437 2782 cembri
463 2750 539 2781 anni
559 2752 599 2782 P.
616 2752 660 2783 U.
678 2751 716 2782 C.
746 2753 822 2784 705,
851 2761 916 2781 non
948 2762 1005 2782 ex-

309 2794 468 2835 spectatis
496 2795 646 2826 calendis
674 2794 856 2832 Januariis,
881 2795 1007 2836 quibus

305 2838 525 2871 Consulatum
557 2838 620 2871 rite
649 2839 891 2882 auspicaretur.
950 2838 1006 2870 Sic

1069 1260 1218 1301 Appian.
1244 1259 1267 1290 l.
1284 1270 1316 1290 e.
1344 1258 1429 1290 lnsra
1452 1267 1530 1288 vero
1549 1267 1580 1288 c.
1599 1258 1630 1287 6.
1654 1256 1768 1288 Caesar

1067 1303 1192 1335 dicitur
1223 1302 1332 1344 pridie
1360 1312 1466 1333 nonas
1495 1300 1672 1332 Januarias
1695 1301 1765 1341 jam

1067 1346 1238 1378 Brundisii
1257 1346 1358 1378 fuisse
1375 1352 1407 1377 et
1424 1346 1498 1376 inde
1515 1344 1667 1376 solvisse.
1715 1344 1767 1376 De

1069 1391 1124 1421 his
1140 1397 1248 1422 tamen
1264 1396 1355 1421 recte
1384 1389 1614 1430 intelligendis
1634 1388 1767 1420 monuit

1070 1434 1225 1466 Usserius
1262 1434 1294 1465 in
1323 1434 1441 1466 Annal.
1471 1434 1525 1464 ad.
1556 1443 1611 1464 an.
1645 1432 1766 1464 Mundi

1069 1480 1167 1512 3956,
1206 1478 1409 1509 Januarium
1438 1477 1538 1508 illum
1566 1478 1768 1518 respondere

1071 1523 1202 1553 Octobri
1217 1523 1369 1555 Juliano.
1384 1533 1402 1553 e
1417 1521 1541 1553 vitiosa
1553 1527 1622 1553 tum
1636 1521 1767 1552 ratione

1069 1566 1148 1597 anni
1169 1567 1336 1598 Romani:
1363 1566 1438 1597 inde
1453 1576 1519 1597 non
1535 1576 1610 1597 esse
1631 1565 1767 1603 mirum,

1069 1622 1126 1642 cur
1141 1611 1226 1642 infra
1241 1612 1380 1642 demum
1396 1621 1427 1641 c.
1451 1613 1482 1641 9.
1509 1609 1620 1641 hiems
1644 1609 1768 1649 adpro-

1071 1655 1251 1696 pinquasse
1293 1655 1436 1686 dicatur.
1482 1654 1532 1684 M.
1577 1653 1768 1684 Secundum

1069 1699 1316 1730 Guiscliardum
1374 1698 1556 1730 Novembri
1613 1696 1769 1728 Juliano.

1074 1742 1162 1773 Vide
1192 1742 1341 1773 tabulam
1374 1740 1653 1782 chronologicam
1693 1745 1771 1781 post

1069 1786 1338 1817 dissertationem
1358 1785 1523 1816 Dodwelli
1540 1784 1697 1825 positam.

1119 1831 1264 1861 'l'ammn
1284 1831 1436 1860 narium.
1455 1827 1476 1858 i.
1495 1839 1527 1859 e.
1551 1834 1619 1859 tam
1636 1838 1768 1869 parum.

1071 1872 1125 1904 Sic
1142 1879 1175 1903 et
1193 1875 1223 1911 6,
1237 1876 1290 1904 35.
1309 1873 1393 1904 Mox
1407 1871 1531 1903 rectius
1544 1875 1770 1913 transportari

1068 1916 1232 1948 Jurinius.

1117 1961 1309 1995 Quindecim
1344 1961 1440 1991 milia
1477 1961 1541 1999 leq.
1582 1961 1656 1991 mil.
1715 1959 1769 1992 Sic

1072 2005 1169 2035 codd.
1188 2015 1306 2035 omnes
1321 2011 1353 2034 et
1365 2005 1440 2035 edd.
1456 2011 1524 2035 vet.
1541 2004 1663 2035 Contra
1680 2003 1768 2035 Scal.

1071 2048 1165 2079 dedit
1184 2050 1265 2080 XX.
1283 2051 1391 2086 wilia,
1417 2048 1511 2089 quod
1527 2048 1630 2089 vulgo
1653 2058 1770 2088 recep-

1069 2097 1155 2126 tum.
1179 2093 1260 2133 quia
1278 2092 1388 2133 magis
1411 2092 1592 2123 conveniat
1606 2102 1685 2123 cum
1705 2092 1770 2123 vn

1070 2135 1278 2173 legionibus.
1292 2137 1332 2167 de
1344 2135 1470 2176 quibus
1485 2146 1517 2167 c.
1534 2138 1563 2167 6.
1581 2136 1645 2167 Sed
1660 2136 1771 2167 Caesar

1073 2180 1145 2220 ipse
1162 2179 1278 2222 copias
1293 2191 1350 2211 cas
1366 2179 1642 2221 infrequentiores
1665 2180 1768 2212 fuisse

1070 2224 1183 2255 docet.

1119 2270 1323 2309 Quinqentos
1353 2270 1487 2309 equites.
1548 2267 1614 2299 Hic
1652 2274 1769 2300 contra

1072 2313 1172 2342 codd.
1188 2313 1280 2350 vulg.
1299 2312 1454 2343 inseritur
1466 2317 1509 2342 et.
1538 2312 1700 2353 Scaliger,
1715 2323 1768 2343 se-

1072 2362 1172 2387 cutus
1187 2356 1426 2389 Ciacconinm.
1450 2354 1543 2387 dedit
1560 2357 1637 2387 DC.
1654 2355 1770 2387 invitis

1071 2401 1169 2430 codd.
1201 2411 1242 2431 ex
1268 2400 1432 2430 relatione
1455 2399 1609 2441 Appiani
1624 2403 1655 2438 2,
1677 2403 1717 2431 54
1734 2405 1770 2432 et

1069 2443 1243 2475 Plutarchi
1260 2454 1290 2475 c.
1307 2445 1359 2475 37.

1118 2489 1239 2529 Inopia
1253 2490 1404 2519 nat-ium.
1439 2487 1549 2519 Verba
1563 2488 1636 2521 haec
1652 2487 1769 2520 viden-

1072 2537 1123 2562 tur
1138 2532 1183 2562 ab
1199 2531 1307 2562 aliena
1324 2541 1423 2563 manu
1439 2539 1562 2570 assuta,
1591 2538 1628 2563 ut
1655 2533 1769 2574 plures

1065 2576 1134 2617 jam
1151 2581 1363 2607 monuerunt.
1393 2576 1443 2607 M.
1485 2577 1639 2608 Delenda
1653 2576 1771 2607 viden·

1067 2626 1129 2650 tur.
1146 2619 1279 2651 uncinis
1294 2619 1429 2651 inclusi.

1118 2665 1221 2705 Atque
1244 2674 1291 2695 eae
1316 2666 1394 2703 ‘'125ae
1417 2666 1518 2705 copiae
1531 2680 1586 2694 —.
1632 2663 1696 2695 11ae
1711 2673 1770 2694 co-

1073 2707 1150 2748 piae.
1179 2707 1241 2739 etsi
1269 2707 1324 2738 vix
1351 2707 1429 2748 capi
1449 2713 1601 2749 poterant
1630 2717 1650 2738 a
1673 2707 1771 2738 navi-

1072 2751 1148 2789 bus,
1177 2757 1287 2783 tamen
1317 2757 1413 2782 erant
1442 2753 1549 2783 multo
1579 2751 1769 2791 infrequen-

1074 2794 1187 2830 tiores,
1214 2807 1240 2826 s.
1268 2795 1455 2836 pauciores,
1483 2806 1585 2836 quam
1611 2804 1769 2826 numerus

1071 2850 1187 2872 earum
1214 2839 1342 2877 fuisset,
1369 2839 1434 2872 nisi
1461 2839 1590 2872 morbis
1622 2837 1768 2879 aliisque
