1992 3271
601 215 720 262 LIB.
752 215 814 260 ΙΙ.
874 214 1013 260 CAP.
1042 214 1203 261 9—11.
1592 217 1651 263 47

178 344 283 388 levis
309 350 539 388 armaturae
577 344 803 394 Numidas,
837 343 1075 387 funditores
1114 342 1442 411 sagittariosque
1470 350 1648 401 pontem

179 404 417 446 transducit
448 412 581 461 atque
612 403 666 445 ad
696 419 766 445 eos
786 402 1019 445 contendit
1082 403 1257 445 Acriter
1277 403 1320 446 in
1341 419 1391 446 eo
1412 403 1509 446 loco
1536 418 1648 460 pug-

178 471 328 505 natum
347 470 425 505 est.

178 537 283 563 num
314 537 465 564 eorum
489 535 717 563 numerum
737 520 1000 562 occiderunt.
1064 519 1149 560 Per
1169 535 1319 562 eorum
1340 537 1414 563 coi
1417 537 1525 578 pola
1552 520 1650 562 1011-

178 596 302 636 quos,
321 579 594 622 audacissime
613 579 792 621 transire
821 586 1035 627 conantes,
1068 577 1346 620 multitudine
1375 581 1563 621 telorum
1584 595 1651 621 re-

179 638 414 694 pulerunt;
461 638 637 694 primos,
676 637 753 693 qui
785 637 1055 685 transiemut,
1097 636 1298 692 equitatu
1335 636 1650 680 ci1cumventos

177 696 501 738 interfecerunt.
567 695 740 744 Hostes,
773 696 849 737 ubi
869 704 913 737 et
933 696 986 737 de
1013 695 1300 752 expugnando
1330 696 1491 752 oppido
1523 704 1568 737 et
1594 696 1650 738 de

177 753 351 796 flumine
383 754 642 796 transeundo
678 770 798 811 spem
836 770 878 796 se
919 753 1115 795 fefellisse
1147 753 1470 803 intellexerunt,
1511 769 1651 810 neque

178 821 346 856 nostros
373 813 416 855 in
439 813 614 855 locum
606 812 861 869 miquiorem
890 812 1094 879 progredi
1123 812 1343 869 pugnandi
1371 828 1516 853 caussa
1537 812 1650 854 vide-

178 880 298 921 runt,
320 880 453 929 atque
473 872 586 929 ipsos
603 887 668 913 res
685 871 724 912 fr
729 879 924 913 umentar
928 872 966 912 ia
982 870 1162 912 (1011οο10
1180 871 1328 927 coepit,
1351 871 1533 913 concilio
1552 886 1651 912 con-

178 938 333 973 vocato
353 931 686 978 constituerunt,
717 930 930 996 optimum
949 946 1052 978 esse,
1089 929 1265 971 domum
1286 945 1406 971 suam
1435 945 1653 986 ouemque

178 990 354 1039 reverti,
376 997 441 1039 ut,
463 1005 652 1045 quorum
673 988 716 1030 111
738 988 838 1030 fines
856 988 1044 1046 primum
1062 987 1245 1030 Romani
1264 988 1502 1030 exercitum
1519 988 1654 1030 intro-

178 1047 412 1098 duxissent,
442 1048 497 1089 ad
515 1064 585 1090 eos
603 1046 886 1089 defendendos
908 1047 1097 1103 undique
1126 1047 1404 1089 convenirent
1435 1055 1478 1088 et
1508 1047 1655 1104 potius

178 1106 222 1149 in
254 1107 354 1173 suis,
393 1122 524 1164 quam
554 1107 598 1148 in
628 1105 789 1154 alienis,
836 1105 991 1147 finibus
1025 1106 1296 1147 decertarent
1335 1113 1379 1147 et
1415 1105 1657 1147 domesticis

180 1166 312 1222 copiis
341 1182 402 1208 101
433 1165 726 1207 frumentaliae
753 1164 1129 1206 ute1entu1nAd
1156 1180 1247 1205 eam
1281 1165 1533 1206 sententiam
1555 1179 1652 1205 cum

179 1224 355 1280 reliquis
372 1224 526 1266 caussis
541 1223 628 1266 haec
641 1239 817 1280 quoque
834 1223 944 1265 ratio
960 1239 1031 1265 eos
1046 1223 1239 1271 deduxit,
1254 1223 1370 1279 quod
1390 1222 1657 1265 Divitiacum

179 1290 312 1339 atque
342 1283 506 1324 AEduos
534 1281 691 1323 finibus
712 1282 1042 1324 Bellovacorum
1062 1281 1414 1339 adpropinquare
1445 1296 1657 1339 cognom-

182 1349 293 1383 rant.
359 1341 439 1383 His
457 1340 718 1398 per-suadffli,
738 1348 788 1381 ut
804 1340 966 1382 diutius
984 1349 1258 1382 m01a1entu1
1279 1356 1417 1397 neque
1438 1341 1522 1382 suis
1539 1340 1656 1382 auxi-

183 1399 290 1441 lium
307 1399 485 1448 fer·,1ent
504 1415 589 1441 non
611 1406 798 1456 poterat.

250 1459 314 1499 ll.
348 1458 413 1499 Ea
434 1474 480 1500 re
508 1458 758 1505 constituta,
780 1456 963 1499 secunda
981 1456 1129 1514 vigilia
1156 1472 1311 1513 magno
1341 1473 1439 1498 cum
1463 1457 1657 1523 ‘strepitu

184 1532 233 1558 ac
254 1516 449 1557 tumultu
469 1516 615 1557 castris
636 1516 807 1572 egressi,
829 1515 950 1556 nullo
970 1524 1089 1557 celto
1112 1515 1274 1563 ordine,
1294 1530 1362 1556 110
1350 1532 1432 1571 lue
1462 1531 1657 1572 impello,

186 1590 322 1631 quum
351 1574 431 1615 sibi
451 1574 632 1630 quisque
662 1589 714 1630 pl
718 1589 850 1614 imum
880 1573 1041 1614 itineris
1063 1573 1206 1614 locum
1228 1582 1396 1629 peteret
1422 1582 1465 1615 et
1483 1574 1659 1615 domum

183 1632 407 1690 pervenire
437 1639 709 1690 properaret,
732 1632 943 1679 fecerunt,
967 1639 1016 1672 ut
1045 1631 1272 1673 consimilis
1299 1632 1414 1688 fugae
1445 1633 1659 1688 profectio

184 1691 419 1733 videretur.
486 1690 581 1732 Hac
612 1705 658 1731 re
690 1690 835 1731 statim
867 1690 1010 1732 Caesar
1040 1705 1118 1747 per
1150 1690 1441 1746 speculatores
1471 1691 1661 1746 cognita,

184 1749 350 1791 insidias
367 1750 546 1798 veritus,
569 1748 701 1805 quod,
717 1764 803 1805 qua
821 1748 873 1790 de
895 1764 1041 1790 caussa
1056 1749 1336 1797 discederent,
1356 1746 1542 1790 nondum
1567 1765 1662 1806 per-

185 1816 399 1865 spexerat,
433 1808 670 1849 exercitum
698 1808 1032 1864 equitatumque
1060 1807 1208 1848 castris
1226 1807 1453 1849 continuit.
1519 1807 1664 1849 Prima

186 1867 297 1916 luce,
317 1865 569 1909 confirmata
590 1882 636 1908 re
654 1866 710 1907 ab
731 1866 1097 1924 exploratoribus,
1116 1881 1281 1907 omnem
1300 1866 1560 1922 equitatum,
1588 1866 1664 1923 qui

185 1926 459 1967 novissimum
489 1941 641 1982 agmen
670 1932 931 1973 moraretur,
955 1924 1172 1982 praemisit.
1239 1924 1319 1965 His
1342 1925 1395 1972 Q.
1423 1925 1602 1966 Pedium
1621 1932 1665 1966 et

190 1983 240 2025 L.
267 1984 613 2026 Αο1011001010111
649 1984 826 2025 Cottim
861 1983 1046 2040 Legatos
1075 1983 1282 2040 praelecit.
1345 1983 1395 2024 T.
1428 1982 1665 2024 Labienum

189 2042 401 2100 Legatum
423 2059 520 2084 cum
542 2042 784 2099 legionibus
804 2041 943 2083 tribus
971 2041 1174 2097 subsequi
1199 2058 1300 2107 jussi
1292 2049 1336 2082 t.
1403 2041 1463 2082 Hi
1493 2041 1666 2083 novissi-

186 2116 276 2143 mos
300 2101 441 2143 adolti
457 2109 500 2142 et
522 2101 661 2143 multa
688 2100 803 2142 milia
832 2116 1034 2158 passuum
1064 2100 1298 2157 prosecuti,
1329 2115 1526 2157 magnam
1556 2100 1666 2142 mul-

238 2196 330 2228 Levis
341 2202 463 2229 armat.
489 2197 662 2228 Numidas.
686 2195 738 2226 Cf.
752 2194 828 2226 Liv.
842 2197 896 2233 35,

1008 2195 1120 2235 Neque
1141 2196 1207 2226 subs·
1226 2204 1259 2226 α.
1275 2194 1305 2235 f.
1353 2194 1407 2224 Sic
1428 2195 1526 2225 codd.
1551 2199 1584 2225 et
1609 2195 1662 2225 ed.

194 2241 245 2270 ll.
268 2246 301 2271 et
313 2240 489 2272 Claudian.
507 2240 541 2270 b.
555 2239 647 2271 Gild.
664 2241 739 2270 435.
757 2250 827 2280 seq.

958 2244 1025 2269 vet.
1054 2239 1164 2279 Vulgo
1182 2249 1234 2269 πμ.
1259 2238 1291 2269 111
1308 2238 1426 2269 codice
1449 2238 1651 2270 Orteliinea

236 2285 700 2325 Afudaemssismedrepulm*ant.
714 2283 805 2314 Male
812 2293 893 2323 ergo
960 2282 1020 2312 Wa
1026 2293 1076 2313 sse
1089 2282 1226 2313 volebat
1240 2293 1281 2313 ne
1295 2293 1374 2323 qam..

489 462 647 505 Hostes
666 462 879 519 inpeditos
898 460 1034 503 nostri
1054 459 1097 502 in
1117 460 1289 503 flumine
1309 462 1416 519 adgl
1418 462 1510 511 essi,
1530 477 1649 519 mag-
1674 490 1679 497 ι

187 2328 278 2358 Plut.
293 2339 370 2369 cap.
395 2331 449 2360 20.
480 2327 564 2359 dicit
589 2328 719 2370 αἰσχρῶς
747 2328 893 2367 ἀγωνβα-

186 2370 294 2410 μένους.

239 2416 294 2453 Et,
309 2415 573 2456 quorum—Leg.
595 2421 642 2453 ut,
657 2425 808 2456 quorum.
842 2413 893 2445 M.

193 2458 315 2489 Saltem
332 2459 598 2490 subaudiendum
621 2464 657 2491 ut
672 2458 800 2500 judicat
823 2457 894 2488 Ou-

194 2503 291 2533 dend.
304 2502 362 2543 qui
378 2508 523 2534 veterem
538 2502 720 2533 lectionem
737 2501 893 2537 restituit,

193 2557 255 2587 pro
270 2556 337 2586 qua
353 2546 483 2576 Manut.
499 2552 531 2576 et
548 2547 687 2576 Hotom.
713 2551 895 2586 posuerant

191 2591 370 2620 ‹vna-enim.
415 2588 504 2620 Mihi
527 2589 718 2620 emendatio
737 2588 828 2620 Mori
845 2593 894 2620 sat

189 2639 267 2674 apta
282 2633 412 2664 videtur
425 2638 458 2663 et
470 2633 675 2674 recipienda.

245 2679 283 2709 Ut
293 2676 537 2718 potius—Leg.
547 2682 576 2707 et
588 2682 652 2717 pot.
678 2675 728 2707 M.

237 2721 281 2752 In
302 2722 428 2752 alienis.
452 2720 536 2751 bene
553 2719 754 2760 praepositio
772 2717 896 2760 repeti-

191 2771 257 2796 tur.
303 2764 357 2794 Sic
372 2764 473 2795 codd.
494 2769 527 2794 et
542 2764 617 2794 edd.
634 2768 701 2794 vet.
718 2768 751 2794 et
765 2774 846 2795 usus
867 2762 895 2794 is

191 2807 277 2840 alibi
293 2808 459 2848 frequens.

243 2854 347 2893 Copiis
359 2853 407 2883 rei
420 2851 529 2892 frum.
577 2849 724 2891 Respice
739 2850 779 2881 ad
798 2852 826 2889 1,
841 2851 895 2882 31.

243 2897 335 2927 Diva
437 2895 713 2936 culpropinquare.
757 2895 896 2926 Factum

193 2943 263 2970 erat
290 2950 391 2971 suasu
418 2944 452 2972 et
477 2939 611 2972 hortatu
638 2936 798 2977 Caesaris,
826 2937 896 2971 vid.

172 3025 174 3027 v
192 2992 270 3025 cap.
287 2987 320 3015 5.
344 2984 396 3016 M.

1006 2326 1148 2357 Insidias
1176 2328 1309 2358 *ve-ritus.
1348 2337 1388 2356 ex
1422 2326 1557 2357 inscitia
1580 2326 1662 2357 loci.

960 2368 1042 2407 Dio,
1060 2372 1112 2407 39,
1129 2374 1161 2400 9.

1000 2415 1064 2444 His
1078 2415 1116 2448 Q.
1135 2414 1285 2445 Pedium.
1305 2414 1351 2445 lta
1363 2415 1462 2445 codd.
1474 2414 1527 2444 vel
1541 2416 1589 2444 iis.
1604 2424 1663 2454 per

958 2457 1123 2498 egregiam
1137 2457 1322 2497 synthesin.
1352 2458 1445 2489 Male
1459 2458 1662 2489 recentiores

955 2506 1123 2532 mutarunt
1142 2500 1174 2531 in
1189 2503 1293 2542 eique.

1008 2547 1058 2576 Hi
1071 2547 1464 2586 710sissimus—ponerent.
1505 2545 1584 2575 Haec
1603 2555 1662 2585 pe-

958 2588 1075 2620 riodus
1092 2588 1125 2620 in
1141 2589 1254 2629 vulgg.
1267 2590 1342 2620 edd.
1354 2589 1386 2619 in
1400 2589 1482 2619 duas
1492 2588 1662 2629 discerpta

959 2638 992 2663 et
1016 2632 1109 2663 varie
1136 2633 1328 2672 perturbata
1356 2638 1417 2662 est.
1464 2631 1619 2662 Oudend.
1641 2644 1661 2663 0

960 2677 1059 2707 codd.
1087 2676 1244 2707 restituit.
1279 2678 1327 2706 M.
1394 2676 1457 2705 Sed
1495 2675 1565 2716 jam
1606 2677 1661 2706 ed.

961 2720 1106 2751 Mediol.
1118 2725 1151 2750 et
1165 2730 1235 2760 seq.
1251 2725 1317 2750 vet.
1334 2718 1380 2749 ita
1393 2719 1527 2749 habent.
1566 2720 1601 2750 In
1617 2719 1660 2751 iis

958 2775 1039 2795 mox
1049 2769 1099 2794 est
1113 2769 1145 2793 et
1155 2765 1350 2803 prioresque,
1365 2764 1457 2803 quod
1476 2762 1565 2794 Oud.
1582 2774 1663 2804 pro-

960 2808 1029 2841 bat.
1057 2812 1089 2837 et
1118 2817 1180 2846 ego
1210 2806 1356 2846 recipio.
1404 2807 1508 2837 Porro
1538 2807 1662 2838 habent

959 2861 1096 2893 quoque
1134 2856 1304 2891 ponerent,
1343 2851 1436 2890 quod
1479 2852 1601 2891 pendet
1641 2862 1661 2883 a

960 2905 1079 2937 quum,
1108 2904 1168 2934 pro
1195 2905 1263 2936 quo
1293 2893 1400 2926 Aldus
1424 2899 1457 2926 et
1483 2894 1543 2927 alii
1572 2895 1661 2927 male

958 2943 1150 2980 posuerunt.

1986 286 1987 289 „
1985 101 1992 249 Ἴτε-,Ὦτα
