1946 3261
187 233 273 279 415
645 234 729 278 DE
762 232 965 278 BELLO
998 226 1210 278 CIVILI.

185 361 312 405 armis
331 374 417 402 esse
435 357 577 418 jussit,
597 359 847 420 Regemque
866 361 1064 404 hortatus
1081 369 1159 411 est,
1180 368 1229 403 ut
1246 375 1299 403 ex
1314 359 1396 403 suis
1414 359 1670 411 necessariis,

183 436 289 478 quos
309 418 488 461 haberet
509 419 700 462 maximae
721 420 1010 470 auctoritatis,
1042 420 1209 477 legatos
1229 419 1285 461 ad
1308 419 1509 462 Achillan
1528 419 1670 462 mitte-

185 486 252 520 ret
284 485 344 527 et,
379 478 485 534 quid
518 487 626 521 esset
656 495 743 521 suae
765 480 1016 528 voluntatis,
1050 479 1309 521 ostenderet.
1373 479 1413 520 A
1435 494 1523 535 quo
1557 477 1671 520 missi

185 535 457 579 Dioscorides
478 544 522 579 et
546 538 774 595 Serapion,
795 538 870 594 qui
891 539 1018 580 ambo
1041 537 1176 596 legati
1196 537 1343 579 Romae
1364 537 1535 578 fuerant
1552 551 1669 594 mag-

182 609 368 651 namque
404 596 525 653 apud
558 605 726 653 patrem
762 596 1043 638 Ptolemaeum
1077 596 1384 638 auctoritatem
1411 595 1670 644 habuerant,

180 652 236 694 ad
261 652 459 696 Achillan
491 663 796 712 pervenerunt.
860 655 979 703 Quos
1015 654 1104 704 ille,
1141 670 1277 711 quum
1314 654 1357 696 in
1390 662 1667 711 conspectum

179 711 271 769 ejus
292 713 518 762 venissent,
542 713 675 771 prius,
699 729 830 771 quam
849 713 1036 763 audiret,
1057 722 1151 766 aut,
1173 714 1295 771 cujus
1313 714 1375 755 rei
1393 728 1538 755 caussa
1553 711 1669 754 missi

182 779 335 821 essent,
365 781 654 829 cognosceret,
684 772 850 830 conripi
877 788 926 814 ac
955 772 1140 815 interfici
1167 772 1313 829 jussit:
1349 787 1534 829 quorum
1555 770 1669 813 alter

184 837 364 887 accepto
381 831 562 873 vulnere
583 840 836 889 occupatus,
860 847 938 889 per
959 847 1054 873 suos
1073 846 1154 889 pro
1171 831 1308 873 occiso
1326 830 1538 879 sublatus,
1557 829 1670 871 alter

182 887 438 930 interfectus
458 899 536 931 est.
602 890 702 939 Quo
725 890 857 939 facto,
881 889 1050 947 Regem
1073 897 1123 931 ut
1148 889 1191 931 in
1211 905 1287 931 sua
1307 896 1522 946 potestate
1543 887 1671 929 habe-

181 955 266 989 ret.
330 947 473 990 Caesar
500 948 658 998 effecit,
692 964 979 1006 magnamque
1012 948 1201 1005 Regium
1233 963 1386 990 nomen
1421 945 1540 1005 apud
1572 961 1669 988 suos

181 1005 487 1048 auctoritatem
519 1006 679 1049 habere
714 1007 971 1056 existimans,
1005 1015 1049 1049 et
1087 1016 1137 1048 ut
1176 1006 1320 1064 potius
1360 1005 1534 1064 privato
1564 1020 1670 1062 pau-

183 1079 332 1106 corum
360 1072 403 1106 et
433 1065 668 1116 latronum,
699 1081 832 1123 quam
854 1065 993 1124 Regio
1014 1065 1206 1114 consilio,
1237 1072 1484 1123 susceptum
1504 1063 1669 1106 bellurn

183 1122 421 1164 videretur.

246 1182 340 1222 llO.
375 1181 514 1223 Erant
541 1197 639 1224 cum
662 1182 833 1225 Achilla
865 1183 1016 1241 copiae,
1052 1190 1102 1223 ut
1134 1197 1270 1238 neque
1303 1197 1497 1232 numero,
1531 1195 1668 1236 neque

183 1255 340 1297 genere
361 1238 598 1289 hominum,
630 1256 771 1298 neque
799 1257 877 1283 usu
911 1242 972 1284 rei
995 1241 1192 1283 militaris
1213 1240 1531 1282 contemnendae
1554 1238 1669 1280 vide-

182 1306 354 1341 rentur:
389 1297 507 1339 milia
527 1299 641 1341 enim
662 1300 819 1357 viginti
842 1300 885 1341 in
905 1300 1033 1341 armis
1054 1299 1257 1341 habebat.
1315 1298 1397 1340 Hae
1413 1298 1669 1340 constabant

183 1373 236 1398 ex
273 1355 524 1398 Gabinianis
556 1357 779 1408 militibus,
812 1359 887 1415 qui
915 1358 1002 1415 jam
1034 1357 1077 1399 in
1106 1356 1459 1399 consuetudinem
1483 1356 1670 1398 Alexan-

181 1414 329 1456 driane
361 1413 462 1457 vitae
493 1430 542 1457 ac
576 1415 760 1459 licentiae
792 1425 1016 1465 venerant,
1054 1425 1098 1457 et
1130 1431 1283 1458 nomen
1314 1415 1669 1473 disciplinamque

183 1473 342 1531 Populi
366 1472 551 1515 Romani
578 1473 876 1518 dedidicerant
909 1490 1151 1531 uxoresque
1172 1475 1403 1524 duxerant,
1438 1490 1491 1517 ex
1512 1473 1669 1530 quibus

181 1532 379 1589 plerique
400 1531 560 1575 liberos
580 1532 809 1576 habebant.
874 1533 976 1576 Huc
998 1533 1259 1576 accedebant
1280 1533 1464 1575 conlecti
1488 1548 1540 1574 ex
1561 1547 1669 1590 prae-

180 1590 365 1633 donibus
397 1590 726 1649 latronibusque
761 1593 898 1651 Syriae
924 1592 1170 1650 Ciliciaeque
1202 1592 1433 1649 provinciae
1453 1590 1668 1633 finituma·

182 1664 365 1705 rumque
395 1649 634 1706 regionum.
704 1651 840 1692 Multi
863 1660 1073 1709 praeterea
1095 1651 1249 1709 capitis
1276 1650 1464 1693 damnati
1485 1649 1668 1692 exsules-

180 1722 267 1764 que
302 1716 610 1750 convenerant:
657 1708 943 1766 fugitivisque
981 1709 1178 1752 omnibus
1216 1710 1370 1751 nostris
1399 1717 1541 1751 certus
1574 1715 1669 1749 erat

182 1764 454 1807 Alexandriae
474 1775 676 1824 receptus
697 1776 903 1824 certaque
924 1768 1023 1811 vitae
1045 1767 1252 1816 conditio,
1275 1776 1340 1815 ut,
1362 1767 1465 1809 dato
1482 1766 1667 1815 nomine,

181 1823 371 1866 militum
401 1832 540 1866 essent
571 1841 770 1868 numero:
816 1842 1003 1883 quorum
1036 1827 1068 1868 si
1103 1826 1199 1883 quis
1227 1842 1251 1868 a
1282 1825 1453 1868 domino
1487 1824 1669 1883 prehen-

181 1882 376 1931 deretur,
397 1898 607 1926 concursu
626 1885 813 1927 militum
833 1885 1118 1944 eripiebatur,
1142 1886 1217 1941 qui
1234 1885 1322 1926 vim
1340 1899 1531 1933 suorum,
1550 1883 1668 1942 quod

235 2011 279 2041 In
305 2016 524 2054 conspectum.
570 2011 677 2043 Codd.
707 2018 741 2044 et
771 2012 827 2044 hic
857 2015 893 2044 in

187 2060 371 2095 conspectu.
420 2056 461 2085 V.
478 2061 548 2087 not.
565 2057 606 2087 ad
624 2060 655 2094 2,
673 2058 724 2087 27.

1007 2014 1252 2055 Mrrqnamque.
1284 2012 1472 2044 Delendum
1485 2025 1558 2055 que,
1574 2016 1666 2056 quod

958 2057 1029 2098 jam
1057 2057 1119 2088 alii
1146 2057 1342 2088 omiserunt.
1369 2058 1418 2088 M.
1465 2058 1616 2090 Jurinius
1637 2064 1667 2091 et

236 2099 326 2129 Alter
365 2105 492 2140 accepto
532 2101 669 2131 vulnere
705 2105 893 2141 occupatae,

185 2151 312 2181 perque
329 2142 391 2180 (sic
411 2143 473 2183 leg.
492 2149 575 2184 puto
593 2155 654 2184 pro
669 2146 744 2185 pm)
761 2155 835 2175 suos
849 2161 893 2166 —-

188 2185 338 2216 sublatas
354 2191 412 2217 est.
456 2187 544 2224 Ergo
573 2193 747 2228 occupante
773 2193 802 2219 et
818 2189 895 2218 sub-

189 2229 281 2259 latus
296 2234 342 2260 est
358 2230 410 2260 vel
428 2229 607 2270 significat,
627 2231 725 2263 citius
743 2231 893 2263 sublatus

189 2277 251 2309 est,
266 2282 370 2312 quam
387 2281 502 2313 posset
519 2273 680 2313 interfici3
704 2276 755 2306 vel
773 2276 895 2317 adrep-

189 2320 242 2345 tus
258 2322 291 2346 et
315 2327 340 2347 s.
359 2322 419 2347 est.
465 2317 535 2348 Alii
562 2320 697 2350 vulnere
717 2326 895 2360 occupatus

190 2360 433 2400 conjunxerunt
456 2366 501 2398 et,
523 2361 602 2402 quia
626 2362 690 2393 hoc
717 2363 804 2394 nihil
821 2374 893 2394 esse

190 2402 366 2441 videbant,
393 2411 622 2442 conexerunt,
645 2412 681 2436 ut
705 2407 894 2439 Gronovius

192 2445 279 2478 Obs.
296 2450 328 2486 4,
352 2450 383 2485 8,
408 2446 468 2490 qui
492 2451 612 2489 sopitus
640 2460 702 2490 pro
719 2457 895 2492 occupatus

191 2490 259 2530 legi
284 2490 407 2523 voluit.
455 2492 505 2522 De
530 2502 563 2523 re
585 2492 629 2523 cf.
648 2493 713 2523 Dio
730 2494 822 2525 Cass.
840 2497 894 2533 42,

194 2536 233 2564 37
252 2546 322 2576 sqq.
342 2537 391 2567 M.
436 2535 553 2566 Davis.
570 2536 706 2567 volebat
721 2539 894 2578 olimpium.

192 2578 353 2610 Gronovii
363 2579 563 2620 conjecturae
576 2580 705 2621 plaudit
717 2581 894 2613 Collarius.

194 2621 349 2654 Jurinius
380 2623 445 2663 legi
471 2622 569 2664 jubet
600 2626 742 2665 occipiti-5
770 2631 802 2655 et
834 2636 894 2666 pro

190 2667 343 2698 sublatus
353 2667 410 2698 dat
417 2669 594 2708 supinatus
604 2668 658 2699 vel
671 2671 841 2709 resupinat
846 2681 895 2708 us,

191 2708 269 2739 dein
283 2711 445 2742 sublatus.

194 2794 202 2800 ¹
241 2753 284 2783 In
296 2764 356 2785 sua
369 2759 524 2795 potes-tare
536 2755 683 2786 haberet.
706 2756 895 2788 Palmcrius

193 2805 228 2825 ln
246 2796 361 2836 spicil.
382 2798 415 2828 in
434 2798 527 2830 Grut.
543 2799 644 2839 lamp.
673 2806 696 2830 1.
714 2802 743 2830 4.
770 2811 803 2840 p.
821 2802 894 2831 806.

194 2844 289 2870 notat
304 2840 337 2871 in
350 2841 447 2873 libris
457 2842 660 2883 quibusdam
671 2843 739 2884 legi
754 2846 896 2875 insuam

190 2887 382 2923 potestatem,
409 2891 443 2917 ct
474 2886 559 2917 hanc
587 2886 721 2917 dicendi
752 2887 892 2918 formam

195 2935 397 2970 propugnat.
443 2929 577 2964 videsis
590 2936 661 2965 not.
678 2931 722 2965 ad
737 2932 776 2964 C.
797 2933 826 2970 l,
840 2934 893 2963 25-

961 2111 1139 2139 mmmmm.

1009 2146 1052 2175 El
1070 2150 1104 2176 ιιι
1119 2149 1185 2186 pret.
1235 2144 1420 2176 Dolendum
1435 2152 1479 2176 et.
1497 2147 1547 2176 ΙΙΙ.
1578 2146 1667 2177 Oud.

963 2195 1085 2230 pugnat
1100 2199 1159 2229 pro
1174 2189 1411 2230 conjunctione
1428 2195 1576 2231 utraque,
1587 2190 1666 2231 quia

964 2233 1010 2263 sic
1043 2233 1118 2264 duae
1150 2233 1294 2265 rationes
1325 2233 1567 2274 exprimuntur,
1605 2244 1667 2265 cur

964 2277 1057 2313 Rem!
1074 2277 1274 2317 potiundum
1295 2277 1417 2316 putarit
1431 2278 1556 2308 Caesar.

1010 2322 1088 2351 Hm.
1135 2320 1206 2352 Alii
1228 2321 1276 2351 Hi
1300 2331 1360 2361 per
1376 2321 1563 2361 synthesin.
1580 2331 1666 2353 non·

961 2364 1045 2396 nulli
1066 2366 1158 2396 Hoet‘.

1011 2410 1196 2440 Gabiniani
1211 2409 1342 2440 milites.
1378 2408 1478 2441 Conf.
1496 2419 1574 2450 cap.
1593 2409 1665 2440 103.

963 2453 1013 2483 M.

1015 2498 1201 2537 Famrmque
1230 2496 1409 2528 ‘Im-erant.
1454 2496 1579 2528 Contra
1602 2495 1667 2527 mi·

960 2538 1044 2570 litiae
1062 2540 1225 2570 Romanae
1241 2550 1382 2571 morem.
1411 2540 1479 2571 vid.
1505 2540 1601 2581 Lips.
1621 2540 1665 2571 de

962 2584 1036 2614 mil.
1057 2584 1156 2614 Rom.
1174 2588 1204 2620 5,
1225 2586 1273 2614 18.

1009 2628 1288 2658 ΡΓρΙιιίιιίεη-ρὴιν.
1329 2626 1422 2657 Leid.
1451 2630 1478 2658 l.
1499 2637 1666 2670 premere-

963 2676 1031 2701 tur.
1065 2671 1139 2701 inde
1171 2672 1276 2702 Bentl.
1301 2672 1512 2712 plecteretur.
1535 2672 1664 2707 frustra,

962 2714 1050 2745 benc
1066 2726 1100 2745 se
1115 2714 1215 2745 habet
1231 2715 1322 2753 vulg.

1015 2759 1088 2789 sim
1102 2768 1249 2796 suorum,
1272 2758 1339 2789 vim
1362 2757 1433 2788 suis
1450 2758 1586 2790 illatam.
1613 2758 1662 2788 M.

963 2802 1114 2833 Passive.
1171 2801 1226 2833 Sic
1257 2808 1289 2833 et
1320 2802 1359 2832 G.
1395 2803 1424 2839 l,
1454 2804 1507 2833 20.
1534 2803 1663 2842 injuria

965 2846 1167 2887 Reipublicoe
1189 2852 1222 2876 et
1246 2856 1277 2876 c.
1293 2848 1346 2878 30.
1368 2846 1496 2885 injuria
1513 2847 1554 2877 P.
1571 2846 1612 2876 R.
1632 2846 1663 2883 7,

964 2891 1017 2922 38.
1031 2900 1111 2924 suas
1126 2892 1282 2932 injurias.
1327 2890 1376 2922 lta
1391 2893 1424 2921 et
1439 2887 1513 2921 Liv.
1530 2892 1562 2927 2,
1577 2893 1630 2922 55.
