1992 3271
255 213 286 259 8
667 211 750 256 DE
782 207 984 254 BELLO
1018 206 1310 251 GALLICO.

259 338 517 384 Rhodanum
538 337 694 387 influit,
717 337 771 380 ad
792 345 980 380 montem
993 336 1022 378 J
1027 351 1164 384 uram,
1195 334 1271 393 qui
1292 333 1394 389 fines
1425 333 1727 392 Sequanorum

257 399 315 441 ab
337 398 547 440 Helvetiis
567 397 737 445 dividit,
758 397 893 438 millia
915 410 1116 454 passuum
1136 394 1281 435 decem
1301 392 1455 450 novem
1472 407 1661 440 murum,
1684 389 1726 432 in

258 457 530 498 altitudinem
546 455 703 512 pedum
714 455 891 497 sedecim
902 456 1140 511 fossamque
1155 451 1368 510 perducit.
1408 450 1473 492 Eo
1488 466 1618 507 opere
1633 464 1729 507 per-

257 515 388 562 fecto,
409 513 606 571 praesidia
625 513 830 572 disponit,
857 512 1029 555 castella
1047 510 1297 559 communit,
1321 525 1409 567 quo
1430 508 1611 557 facilius,
1632 508 1665 549 si
1686 522 1729 548 se

257 572 395 614 invito
430 572 611 614 transire
644 580 916 621 conarentur,
952 569 1182 629 prohibere
1214 568 1363 627 possit.
1427 567 1519 609 Ubi
1547 581 1597 608 ea
1623 563 1728 614 dies,

257 645 389 687 quam
406 630 687 673 constituerat
711 647 808 672 cum
826 630 994 688 legatis,
1016 628 1148 676 venit,
1178 637 1222 669 et
1243 627 1374 685 legati
1399 625 1452 667 ad
1472 640 1570 667 eum
1587 639 1727 666 rever-

256 696 421 738 terunt,
451 697 596 746 negat,
634 697 662 715 ‘⁶
681 705 723 731 se
746 704 865 731 more
894 697 937 730 et
969 686 1166 744 exemplo
1199 685 1358 743 Populi
1393 683 1576 726 Romani
1606 697 1729 740 posse

257 753 287 772 “
310 746 394 788 iter
426 746 505 788 ulli
543 763 622 805 per
646 747 916 789 Provinciam
933 746 1055 792 dare;
1089 753 1149 793 et,
1178 745 1212 786 si
1233 745 1321 786 vim
1342 743 1480 785 facere
1501 750 1727 789 conentur,

257 811 287 830 ‘⁶
311 804 663 862 prohibitu1·um”
686 805 884 848 ostendit.
950 803 1158 852 Helvetii,
1188 818 1237 844 ea
1253 818 1328 860 spe
1347 800 1516 858 dejecti,
1547 798 1728 841 navibus

249 862 411 920 junctis
428 863 681 920 ratibusque
702 862 1000 919 compluribus
1022 861 1160 909 factis,
1181 860 1254 902 alii
1275 860 1392 901 vadis
1410 858 1624 906 Rhodani,
1642 872 1730 914 qua.

254 920 430 962 minima
450 921 637 963 altitudo
660 920 843 962 fluminis
872 928 981 968 erat,
1009 933 1318 975 nonnunquam
1347 917 1550 964 interdiu,
1573 915 1727 973 saepius

254 987 403 1027 noctu,
426 978 459 1020 si
482 994 765 1036 perrumpere
783 986 970 1035 possent,
988 977 1145 1026 conati,
1169 976 1311 1034 operis
1331 974 1569 1017 munitione
1591 983 1634 1015 et
1651 973 1728 1015 mi-

253 1037 382 1079 litum
401 1052 609 1078 concursu
628 1046 672 1079 et
689 1037 784 1078 telis
805 1036 984 1094 repulsi,
1006 1036 1085 1077 hoc
1103 1044 1259 1078 conatu
1281 1034 1554 1076 destiterunt.

314 1095 355 1136 9.
388 1094 736 1152 Relinquebatur
773 1110 857 1136 una
886 1110 965 1152 per
995 1095 1216 1151 Sequanos
1253 1093 1338 1142 via,
1373 1108 1474 1150 qua,
1521 1088 1730 1147 Sequanis

253 1151 415 1202 invitis,
446 1162 631 1211 propter
660 1153 877 1210 angustias
906 1153 967 1194 ire
996 1167 1081 1194 non
1111 1160 1328 1210 poterant.
1395 1150 1476 1192 His
1497 1164 1633 1206 quum
1654 1162 1731 1189 sua

253 1219 408 1268 sponte
450 1211 707 1269 persuadere
756 1227 841 1253 non
887 1219 1074 1269 possent,
1118 1211 1282 1268 legatos
1320 1208 1374 1251 ad
1413 1206 1731 1263 Dumnorigem

256 1269 449 1311 AEduum
466 1269 664 1319 mittunt,
699 1278 749 1311 ut
776 1285 826 1311 eo
855 1269 1134 1326 deprecatore
1156 1285 1180 1309 a
1211 1267 1421 1324 Sequanis
1445 1266 1728 1322 inpetrarent.

256 1327 505 1370 Dumnorix
526 1328 666 1385 gratia
687 1335 730 1369 et
751 1327 980 1384 largitione
1005 1327 1121 1384 apud
1146 1327 1367 1382 Sequanos
1390 1323 1628 1381 plurimum
1655 1338 1732 1379 po-

254 1393 384 1433 terat,
407 1394 450 1427 et
476 1385 688 1427 Helvetiis
713 1393 806 1426 erat
827 1385 1001 1433 amicus,
1025 1385 1143 1441 quod
1167 1399 1219 1425 ex
1236 1399 1284 1424 ea
1306 1382 1480 1424 civitate
1504 1380 1730 1438 Orgetori-

254 1443 319 1499 gis
340 1442 472 1484 filiam
494 1443 537 1484 in
556 1442 876 1484 matrimonium
897 1443 1094 1490 duxerat,
1113 1451 1157 1484 et
1178 1441 1416 1499 cupiditate
1435 1439 1556 1496 regni
1574 1438 1729 1481 adduc-

253 1509 324 1542 tus
353 1500 473 1542 novis
500 1500 628 1541 rebus
657 1500 858 1542 studebat
884 1509 927 1542 et
957 1516 1085 1557 quam
1109 1500 1317 1558 plurimas
1337 1498 1532 1540 civitates
1551 1513 1628 1539 suo
1648 1496 1730 1538 sibi

252 1558 460 1600 beneficio
482 1557 639 1599 habere
657 1557 887 1600 obstrictas
908 1558 1098 1600 volebat.
1163 1557 1317 1614 Itaque
1334 1573 1424 1598 rem
1446 1555 1625 1612 suscipit
1645 1564 1688 1597 et
1705 1571 1730 1596 a

257 1616 468 1673 Sequanis
490 1617 696 1672 inpetrat,
729 1623 780 1656 ut
803 1632 881 1675 per
910 1615 1011 1658 fines
1032 1633 1129 1658 suos
1154 1615 1378 1657 Helvetios
1399 1615 1461 1655 ire
1490 1614 1729 1671 patiantur,

253 1674 507 1730 obsidesque
536 1674 602 1714 uti
633 1673 744 1714 inter
773 1690 858 1715 sese
879 1674 997 1723 dent,
1028 1673 1221 1731 perficit:
1267 1671 1472 1730 Sequani,
1503 1687 1553 1713 ne
1578 1671 1730 1713 itinere

256 1731 484 1774 Helvetios
517 1730 802 1790 prohibeant3
841 1732 1050 1781 Helvetii,
1084 1741 1134 1775 ut
1161 1732 1249 1774 sine
1281 1729 1489 1773 maleficio
1510 1737 1553 1771 et
1575 1729 1732 1787 injuria

250 1797 485 1833 transeant.

254 1890 399 1927 unqu-sla
411 1887 465 1916 via
484 1889 566 1921 erat,
584 1885 772 1916 Rhodanus
786 1884 960 1916 deflueret.

254 1930 317 1960 Est
347 1928 404 1960 illa
432 1929 567 1960 omnino
596 1930 730 1970 dg'ffim'lss
764 1930 828 1967 via,
862 1929 958 1969 cujus

253 1971 381 2003 mentio
404 1972 440 2003 fit
456 1983 486 2003 c.
513 1975 544 2006 6.
570 1983 635 2013 qua
660 1974 714 2003 rix
737 1974 961 2012 sinqulicami

253 2017 547 2056 duceremurquod
559 2017 610 2046 vel
622 2015 688 2046 vici
698 2026 818 2046 nomen
830 2017 960 2052 clausor,

256 2060 309 2091 La
323 2061 418 2091 Cluse
428 2060 529 2090 hodio
542 2059 636 2098 dicti,
650 2059 729 2090 satis
741 2059 875 2089 indicat.
899 2061 961 2090 Ita-

253 2113 320 2143 que
336 2113 399 2133 non
416 2113 554 2134 necesse
570 2109 632 2141 est,
649 2109 684 2133 ut
700 2113 730 2133 c.
748 2105 778 2133 6.
796 2114 854 2143 pro
873 2104 961 2134 Rho-

255 2147 343 2177 dano
370 2152 510 2187 ponatur
536 2147 681 2184 Rhenus,
706 2146 763 2187 qui
785 2147 827 2177 ad
842 2147 959 2177 Juram

254 2198 418 2230 nusquam
449 2190 602 2230 pertinet,
628 2200 734 2231 neque
759 2195 809 2221 est
834 2201 959 2222 caussae

255 2231 451 2274 quidquam,
476 2238 512 2263 ut
535 2233 600 2263 hoc
625 2243 700 2274 cap.
724 2234 874 2265 deleatur
897 2245 962 2265 vox

256 2277 358 2314 Jura,
373 2286 414 2306 eo
429 2275 518 2306 enim
533 2276 667 2307 nomine
687 2276 737 2307 cis
759 2277 961 2308 Rhodanum

256 2330 390 2360 quoque
413 2330 509 2350 mons
533 2319 646 2351 vocari
671 2320 791 2361 potuit,
824 2320 961 2352 flumine

256 2362 397 2394 divisus.
443 2363 478 2394 Si
494 2363 549 2394 cui
566 2364 637 2394 haec
653 2374 717 2394 non
734 2364 877 2404 placent,
887 2376 962 2397 mea

256 2417 342 2448 pace
358 2406 538 2438 consilium
552 2407 643 2438 Mori
659 2413 827 2448 sequatur.

304 2452 426 2482 Decem.
440 2461 563 2483 norem.
597 2450 710 2481 Nimia
725 2456 775 2482 est
791 2451 861 2481 ha‘c
873 2452 961 2483 muri

258 2493 446 2535 longitudo.
492 2495 582 2535 Ergo
607 2500 696 2525 recte
720 2494 850 2525 monuit
878 2495 962 2526 Vos-

259 2537 341 2576 sius,
365 2542 424 2568 aut
445 2538 564 2575 decem,
577 2544 636 2568 aut
649 2548 762 2569 not-em
784 2538 962 2579 legendum

257 2591 344 2619 esse,
374 2591 439 2612 non
468 2581 672 2622 conjunctim
700 2583 808 2612 decem
836 2592 962 2613 not-em.

259 2624 421 2656 Probavit
444 2625 529 2656 hanc
560 2624 756 2656 sententiam
784 2624 960 2664 Cellarius,

257 2666 415 2708 idemque
428 2668 539 2699 visum
562 2679 636 2699 esse
651 2668 810 2699 Cluverio
833 2668 961 2708 (Germ.

256 2716 324 2741 ant.
349 2714 380 2746 2,
403 2712 452 2749 4.)
476 2712 631 2743 ostendit.
678 2711 838 2743 Probavit
860 2712 962 2743 etiam

260 2753 431 2792 Davisius,
453 2755 532 2796 quia
558 2755 590 2786 in
614 2755 707 2786 Julio
730 2755 843 2793 Celso,
858 2765 891 2796 p.
909 2758 964 2794 2l,

256 2802 310 2828 est
331 2798 449 2836 decem,
472 2798 544 2830 sine
560 2800 619 2830 illo
647 2810 761 2831 novem
785 2800 833 2830 M.
886 2800 961 2830 Hoc

256 2851 336 2882 ergo
360 2842 548 2873 delendum.
581 2843 737 2874 efidicta
758 2843 800 2874 ad
825 2843 859 2874 h.
880 2843 903 2874 l.
930 2843 962 2874 in

257 2883 435 2916 Mantissa.

306 2929 480 2960 Prohibere
486 2931 592 2970 possit.
617 2931 728 2973 Vulgo
739 2936 854 2963 contra
865 2931 962 2962 codd.

257 2970 382 3013 legitur
389 2974 554 3013 prohiberi
561 2981 700 3014 possent.
724 2976 773 3006 M.

305 3016 398 3049 More
419 3022 450 3051 et
468 3019 623 3060 exemplo.
667 3017 722 3051 Sic
746 3018 854 3053 Tacit.
876 3019 923 3052 H.
938 3019 961 3053 1.

1033 1887 1084 1919 18.
1107 1896 1194 1917 more
1221 1885 1266 1916 D.
1286 1885 1425 1925 Auqusti
1441 1889 1471 1915 et
1489 1884 1632 1924 exemplo
1645 1884 1736 1914 mili-

1024 1932 1101 1961 tari.
1146 1929 1237 1961 Male
1254 1929 1392 1960 Ilotom.
1408 1933 1521 1958 nostro
1538 1928 1614 1958 loeo
1638 1926 1731 1958 addit

1023 1975 1162 2014 injussu.

1073 2017 1227 2048 Ostendit.
1252 2014 1461 2057 significavit.
1494 2013 1547 2046 Sic
1569 2020 1603 2045 et
1618 2024 1648 2045 c.
1676 2015 1726 2052 19,

1026 2066 1059 2091 et
1073 2060 1111 2091 C.
1133 2063 1160 2097 Ι,
1177 2063 1207 2090 6.
1224 2059 1303 2090 item
1320 2058 1455 2090 Terent.
1479 2059 1566 2089 Eun.
1582 2063 1613 2097 5,
1625 2060 1657 2097 9,
1675 2059 1728 2088 59.

1074 2105 1220 2135 Naribus
1234 2104 1433 2144 ratibusque,
1455 2103 1513 2133 alii
1526 2103 1627 2133 radas.
1672 2100 1728 2132 Sic

1028 2147 1141 2178 Davis.
1166 2153 1199 2177 et
1227 2147 1445 2187 Oudendorp.
1466 2156 1485 2176 e
1513 2146 1612 2176 codd.
1664 2144 1729 2175 Sed

1025 2192 1100 2221 edd.
1116 2191 1228 2228 vulgg.
1246 2197 1321 2232 post
1345 2191 1593 2220 Hotomannum
1614 2199 1729 2228 coepe-

1028 2240 1101 2265 runt
1115 2235 1289 2273 exhibere,
1306 2234 1442 2265 naz-ibus
1456 2233 1645 2273 ratibusque
1659 2233 1729 2269 alii,

1027 2279 1085 2309 alii
1097 2279 1199 2316 radis,
1215 2278 1268 2309 bis
1284 2277 1394 2318 posito
1408 2276 1511 2307 verbo
1527 2278 1595 2307 alii.
1642 2274 1728 2306 Cum

1024 2327 1137 2352 autem
1165 2328 1197 2352 et
1225 2321 1307 2353 alibi
1333 2321 1439 2351 soleat
1459 2321 1545 2350 alius
1571 2319 1728 2349 alterutro

1027 2366 1104 2395 loco
1120 2365 1244 2402 omitti,
1260 2364 1318 2395 ubi
1334 2364 1388 2394 bis
1404 2363 1594 2404 ponendum
1604 2367 1685 2399 erat,
1696 2367 1730 2393 et

1028 2409 1060 2439 in
1081 2409 1179 2439 codd.
1208 2409 1242 2439 h.
1260 2409 1281 2438 l.
1307 2407 1488 2445 omittatur,
1514 2411 1602 2437 recte
1619 2404 1731 2437 subla-

1026 2460 1097 2483 tum
1127 2457 1188 2483 est.
1229 2451 1306 2482 Jam
1331 2451 1461 2482 dixerat
1489 2450 1554 2480 hoc
1585 2450 1730 2481 Gronov.

1025 2497 1067 2526 ad
1086 2495 1157 2526 Liv.
1174 2499 1204 2533 3,
1221 2496 1272 2527 37.
1288 2495 1339 2526 M.
1384 2494 1437 2524 Cf.
1452 2499 1564 2524 notata
1577 2494 1618 2524 ad
1631 2494 1662 2531 3,
1678 2495 1731 2531 21,

1026 2545 1059 2569 et
1075 2543 1128 2571 25.

1074 2585 1287 2624 ›Si—possent.
1331 2580 1463 2612 Terent.
1493 2577 1623 2611 Heaut.'
1641 2581 1670 2617 1,
1702 2579 1732 2618 l,

1033 2628 1105 2658 118.
1120 2629 1234 2665 visam,
1250 2628 1278 2656 si
1290 2625 1378 2656 ‹lorm'
1389 2630 1445 2656 est.

1075 2671 1185 2712 Operis
1197 2671 1387 2701 munitione.
1410 2665 1569 2708 Intelligit
1582 2676 1732 2706 murum,

1029 2713 1152 2745 fossam
1182 2719 1215 2744 et
1243 2713 1392 2751 castella,
1418 2713 1460 2743 de
1477 2710 1602 2753 quibus
1626 2709 1730 2752 paulo

1028 2763 1102 2788 ante
1118 2758 1257 2788 dixerat.
1273 2757 1324 2788 M.

1074 2803 1299 2842 Deprecamre.
1346 2797 1544 2840 Praepositio
1572 2797 1661 2828 valet
1687 2796 1729 2827 ad

1029 2845 1217 2885 augendum
1233 2850 1317 2875 teste
1333 2843 1456 2880 Gellio,
1472 2844 1502 2880 6,
1524 2843 1574 2872 16.

1076 2889 1296 2929 Inpetrarent.
1349 2887 1459 2927 Vulgo
1492 2886 1550 2916 hoc
1584 2886 1726 2925 inpetra-

1028 2937 1100 2963 rent
1123 2938 1237 2963 contra
1258 2930 1406 2963 codices.
1435 2928 1487 2961 Cf.
1503 2938 1533 2959 c.
1551 2932 1603 2960 35.
1620 2931 1650 2967 5,
1673 2929 1726 2959 36.

1027 2978 1058 3015 6,
1083 2980 1113 3006 2.

1076 3020 1183 3062 Orqet.
1212 3018 1485 3061 filiamduxerat.
1507 3015 1560 3049 Cf.
1575 3025 1605 3049 c.
1623 3019 1652 3049 3.
1677 3015 1729 3048 M.

1966 2725 1971 2788 ξ

1966 2790 1972 2936 i

1968 2939 1970 2949 ι

1967 2967 1970 2976 ι

1966 2989 1970 3000 n
