1992 3271
652 228 782 279 ,LIB.
817 226 853 271 Ι.
916 227 1053 271 CAP.
1091 226 1273 271 19—21.
1656 222 1706 265 15

234 353 381 398 vocari
412 355 539 414 jubet
575 363 635 405 et,
672 355 933 414 quotidianis
969 353 1281 410 interpretibus
1316 349 1505 398 remotis,
1542 364 1622 407 per
1653 349 1706 390 C.

237 413 462 457 Valerium
485 415 737 465 Procillum,
752 414 992 473 principem
1012 412 1166 453 Galliae
1188 410 1436 468 provinciae,
1458 408 1712 451 familiarem

235 489 376 523 suum,
410 475 483 515 cui
509 489 716 516 summam
751 473 938 516 omnium
972 486 1118 512 rerum
1150 468 1275 511 fidem
1304 469 1507 517 habebat,
1540 482 1639 509 cum
1660 482 1711 508 eo

237 532 540 589 conloquitur:
574 532 701 574 simul
721 529 1062 576 commonefacit,
1085 544 1182 585 quae
1204 528 1297 584 ipso
1321 535 1528 583 praesente
1548 526 1591 568 in
1613 540 1711 567 con-

237 590 337 632 cilio
373 590 603 632 Gallorum
633 590 686 631 de
723 588 994 646 Dumnorige
1024 587 1109 629 sint
1139 586 1270 633 dicta,
1305 593 1347 626 et
1384 585 1585 633 ostendit,
1615 599 1713 641 quae

236 648 470 705 separatim
502 648 686 705 quisque
717 648 769 690 de
800 665 849 690 eo
882 646 1001 705 apud
1027 661 1069 687 se
1097 644 1274 687 dixerit:
1317 643 1429 700 petit
1456 652 1586 699 atque
1615 642 1714 684 hor-

238 715 375 756 tatur,
409 715 460 749 ut
491 707 579 748 sine
613 707 703 764 ejus
733 706 981 749 obsensione
1014 703 1144 746 animi
1174 702 1243 745 vel
1271 702 1362 759 ipse
1395 700 1447 742 de
1471 716 1536 749 eo,
1571 716 1716 743 caussa
1758 734 1763 737 .

238 765 429 822 cognita,
451 762 723 813 statuat,'vel
744 765 963 807 civitatem
984 772 1173 806 statuere
1196 761 1362 818 jubeat.

319 824 390 866 20.
439 823 682 866 Divitiacus
738 825 886 866 multis
940 838 1038 865 cum
1089 820 1290 868 lacrimis,
1342 819 1555 860 Caesarem
1604 833 1715 860 com-

241 881 410 939 plexus,
445 883 669 926 obsecrare
698 883 847 940 coepit,
885 890 912 908 ‘⁶
932 898 983 924 ne
1013 880 1117 938 quid
1148 878 1322 936 gravius
1352 877 1396 919 in
1429 877 1609 918 fratrem
1635 885 1716 919 sta-

243 947 273 966 “
297 950 465 984 tueret:
509 941 615 983 scire
643 957 701 991 se,
725 942 799 983 illa
824 958 910 983 esse
927 956 1045 988 vera,
1080 954 1156 980 nec
1179 952 1441 996 quemquam
1459 951 1511 976 ex
1531 950 1581 977 eo
1603 934 1717 992 plus,

243 1006 274 1025 ‘⁶
299 1017 430 1058 quam
450 1017 508 1050 se,
530 1000 692 1043 doloris
714 1016 882 1058 capere,
898 1008 1135 1058 propterea
1155 996 1289 1055 quod,
1309 1010 1444 1052 quum
1467 994 1557 1051 ipse
1579 993 1722 1050 gratia

243 1064 273 1084 “
298 1059 538 1118 plurimum
574 1059 690 1102 domi
726 1068 859 1117 atque
900 1060 943 1100 in
981 1057 1150 1114 reliqua
1191 1054 1350 1103 Gallia,
1389 1053 1462 1094 ille
1496 1052 1722 1094 minimum

244 1124 274 1144 ‘⁶
299 1127 484 1176 propter
519 1118 848 1160 adolescentiam
889 1126 1048 1174 posset,
1088 1130 1167 1173 per
1203 1130 1246 1156 se
1286 1112 1512 1155 crevisset:
1561 1110 1722 1168 quibus

247 1183 276 1202 ‘⁶
300 1177 458 1235 opibus
490 1193 540 1219 ac
572 1177 714 1219 nervis
746 1193 832 1220 non
859 1177 999 1219 solum
1032 1175 1086 1217 ad
1115 1172 1387 1216 minuendam
1420 1169 1622 1228 gratiam,
1652 1169 1726 1211 sed

245 1242 275 1261 “
299 1251 420 1293 paene
453 1236 508 1278 ad
541 1236 774 1293 perniciem
802 1252 923 1278 suam
952 1242 1176 1279 uteretur;
1211 1247 1297 1273 sese
1331 1240 1474 1272 tamen
1502 1238 1546 1270 et
1579 1244 1724 1271 amore

246 1301 275 1319 ‘⁴
299 1295 490 1337 fraterno
511 1302 555 1334 et
575 1292 890 1334 existimatione
908 1290 1031 1348 vulgi
1065 1288 1341 1333 commoveri.
1407 1288 1536 1337 Quod
1564 1287 1598 1329 si
1621 1286 1726 1344 quid

247 1359 276 1378 ‘⁶
296 1352 335 1394 ei
356 1368 380 1393 a
402 1352 572 1393 Caesare
599 1350 774 1407 gravius
802 1349 1037 1399 accidisset,
1067 1363 1203 1405 quum
1224 1348 1315 1404 ipse
1340 1362 1438 1388 eum
1459 1346 1603 1388 locum
1623 1345 1725 1387 ami-

249 1418 279 1437 “
301 1411 413 1452 citiae
441 1409 560 1466 apud
590 1424 690 1449 eum
707 1417 888 1455 teneret,
918 1406 1129 1448 neminem
1157 1405 1519 1453 existimaturum,
1545 1420 1632 1446 non
1652 1419 1729 1445 sua

249 1477 279 1496 “
303 1469 528 1511 voluntate
559 1466 745 1508 factum:
784 1482 870 1523 qua
902 1482 953 1507 ex
986 1481 1033 1506 re
1066 1464 1281 1512 futurum,
1317 1464 1382 1504 uti
1407 1463 1542 1504 totius
1570 1462 1727 1504 Galliae

250 1535 280 1555 ‘⁶
303 1526 432 1569 animi
453 1541 477 1567 a
498 1541 540 1566 se
557 1526 901 1566 averterentur.''
964 1523 1071 1565 Haec
1092 1537 1229 1579 quum
1247 1521 1449 1579 pluribus
1466 1521 1609 1563 verbis
1627 1521 1730 1562 flens

248 1602 275 1629 a
313 1586 481 1627 Caesare
511 1591 695 1641 peteret,
728 1583 873 1624 Caesar
904 1581 994 1639 ejus
1025 1581 1223 1622 dextram
1254 1579 1451 1636 prendit:
1485 1579 1729 1621 consolatus

250 1652 395 1702 rogat,
430 1641 557 1683 finem
586 1641 735 1683 orandi
766 1640 917 1682 faciat:
956 1639 1066 1682 tanti
1095 1639 1185 1696 ejus
1215 1637 1332 1695 apud
1365 1652 1407 1678 se
1437 1638 1623 1695 gratiam
1643 1653 1731 1680 esse

251 1701 453 1751 ostendit,
472 1700 539 1742 uti
556 1709 600 1742 et
617 1699 869 1758 reipublicae
892 1699 1092 1757 injuriam
1113 1706 1156 1739 et
1177 1712 1304 1739 suum
1331 1695 1524 1738 dolorem
1546 1696 1636 1754 ejus
1659 1712 1731 1739 vo-

251 1761 414 1804 luntati
449 1776 499 1802 ac
532 1759 734 1817 precibus
768 1758 992 1801 condonet.
1057 1755 1374 1812 Dumnorigem
1407 1755 1461 1797 ad
1501 1771 1544 1797 se
1576 1764 1732 1804 vocat;

253 1820 434 1862 fratrem
455 1817 655 1865 adhibet;
695 1833 793 1875 quae
816 1818 859 1860 in
880 1834 930 1860 eo
952 1814 1254 1874 reprehendat,
1282 1814 1494 1862 ostendit;
1526 1829 1623 1872 quae
1641 1814 1733 1873 ipse

253 1878 496 1936 intellegat,
519 1892 616 1934 quae
638 1876 788 1918 civitas
817 1885 1044 1935 queratur,
1071 1873 1306 1933 proponit;
1340 1883 1502 1923 monet,
1535 1883 1582 1916 ut
1603 1874 1647 1916 in
1669 1890 1733 1916 re-

254 1937 426 1995 liquum
446 1945 618 1994 tempus
640 1951 783 1978 omnes
804 1936 1066 1993 suspiciones
1090 1934 1220 1980 vitet:
1257 1932 1480 1991 praeterita
1500 1949 1542 1974 se
1573 1933 1733 1975 Diviti-

255 2012 332 2039 aco
363 1995 488 2037 fratri
522 1994 762 2037 condonare
789 1995 909 2037 dicit.
989 1992 1251 2050 Dumnorigi
1283 1991 1478 2034 custodes
1507 1991 1648 2050 ponit,
1687 2002 1738 2034 ut

257 2071 354 2113 quae
372 2062 488 2112 agat,
512 2053 771 2112 quibuscum
792 2054 1018 2112 loquatur,
1037 2068 1141 2095 selre
1164 2051 1313 2109 possit.

316 2113 387 2156 21.
424 2112 588 2155 Eodem
608 2112 676 2154 die
698 2112 754 2154 ab
775 2112 1127 2171 exploratoribus
1149 2110 1308 2152 certior
1331 2109 1484 2158 factus,
1498 2109 1638 2152 hostes
1655 2109 1737 2152 sub

257 2180 404 2215 monte
424 2170 656 2214 consedisse
677 2171 795 2213 milia
817 2187 1019 2230 passuum
1041 2170 1096 2212 ab
1115 2169 1248 2227 ipsius
1267 2168 1416 2210 castris
1438 2177 1559 2210 octo:
1599 2168 1739 2226 qualis

258 2239 367 2274 esset
387 2239 544 2273 natura
565 2230 722 2272 montis
753 2240 797 2272 ct
830 2231 970 2288 qualis
1000 2230 1043 2271 in
1064 2229 1249 2271 circuitu
1275 2227 1513 2277 adscensus,
1542 2228 1618 2284 qui
1640 2243 1739 2285 cog-

260 2298 498 2338 noscerent,
521 2288 650 2330 misit.
715 2288 1034 2331 Renunciatum
1051 2297 1130 2337 est,
1164 2287 1334 2328 facilem
1354 2302 1455 2328 esse.
1520 2286 1588 2328 De
1611 2286 1740 2329 tertia

260 2348 410 2405 vigilia
431 2348 482 2390 T.
509 2347 765 2397 Labienum,
800 2348 1013 2406 Legatum
1029 2363 1117 2406 pro
1142 2346 1351 2394 Praetore‚
1377 2361 1475 2387 cum
1494 2344 1663 2388 duabus
1684 2344 1741 2387 le-

310 2460 347 2491 O.
371 2459 540 2491 Valerium
564 2459 754 2490 Procillum.
800 2457 867 2489 Sic.
893 2463 967 2488 etc.

264 2503 319 2533 47.
387 2504 418 2533 3.
456 2502 511 2533 Gr.
541 2501 736 2545 Πξοακῖλλον.
774 2501 845 2533 MS.
881 2502 969 2532 male

269 2546 410 2578 Troace‘ll
415 2556 481 2583 um,
503 2547 572 2577 Tra
576 2547 705 2577 millum
712 2569 719 2575 .

314 2591 358 2621 In
385 2591 513 2622 concilio
547 2591 634 2621 Gall.
683 2588 799 2629 Cllhc.
834 2591 970 2620 lG—IS.

314 2679 357 2709 Et
371 2677 515 2709 ostendit.
559 2678 644 2708 Haec
663 2678 764 2708 verba
786 2676 904 2707 absunt
928 2677 971 2708 ab

265 2722 343 2752 edd.
359 2721 470 2761 vulgg.
501 2721 550 2751 M.
596 2720 729 2752 Omissa
754 2720 827 2751 scil.
851 2731 871 2751 a
895 2722 973 2752 Sca-

265 2764 370 2807 ligero
386 2764 530 2796 restituit
546 2764 712 2795 Davisius.

315 2811 381 2841 Per
402 2820 434 2840 se
459 2810 614 2839 orez-isset.
666 2809 730 2838 Per
754 2807 972 2839 Divitiacum.

267 2851 404 2884 Graecus
428 2852 590 2893 interpres
606 2852 693 2882 male
714 2850 745 2882 δι’
767 2852 871 2883 ἑαυτοῦ
890 2852 975 2883 refe-

268 2897 370 2928 rendo
386 2897 428 2928 ad
444 2895 702 2936 Dumnorigem.

317 2941 465 2978 Reipubl.
480 2941 652 2982 injuriam,
670 2939 794 2972 factam
809 2938 976 2982 reipubli-

267 2994 329 3016 cae.
352 2984 405 3016 M.

319 3029 401 3063 Quae
415 3032 506 3071 aqut.
528 3026 587 3060 alii
601 3028 693 3071 qaid.

1085 2458 1154 2488 Sub
1177 2460 1295 2488 morde.
1337 2455 1391 2486 Sic
1418 2457 1516 2487 codd.
1533 2460 1566 2487 et
1584 2456 1659 2486 edd.
1675 2462 1740 2487 vet.

1037 2501 1107 2534 Alii
1121 2502 1181 2532 sub
1196 2505 1348 2531 montem.
1374 2500 1462 2531 Vide
1478 2506 1510 2530 et
1526 2511 1556 2530 c.
1568 2502 1621 2530 48.

1085 2546 1248 2586 Leyatum
1274 2555 1335 2585 pro
1362 2545 1517 2576 Prcerore.
1562 2544 1741 2584 Augustus,
1782 2558 1786 2564 =

1037 2589 1181 2620 formam
1205 2588 1354 2620 civitatis
1376 2587 1582 2618 constituens
1607 2593 1641 2618 et
1666 2599 1744 2630 pro-

1037 2632 1225 2664 vinciarum
1248 2634 1476 2664 Romanarum
1500 2630 1665 2663 rationem
1688 2633 1746 2663 de-

1039 2676 1200 2714 scribens,
1215 2687 1287 2707 esse
1304 2675 1411 2705 voluit
1436 2675 1563 2715 leg-atos
1577 2686 1638 2716 pro
1660 2687 1743 2717 prae-

1042 2726 1126 2759 tore,
1153 2720 1349 2762 (πξεσβευτὰς
1373 2719 1636 2761 ἀντιστρατηγούς.
1668 2721 1746 2751 Dio.

1043 2764 1136 2795 Cass.
1152 2767 1205 2801 43,
1225 2764 1291 2801 13.)
1305 2761 1363 2802 qui
1379 2761 1471 2793 fuere
1492 2763 1653 2803 praesides
1669 2775 1748 2805 pro-

1042 2807 1242 2839 vineiarum.
1294 2805 1380 2835 Cum
1399 2816 1479 2847 ergo
1494 2806 1667 2838 Labienus
1681 2819 1749 2840 non

1045 2851 1194 2893 potuerit
1217 2851 1282 2881 hoc
1308 2859 1404 2880 sensu
1429 2860 1500 2881 esse
1529 2851 1659 2892 legatus
1687 2863 1748 2893 pro

1044 2900 1198 2937 praetore,
1227 2892 1354 2935 placuit
1382 2903 1448 2925 non
1478 2894 1592 2933 nullis,
1616 2906 1752 2937 propere

1047 2938 1158 2981 potius
1173 2939 1296 2979 legere,
1323 2948 1423 2978 quam
1444 2950 1503 2979 pro
1522 2944 1672 2979 praetore,
1692 2941 1750 2970 sed

1046 2983 1145 3014 codd.
1165 2981 1291 3013 invitis.
1337 2982 1380 3012 At
1396 2981 1511 3013 Carrio
1527 2982 1655 3022 antiqu.
1673 2984 1752 3014 lect.

1048 3028 1079 3058 3.
1104 3029 1135 3065 8,
1153 3032 1186 3058 et
1214 3024 1353 3058 Ursinus
1378 3026 1420 3058 ad
1446 3026 1479 3058 h.
1505 3026 1527 3058 l.
1552 3031 1585 3058 et
1600 3027 1752 3067 Spanhe-
