1946 3261
110 231 198 277 238
529 223 616 272 DE
647 220 854 269 BELLO
887 215 1187 265 GALLICO.

171 358 244 402 20.
278 355 376 400 Tali
392 353 520 398 modo
536 369 584 397 re
599 360 737 413 gesta,
751 351 999 395 recentibus
1015 347 1161 409 proelii
1179 344 1373 406 vestigiis
1393 345 1614 406 ingressus

118 418 279 467 Caesar,
293 431 430 474 quum
446 414 583 458 victos
599 422 724 457 tanta
736 412 982 455 calamitate
997 409 1266 452 existimaret
1278 406 1437 456 hostes,
1454 405 1614 449 nuncio

115 484 312 534 accepto,
336 474 481 518 locum
505 481 749 517 castrorum
768 472 1015 519 relicturos,
1042 485 1140 527 quae
1169 482 1255 510 non
1284 466 1458 525 longius
1486 465 1543 509 ab
1564 479 1615 507 ea

118 535 233 578 caede
268 535 414 578 abesse
455 533 554 592 plus
593 532 733 576 minus
771 540 871 574 octo
907 529 1084 572 milibus
1123 526 1399 575 dicebantur,
1441 523 1614 568 tametsi

117 593 296 637 flumine
326 593 571 653 inpeditum
598 592 830 636 transitum
862 589 1056 638 videbat,
1086 594 1232 630 tamen
1260 586 1455 628 exercitu
1478 592 1620 628 trans·

116 654 250 697 ducto
287 652 587 713 progreditur.
653 652 715 694 At
752 648 975 693 Bellovaci
1004 646 1271 706 reliquaeque
1303 645 1517 695 civitates,
1550 659 1620 687 re·

119 721 252 772 pente
284 729 338 756 ex
375 713 482 772 fuga
518 711 683 770 paucis,
725 719 859 768 atque
896 708 961 751 his
1001 707 1255 767 yulneratis,
1296 705 1500 764 receptis,
1541 702 1619 763 qui

118 772 330 816 silvarum
349 771 561 816 beneficio
582 786 728 814 casum
750 769 1039 817 evitaverant,
1061 765 1261 809 omnibus
1285 764 1489 814 adversis,
1518 777 1619 821 cog-

120 831 214 874 nita
239 831 504 882 calamitate,
531 830 763 874 interfecto
791 829 977 876 Correo,
1007 826 1158 869 amisso
1188 824 1390 883 equitatu
1411 831 1455 866 et
1478 822 1622 866 fortis-

121 891 237 934 simis
257 891 496 950 peditibus,
525 906 662 948 quum
683 889 921 932 adventare
945 887 1164 929 Romanos
1186 883 1501 932 existimarent,
1523 897 1624 926 con-

124 949 224 994 cilio
252 958 434 1011 repente
465 958 595 994 cantu
630 950 839 993 tubarum
870 953 1125 995 convocato,
1163 943 1452 993 conclamant,
1488 942 1623 1001 legati

123 1009 380 1069 obsidesque
401 1010 457 1053 ad
478 1011 695 1053 Caesarem
716 1008 968 1050 mittantur.
1594 1033 1598 1039 .

184 1070 256 1112 21.
294 1071 395 1114 Hoc
415 1070 616 1114 omnibus
635 1068 827 1127 probato
859 1065 1053 1114 consilio,
1088 1062 1312 1106 Commius
1347 1062 1536 1106 Atrebas
1564 1059 1620 1104 ad

125 1143 199 1172 eos
221 1131 422 1190 profugit
444 1131 698 1178 Germanos,
727 1144 751 1170 a
775 1127 936 1184 quibus
956 1125 1010 1168 ad
1030 1123 1074 1166 id
1098 1123 1262 1166 bellum
1293 1122 1456 1165 auxilia
1480 1129 1627 1165 mutu-

125 1196 225 1232 atus
260 1199 371 1233 erat.
435 1189 585 1232 Ceteri
619 1204 641 1229 e
672 1187 857 1243 vestigio
889 1186 1074 1228 mittunt
1106 1183 1160 1226 ad
1193 1183 1407 1225 Caesarem
1443 1182 1626 1239 legatos,

129 1257 396 1307 petuntque,
423 1257 451 1275 ‘⁶
476 1257 525 1290 ut
545 1263 596 1289 ea
619 1262 749 1306 poena
770 1247 825 1288 sit
847 1254 1078 1289 contentus
1098 1242 1304 1292 hostium,
1329 1257 1459 1301 quam
1481 1241 1514 1283 si
1537 1241 1628 1282 sine

129 1314 160 1333 ‘⁶
183 1308 459 1351 dimicatione
475 1308 636 1350 inferre
660 1306 842 1363 integris
862 1311 1021 1363 posset,
1045 1319 1126 1361 pro
1148 1318 1222 1343 sua
1245 1301 1473 1344 clementia
1494 1307 1630 1357 atque

131 1373 160 1393 “
180 1367 450 1410 humanitate
487 1381 725 1424 numquam
763 1366 963 1422 profecto
1001 1370 1106 1404 esset
1149 1362 1390 1404 inlaturus:
1434 1358 1632 1403 adflictas

130 1433 162 1452 ‘⁶
187 1443 289 1486 opes
310 1426 503 1485 equestri
534 1424 692 1484 proelio
729 1423 1061 1466 Bellovacorum
1096 1437 1211 1469 esse:
1253 1420 1528 1464 delectorum
1586 1434 1629 1462 e·

133 1493 162 1511 “
185 1486 327 1529 ditum
348 1486 487 1529 multa
509 1484 626 1527 milia
662 1483 883 1529 interisse:
929 1482 1000 1524 vix
1035 1481 1241 1537 refugisse
1275 1481 1452 1523 nuncios
1479 1496 1502 1522 c
1574 1477 1634 1525 is:

134 1552 162 1571 “
187 1554 331 1589 tamen
369 1561 593 1603 magnum,
632 1552 680 1586 ut
725 1543 766 1585 in
810 1551 931 1584 tanta
972 1540 1235 1589 calamitate,
1282 1539 1540 1583 Bellovacos
1581 1554 1634 1580 eo

134 1611 164 1631 ‘⁶
189 1606 349 1664 proelio
375 1603 651 1647 commodum
686 1618 775 1644 esse
804 1611 1072 1649 consecutOS,
1105 1599 1223 1657 quod
1248 1600 1458 1648 Correus,
1480 1606 1637 1640 auctor

137 1672 166 1690 “
191 1665 314 1714 belli,
337 1663 580 1708 concitator
602 1661 911 1707 multitudinis,
933 1669 1043 1701 esset
1066 1659 1324 1702 interfectus
1344 1674 1353 1707 ;
1398 1672 1634 1714 numquam

136 1731 165 1750 ‘⁶
189 1725 304 1767 enim
324 1732 521 1767 senatum
545 1730 715 1765 tantuin
740 1720 780 1762 in
805 1720 1003 1769 civitate,
1028 1719 1104 1762 illo
1126 1719 1245 1770 vivo,
1268 1727 1483 1776 quantum
1518 1718 1637 1775 inpe-

136 1790 166 1810 “
191 1784 320 1827 ritam
373 1783 533 1832 lebem,
552 1781 785 1840 potuisse.”

199 1844 270 1885 22.
357 1859 416 1885 aec
439 1841 665 1885 orantibus
695 1838 867 1897 legatis,
897 1846 1207 1882 commemorat
1238 1838 1398 1886 Caesar,
1433 1843 1462 1862 “
1486 1837 1638 1880 eodem

139 1908 168 1927 “
193 1911 394 1962 tempore
415 1900 644 1960 superiore
666 1896 779 1942 anno
804 1898 1062 1941 Bellovacos
1083 1907 1335 1955 ceterasque
1358 1895 1515 1939 Gallia»
1536 1895 1641 1939 civi-

141 1969 169 1987 “
193 1971 305 2005 tates
326 1961 563 2020 suscepisse
583 1959 775 2007 bellu¹n;
821 1957 1161 2017 pertinacissime
1192 1957 1268 1998 hos
1299 1972 1350 1998 ex
1377 1955 1578 1999 omnibus
1600 1956 1642 1998 in

143 2028 172 2046 ‘⁴
197 2021 410 2065 sententia
432 2020 728 2080 permansisse,
749 2034 888 2076 neque
907 2017 961 2060 ad
985 2016 1210 2059 sanitatem
1231 2016 1499 2073 reliquorum
1521 2014 1646 2058 dedi·

146 2087 176 2106 “
201 2082 318 2124 tione
347 2097 434 2123 csse
467 2079 728 2139 perductos:
764 2078 872 2121 scire
905 2087 1037 2133 atquc
1070 2076 1327 2133 intellegere
1358 2091 1418 2124 se,
1453 2091 1643 2118 caussam

146 2147 176 2166 “
202 2140 373 2199 peccati
398 2140 603 2182 facillime
627 2138 812 2181 mortuis
834 2137 1054 2194 delegari:
1102 2136 1313 2178 neminem
1338 2150 1441 2177 vcro
1475 2142 1643 2178 tantum

154 2207 184 2225 “
242 2199 395 2249 ollere,
415 2208 481 2247 ut,
506 2199 651 2242 invitis
679 2196 974 2255 Principibus,
998 2195 1222 2238 resistente
1251 2203 1417 2243 senatu,
1449 2194 1648 2238 omnibus

150 2266 180 2285 “
203 2216 328 2302 ilionis
350 2258 715 2317 repugnantibus,
740 2256 907 2299 infirma
931 2270 1056 2297 manu
1082 2254 1221 2314 plebis
1242 2253 1407 2297 bellum
1427 2253 1647 2297 concitare

147 2326 176 2345 ‘⁶
199 2327 244 2362 et
275 2334 426 2377 gerere
460 2314 632 2376 posset:
667 2316 740 2358 scd
774 2326 915 2359 tamen
949 2332 991 2358 se
1023 2323 1277 2358 contentum
1309 2313 1403 2356 fore
1431 2328 1480 2356 ca
1503 2328 1648 2372 poena,

143 2386 171 2404 “
193 2393 325 2435 quam
346 2376 427 2420 sibi
451 2377 533 2436 ipsi
555 2375 911 2419 contraxissent.''

206 2438 278 2480 223.
315 2437 460 2481 Nocte
481 2436 722 2494 insequenti
747 2435 878 2493 legati
904 2451 970 2478 res
977 2450 1110 2494 ponsa
1133 2432 1187 2476 ad
1211 2449 1310 2476 suos
1337 2432 1551 2482 referunt,
1573 2431 1649 2475 ob-

197 2553 457 2585 Receneibus—
472 2553 655 2592 inqressus.
698 2549 770 2580 ibat
807 2560 864 2590 pei·

151 2608 227 2629 cum
259 2607 436 2638 campum,
464 2596 522 2627 ubi
555 2605 669 2627 recens
702 2593 861 2635 put-liunt

157 2641 380 2673 commissum
396 2645 477 2673 crat·
504 2641 554 2672 M.

201 2688 274 2718 Orto
292 2686 427 2717 milibus
445 2696 491 2717 sc.
511 2693 686 2726 passuum.
741 2683 783 2714 Et
801 2681 866 2712 hoc

154 2730 296 2762 verbum
311 2730 438 2762 addunt
451 2730 527 2761 edd.
552 2730 602 2761 M.
632 2727 751 2760 Invitis
766 2726 867 2759 codd.

157 2775 223 2806 Pro
251 2776 328 2816 plns
353 2776 467 2806 minus
494 2774 572 2805 edd.
604 2773 760 2814 qnaedam
791 2772 872 2803 dunt

159 2829 276 2861 qnam.
316 2819 386 2851 Alii
403 2819 530 2850 liabent
546 2829 663 2850 norem
681 2817 829 2849 milibus.

203 2863 330 2904 Leqati.
372 2863 485 2906 Vulgo
505 2862 713 2905 praemittunt
730 2867 780 2894 m.
810 2859 874 2892 Sed

156 2907 257 2939 codd.
274 2917 340 2940 non
355 2908 577 2949 adgnoscunt.

984 2548 1140 2586 Intravit.
1158 2557 1224 2578 nvn
1240 2557 1252 2576 x
1265 2545 1340 2578 ictis
1355 2553 1388 2577 ct
1402 2544 1565 2578 adflictis.
1590 2544 1640 2577 Μ.

988 2593 1162 2634 „nolis-em.
1191 2592 1266 2622 Duo
1279 2590 1361 2622 boni
1379 2589 1652 2632 codd-aeffectum

939 2644 1041 2668 recte.
1072 2635 1254 2669 vulmmm
1271 2642 1320 2667 est
1335 2634 1582 2677 interpretatio.
1601 2633 1652 2666 M.

941 2680 1105 2712 Dubium.

986 2727 1170 2757 Gmciralor
1189 2725 1308 2757 mulcit.
1354 2722 1422 2756 Alii
1447 2724 1653 2756 conciliator.

942 2770 1032 2845 Οιέἰά.
1064 2769 1204 2811 conjicit
1248 2767 1467 2801 scribendum
1503 2768 1655 2800 concitur.

944 2828 977 2845 st·
1020 2816 1168 2845 [(239.

994 2860 1172 2899 Dele‘ymw'.
1189 2857 1258 2888 vid.
1276 2858 1348 2889 lnd.
1378 2858 1427 2889 M.

993 2904 1050 2933 0¹1⁸
1058 2903 1155 2933 nibus
1170 2903 1259 2933 tunnis
1273 2914 1341 2951 rep.
1377 2903 1424 2934 Τὸ
1433 2901 1523 2932 tionis
1533 2897 1656 2932 habent

947 2947 1023 2979 edd.
1039 2953 1107 2979 vet.
1140 2947 1231 2980 Oud.
1249 2945 1363 2979 onusit
1383 2954 1570 2987 perperam.
