1946 3261
221 310 313 356 292
691 300 776 349 DE
810 297 1014 348 BELLO
1049 301 1263 347 CIVILI.

225 433 503 484 dimittebat:
535 430 625 492 ipse
660 441 916 493 praesentem
948 431 1153 491 inopiam,
1192 431 1355 489 quibus
1383 437 1560 490 poterat
1586 428 1723 474 subsi-

229 496 329 545 diis,
357 493 606 538 tutabatur.
1698 518 1702 522 -

291 554 365 597 53.
390 552 510 597 Haec
544 549 754 595 Afranius
792 548 1077 607 Petreiusque
1107 559 1154 594 et
1184 565 1336 594 eorum
1368 546 1492 593 amici
1529 548 1729 609 pleniora

233 613 364 658 etiam
386 621 522 670 atque
545 610 751 657 uberiora
774 610 957 653 Romam
979 609 1032 651 ad
1053 624 1151 652 suos
1172 607 1520 669 perscribebant.
1575 608 1728 651 Multa

235 687 388 717 rumor
410 670 622 738 fingebat,
646 678 698 712 ut
721 684 839 727 paene
861 667 1025 711 bellum
1050 669 1298 712 confectum
1317 666 1556 712 videretur.
1622 666 1730 718 Qui-

237 732 321 775 bus
343 732 503 774 litteris
525 728 775 785 nunciisque
801 727 982 770 Romam
1014 728 1211 786 perlatis,
1249 726 1396 785 magni
1428 726 1604 770 domum
1631 741 1733 769 con-

193 807 202 811 *
238 805 388 834 cursus
423 787 480 833 ad
515 788 762 839 Afranium,
785 801 952 845 magnae
970 787 1285 829 trratulationes
1307 786 1494 828 fiebant:
1528 785 1657 829 multi
1677 801 1730 828 ex

240 847 371 892 Italia
391 847 448 892 ad
481 847 565 891 Cn.
592 845 849 904 Pompeium
875 823 1288 904 proffciscebantur:
1320 845 1410 891 alii,
1440 853 1490 887 ut
1512 845 1732 904 principes

236 907 373 952 talem
395 906 599 951 nuncium
619 904 854 953 adtulisse3
888 903 978 953 alii,
1006 920 1058 948 ne
1081 913 1289 948 eventum
1314 903 1419 947 belli
1439 912 1728 963 exspectasse,

241 975 319 1011 aut
341 982 395 1010 ex
414 965 614 1009 omnibus
634 963 850 1007 novissimi
873 963 1039 1006 venisse
1059 963 1331 1007 viderentur.

307 1025 378 1067 54.
414 1025 562 1075 Quum
598 1024 640 1066 in
677 1023 740 1065 his
778 1022 988 1080 angustiis
1011 1039 1078 1065 res
1111 1032 1221 1065 esset
1242 1030 1375 1081 atque
1399 1037 1545 1066 omnes
1576 1020 1658 1065 viae
1677 1021 1737 1065 ab

245 1084 495 1128 Afranianis
527 1082 737 1126 militibus
773 1081 1083 1139 equitibusque
1119 1081 1438 1132 obsiderentur,
1473 1097 1550 1125 nec
1585 1089 1741 1140 pontes

248 1142 400 1204 perfici
436 1151 628 1201 possent,
662 1142 848 1199 imperat
884 1140 1095 1183 militibus
1131 1142 1290 1186 Caesar,
1327 1150 1376 1183 ut
1409 1156 1538 1184 naves
1559 1140 1738 1189 faciant,

246 1203 371 1261 cujus
391 1201 561 1260 generis
574 1215 672 1243 eum
687 1199 985 1258 superioribus
1007 1199 1127 1242 annis
1145 1217 1247 1242 usus
1263 1199 1500 1242 Britanniae
1513 1199 1740 1243 docuerat.

251 1261 425 1304 Carinae
456 1259 645 1318 primum
676 1274 726 1300 ac
761 1257 996 1301 statumina
1023 1275 1075 1301 ex
1104 1259 1189 1301 levi
1211 1255 1392 1301 materia
1421 1258 1610 1300 fiebant:
1644 1258 1740 1302 reli-

246 1335 386 1378 quum
407 1333 565 1376 corpus
586 1317 776 1366 navium,
815 1317 1048 1359 viminibus
1068 1325 1336 1366 contextum,
1373 1316 1498 1360 coriis
1519 1316 1741 1375 integeba-

249 1388 341 1421 tur.
407 1377 500 1420 Has
526 1375 740 1434 perfectas
767 1375 900 1418 carris
931 1375 1092 1433 junctis
1129 1374 1307 1418 devehit
1337 1384 1469 1418 noctu
1499 1375 1618 1419 milia
1647 1392 1742 1435 pas-

249 1451 378 1481 suum
399 1451 424 1478 a
445 1434 597 1479 castris
615 1434 764 1483 XXII,
788 1433 1033 1492 militesque
1057 1433 1122 1478 his
1144 1434 1326 1478 navibus
1343 1434 1499 1477 flumen
1523 1443 1742 1493 transpor-

249 1504 322 1540 tat
362 1494 745 1551 continentemque
793 1494 898 1552 ripae
938 1492 1093 1536 collem
1116 1492 1336 1551 inproviso
1358 1502 1558 1552 occupat.
1610 1493 1741 1538 Hunc

253 1554 474 1604 celeriter,
525 1552 646 1611 prius
693 1567 823 1610 quam
867 1552 924 1594 ab
969 1552 1224 1595 adversariis
1277 1553 1506 1603 sentiatur,
1555 1568 1742 1596 commu-

253 1615 335 1658 nit.
402 1613 504 1655 Huc
554 1611 767 1670 legionem
809 1619 961 1669 postea
993 1611 1232 1670 transjicit:
1279 1621 1324 1654 at
1360 1628 1413 1654 ue
1454 1628 1507 1654 ex
1553 1621 1743 1670 utraque

258 1681 387 1734 parte
427 1678 604 1729 pontem
647 1669 895 1712 institutum
920 1669 1053 1712 biduo
1082 1669 1266 1728 perficit.
1355 1679 1398 1712 ta
1426 1671 1671 1720 comitatus,
1700 1680 1745 1713 et

254 1732 335 1790 qui
369 1728 576 1773 frumenti
610 1744 758 1771 caussa
790 1739 1104 1786 processerant,
1128 1738 1226 1772 tuto
1257 1728 1312 1772 ad
1334 1745 1377 1772 se
1407 1729 1561 1789 recipit
1590 1738 1635 1771 et
1653 1745 1744 1772 rem

256 1788 589 1834 frumentariam
610 1785 820 1846 expedire
844 1786 1010 1846 incipit.

319 1849 391 1891 55.
425 1846 592 1890 Eodem
611 1846 681 1889 die
699 1846 899 1904 equitum
921 1861 1118 1904 magnam
1140 1856 1309 1905 partem
1333 1846 1491 1889 flumen
1510 1847 1748 1906 transjecit,

256 1909 355 1968 qui,
389 1905 652 1965 inopinantis
691 1905 970 1963 pabulatores
1002 1914 1046 1948 et
1079 1905 1167 1948 sine
1204 1905 1296 1948 ullo
1329 1905 1558 1964 dissipatos
1587 1906 1746 1949 timore

254 1966 467 2026 adgressi,
491 1979 622 2023 quam
644 1979 847 2021 magnum
871 1979 1099 2007 numerum
1135 1964 1434 2023 jumentorum
1454 1973 1588 2020 atque
1610 1964 1745 2008 homi-

259 2043 365 2071 num
405 2023 710 2083 intercipiunt3
766 2022 1106 2082 cohortibusque
1149 2024 1326 2067 cetratis
1366 2023 1555 2066 subsidio
1597 2024 1748 2074 missis,

311 2152 424 2185 Multa
437 2161 554 2183 rumor
560 2150 723 2193 finyebal.
753 2149 870 2181 Credit
886 2150 975 2182 Oud.

260 2196 448 2239 ⁴{egendum
478 2196 589 2227 Multa
621 2205 736 2226 rumor
770 2195 977 2235 adfinqebat,

213 2270 226 2280 ,
261 2241 347 2283 quia
372 2240 406 2272 in
430 2239 531 2272 codd.
557 2244 608 2270 est
623 2239 811 2271 Multorum
831 2250 890 2270 ora
907 2240 975 2279 fin-

265 2285 398 2329 yebome.

316 2330 504 2362 Concursus
549 2325 596 2359 ad
645 2326 764 2367 Ast-an.
827 2327 975 2358 Domum

270 2372 400 2407 Asmnii
426 2372 545 2403 Romae
559 2369 723 2409 adierunt,
747 2371 884 2411 ejusque
901 2382 977 2412 pro-

271 2416 410 2462 pinquis
425 2414 581 2457 gratulati
598 2421 684 2445 sunt.
735 2416 882 2446 Domum
901 2426 977 2447 con-

272 2471 393 2495 cursus
417 2459 552 2492 dicitur.
577 2464 612 2489 ut
637 2459 772 2490 domum
800 2459 923 2492 reditio.
952 2461 978 2497 l,

271 2511 304 2539 5.
331 2505 383 2538 Ad
401 2504 579 2546 Afranium
596 2508 657 2540 est,
669 2502 711 2532 ad
729 2503 865 2533 domum
884 2503 981 2534 Afra-

273 2550 338 2583 nii.
362 2550 444 2581 Haec
463 2549 530 2580 fere
547 2551 723 2578 monuerat
738 2545 913 2578 Davisius.
931 2548 978 2577 M.

273 2595 331 2626 Sic
346 2593 482 2625 Terent.
519 2591 579 2622 Ad.
605 2592 639 2629 4,
663 2594 695 2629 4,
721 2592 770 2621 19.
794 2590 841 2621 ad
856 2602 908 2622 me
920 2591 981 2622 ad-

270 2639 375 2672 ducta
391 2642 437 2669 est
450 2637 601 2673 domum,
624 2633 682 2666 ubi
712 2633 884 2666 Donatus:
910 2635 931 2665 i-
948 2646 980 2665 c.

273 2683 319 2714 ad
333 2683 471 2714 domum
487 2689 613 2712 meam.
658 2677 712 2709 Sic
727 2688 793 2709 non
810 2689 896 2720 opus
911 2685 981 2710 erat

269 2724 480 2768 conjecturis
507 2729 540 2755 et
569 2722 863 2755 emendationibus
890 2723 983 2755 criti-

274 2781 406 2809 corum,
420 2770 461 2800 de
474 2767 600 2809 quibus
615 2766 704 2798 Oud.

330 2816 368 2847 Ut
391 2823 491 2845 nares
513 2812 646 2853 saciant
671 2818 737 2842 etc.
792 2810 982 2842 Posteriore

277 2863 359 2890 aetas
375 2857 459 2889 dixit
473 2855 623 2888 carabo-5.
662 2854 742 2887 Vid.
757 2855 878 2887 Isidori
897 2855 981 2896 orig.

278 2903 333 2940 19,
360 2903 388 2933 1.

325 2947 483 2991 Primum
506 2945 688 2980 statumina
715 2951 781 2979 etc.
827 2941 880 2976 Sic
900 2941 980 2977 boni

1041 2150 1140 2180 codd.
1169 2159 1310 2191 proquo
1326 2149 1386 2182 alii
1411 2151 1563 2192 primum
1587 2151 1750 2183 stramine

1039 2201 1069 2226 et
1086 2211 1129 2217 —
1142 2211 1188 2217 --
1202 2204 1275 2225 sinc
1287 2204 1397 2226 sensu.

1094 2239 1285 2280 Tmrnjo'cit.
1330 2238 1384 2270 Sic
1411 2238 1511 2270 codd.
1530 2237 1584 2270 vel
1608 2241 1749 2282 trajecit.

1047 2281 1159 2323 Vulgo
1173 2283 1370 2315 transducit.

1091 2328 1228 2358 Pontem
1258 2328 1442 2359 institutum
1467 2328 1605 2369 perficit.
1663 2326 1749 2359 Tres

1044 2370 1168 2412 optimi
1184 2371 1283 2402 codd.
1301 2371 1427 2402 liabent
1448 2373 1609 2409 insumit,-
1626 2371 1751 2413 reliqui

1045 2422 1178 2446 servant
1194 2416 1392 2446 interiturum.
1432 2415 1528 2446 Forte
1546 2415 1723 2455 legendum
1741 2428 1748 2445 :

1043 2464 1176 2499 parm-m
1201 2461 1351 2492 iactauit.
1368 2461 1553 2492 institurum
1575 2460 1642 2491 bid.
1743 2482 1750 2489 .

1046 2503 1129 2534 llaec
1147 2509 1220 2534 sunt
1248 2502 1350 2533 verba
1372 2503 1561 2535 Marciandi
1580 2503 1612 2536 in
1630 2503 1750 2546 Expli-

1045 2553 1110 2577 cat.
1136 2554 1204 2578 vet.
1221 2552 1310 2578 auct.
1327 2558 1360 2588 p.
1377 2549 1453 2578 266.
1487 2548 1539 2578 M.

1092 2592 1158 2625 Qui
1174 2607 1218 2614 —-
1230 2597 1467 2633 processeram.
1492 2590 1543 2622 Cf.
1560 2601 1591 2623 c.
1608 2593 1663 2622 48.
1695 2591 1748 2623 M.

1093 2635 1272 2676 quedire,
1315 2635 1535 2667 difficultates
1566 2635 1660 2668 illius
1702 2635 1752 2667 rei

1045 2677 1208 2711 minucie.
1239 2679 1289 2710 M.

1094 2725 1207 2757 Quam
1224 2733 1397 2764 maynum.
1414 2722 1481 2754 vid.
1499 2723 1569 2755 lnd.
1585 2721 1619 2755 in
1632 2732 1747 2764 quam.

1049 2765 1177 2807 Vulgo,
1192 2778 1296 2808 quam
1313 2770 1511 2801 marimum·
1535 2767 1586 2799 M.
1625 2767 1750 2799 Contra

1046 2812 1147 2842 codd.

1095 2857 1247 2887 Cen-atie.
1280 2855 1371 2887 Bene
1398 2855 1446 2887 sic
1476 2855 1582 2887 Aldus
1602 2861 1635 2886 et
1661 2853 1749 2888 Scal-

1047 2897 1139 2934 Male
1154 2900 1254 2936 codd.
1271 2907 1303 2934 ct
1318 2900 1395 2934 cdd.
1413 2906 1479 2933 vet.
1491 2901 1692 2934 centuriatis.
