1946 3261
232 192 286 234 92
631 191 714 233 DE
746 187 946 232 BELLO
979 188 1270 232 GALLICO.

233 317 518 363 Morinorum,
539 314 594 356 ab
614 313 770 370 quibus
792 313 846 356 ad
866 329 963 355 eum
983 313 1113 371 legati
1135 328 1219 356 non
1239 319 1459 362 venerant,
1487 311 1694 354 deducen-

228 374 331 416 dum
349 373 479 416 dedit.
534 371 582 413 P.
601 371 839 429 Sulpitium
858 372 1038 421 Rufum,
1058 371 1283 429 Legatum,
1302 388 1399 414 cum
1414 387 1464 414 eo
1481 367 1694 428 praesidio,

230 431 347 489 quod
368 429 466 471 satis
487 445 573 471 esse
593 430 902 479 arbitrabatur,
926 438 1103 487 portum
1124 439 1266 472 tenere
1283 429 1420 487 jussit.

288 489 357 529 23.
395 486 474 528 His
493 487 734 530 constitutis
762 489 903 536 rebus,
936 495 1084 530 nactus
1118 487 1310 530 idoneam
1338 488 1391 529 ad
1411 483 1696 543 navigandum

229 553 540 602 tempestatem,
562 546 691 588 tertia
707 546 794 588 fere
811 546 957 603 vigilia
973 545 1101 587 solvit
1116 546 1365 602 equitesque
1386 545 1427 587 in
1444 543 1693 586 ulteriorem

229 613 405 659 portum
441 603 646 660 progredi
677 613 720 646 et
753 619 877 646 naves
909 603 1188 646 conscendere
1219 613 1262 646 et
1293 620 1335 646 se
1355 603 1473 660 sequi
1490 601 1634 659 jussit:
1667 614 1694 640 a

227 660 384 715 quibus
404 676 538 717 quum
558 662 599 704 id
620 662 767 719 paullo
788 661 953 703 tardius
973 670 1080 704 esset
1099 662 1453 709 administratum,
1477 661 1568 718 ipse
1589 658 1695 701 hora

226 718 311 760 diei
330 719 498 761 circiter
529 729 685 776 quarta
715 735 812 761 cum
841 719 988 777 primis
1019 719 1198 761 navibus
1235 719 1500 762 Britanniam
1535 716 1696 773 adtigit

226 785 358 833 atque
374 777 435 819 ibi
455 777 497 820 in
514 778 710 821 omnibus
727 778 908 820 collibus
925 778 1135 835 expositas
1152 777 1338 821 hostium
1353 777 1495 834 copias
1512 783 1695 817 armatas

227 836 460 892 conspexit.
523 836 657 894 Cujus
688 836 769 878 loci
802 835 887 877 haec
920 844 1012 877 erat
1043 844 1216 878 natura:
1255 836 1359 878 adeo
1387 834 1602 876 montibus
1623 846 1694 873 an-

227 894 364 949 gustis
399 908 515 935 mare
543 893 859 942 continebatur,
891 893 955 936 uti
986 909 1039 935 ex
1068 894 1169 935 locis
1198 892 1491 951 superioribus
1520 891 1562 933 in
1593 889 1695 932 litus

227 950 363 993 telum
402 951 529 1009 adjici
574 961 729 1009 posset.
814 951 943 994 Hunc
987 952 1041 994 ad
1082 951 1385 1009 egrediendum
1425 962 1696 1007 nequaquam

226 1007 427 1051 idoneum
447 1009 682 1052 arbitratus
702 1010 859 1058 locum,
880 1009 982 1051 dum
998 1009 1174 1066 reliquae
1195 1025 1319 1052 naves
1338 1025 1387 1051 eo
1405 1007 1695 1054 convenirent,

226 1066 282 1108 ad
321 1066 469 1110 horam
509 1083 661 1110 nonam
702 1068 744 1110 in
779 1068 942 1110 ancoris
977 1069 1253 1125 exspectavit.
1316 1066 1494 1109 Interim
1526 1063 1698 1121 Legatis

228 1124 515 1183 Tribunisque
543 1126 727 1168 militum
764 1125 1020 1175 convocatis,
1052 1134 1096 1168 et
1128 1141 1224 1182 quae
1258 1142 1309 1168 ex
1344 1125 1562 1168 Voluseno
1598 1137 1697 1180 cog-

275 1278 525 1310 Deducenaelwm.
547 1278 591 1309 al.
615 1278 816 1310 ducendum.

276 1322 316 1353 P.
335 1323 429 1361 Sulp.
448 1322 585 1353 Rufum.
632 1323 706 1352 Huc
724 1322 824 1352 trahit
844 1320 928 1351 Vos-

230 1363 300 1395 sius
328 1374 464 1394 numum
490 1363 642 1402 Caesaris,
668 1365 727 1405 qui
755 1364 788 1395 in
814 1374 928 1394 aversa

230 1407 331 1438 habet
354 1417 471 1437 navem
498 1418 574 1438 cum
600 1407 787 1448 epigraphe
814 1411 928 1437 110'r13.

231 1455 465 1480 ΣΟΤΛΠΙΚΙΟΣ
487 1455 594 1481 ΡΟΥΦ.

281 1495 392 1525 Tertia
403 1493 434 1533 f.
450 1496 517 1533 riq.
534 1495 636 1532 solt-ir,
653 1505 693 1525 ex
710 1500 806 1535 portu
823 1493 884 1524 ltio
902 1504 927 1524 s.

231 1536 332 1574 Iccio,
355 1537 398 1568 cf.
415 1542 446 1574 5,
464 1541 495 1574 2,
519 1542 554 1568 ut
577 1538 697 1568 Strabo
712 1537 880 1569 adnotavit
897 1540 929 1575 4,

231 1591 265 1621 p.
286 1583 356 1611 199.
380 1591 478 1620 quem
504 1581 544 1610 de
566 1581 677 1621 priore
698 1580 840 1612 Caesaris
863 1585 930 1611 tra-

225 1623 316 1663 jectu
341 1624 373 1654 in
395 1623 598 1654 Britanniam
621 1624 727 1665 loqui,
750 1626 841 1662 (nam
861 1633 928 1654 non

231 1667 278 1697 ita
302 1667 406 1698 multo
438 1673 514 1707 post
536 1677 645 1697 rursus
673 1678 714 1698 eo
741 1666 927 1698 contendit:

233 1709 301 1741 vid.
322 1714 352 1747 5,
368 1711 415 1748 2.)
439 1721 480 1741 ex
495 1716 645 1750 tempore
668 1716 701 1741 et
718 1710 798 1742 hora
820 1710 852 1740 in
869 1719 929 1740 no-

234 1752 309 1784 titia
324 1753 417 1784 orbis
436 1758 502 1784 ant.
516 1754 557 1784 T.
577 1756 604 1791 l,
630 1765 662 1795 p.
681 1757 754 1785 301.
774 1753 930 1795 probavi-

234 1807 320 1827 muS.
347 1799 465 1828 Cellnr.
520 1798 636 1828 Exstat
665 1797 852 1829 dissertatio
874 1797 929 1828 Jo.

234 1840 354 1880 Georg.
370 1840 508 1871 Eccardi
525 1841 566 1871 de
584 1846 678 1881 portu
696 1841 795 1878 Iccio,
809 1840 931 1871 inserta

234 1883 465 1915 Miscellaneis
492 1884 654 1924 Lipsiens.
682 1884 722 1915 T.
746 1888 777 1916 8.
804 1895 836 1925 p.
855 1887 930 1922 255,

235 1928 323 1958 unde
348 1928 435 1958 idem
454 1927 511 1958 ille
527 1928 577 1958 vir
597 1928 714 1959 doctus
737 1927 768 1959 in
785 1928 874 1958 libro
891 1929 931 1958 de

235 1970 364 2011 origine
380 1971 632 2009 Germanorum,
647 1977 728 2002 sect.
740 1974 794 2009 93,
811 1982 844 2012 p.
855 1973 930 2009 209,

235 2014 313 2044 edit.
329 2014 478 2055 Gotting.
492 2016 643 2055 quaedam
659 2014 808 2055 repetiit.
852 2015 932 2045 Sen-

235 2057 356 2089 tentias
365 2064 473 2088 autem
483 2058 627 2089 virorum
639 2059 814 2089 doctorum
825 2057 933 2089 varias

235 2101 380 2141 collegit,
405 2107 523 2141 praeter
539 2101 733 2139 Cellarium,
758 2101 933 2132 Fabricius

236 2142 268 2174 in
285 2144 438 2175 bibl.lat.
454 2144 514 2175 lib.
532 2147 561 2184 l,
576 2155 650 2186 cap.
669 2147 717 2177 10.
734 2149 856 2182 sect.2,
872 2144 931 2175 ubi

236 2188 276 2217 de
307 2188 438 2218 Caesare
474 2190 591 2228 agitur.
652 2188 800 2229 Collegit
829 2188 932 2219 etiam

239 2231 388 2262 Ritverus
415 2231 445 2261 in
469 2231 607 2262 historia
630 2232 817 2269 Gallorum,
833 2234 932 2272 p.97.

237 2275 355 2314 Attigit
375 2274 618 2316 VVesselingius
640 2276 680 2305 ad
700 2275 858 2306 Antonini
878 2275 932 2305 iti-

237 2318 376 2355 neraria,
402 2329 435 2359 p.
453 2320 526 2349 363.
554 2319 600 2349 M.
628 2320 737 2349 Solvit.
781 2319 834 2350 Sic
853 2325 885 2349 et
901 2322 932 2357 5,

236 2365 289 2392 ¹23.
311 2361 393 2392 alibi
416 2362 514 2402 plene
542 2372 644 2392 nares
669 2363 771 2392 solvit.
799 2373 829 2393 v.
855 2373 931 2393 mox

236 2415 267 2436 c.
282 2407 332 2436 36.
349 2405 385 2436 C.
406 2407 434 2439 1,
449 2408 501 2436 98.
521 2409 550 2443 3,
565 2408 594 2435 6.
615 2407 664 2435 14.
679 2407 730 2435 26.
770 2406 819 2435 De
837 2412 932 2446 portu

237 2448 328 2479 Iccio
340 2460 371 2479 v.
387 2448 564 2479 D’Anville
583 2448 614 2478 in
628 2448 704 2478 Not.
715 2449 754 2478 de
771 2449 800 2478 la
815 2449 932 2487 Gaule,

238 2502 272 2532 p.
286 2494 360 2530 389,
375 2498 407 2522 et
424 2492 455 2522 in
470 2492 578 2523 Mem.
600 2493 640 2522 de
656 2491 783 2522 l’Acad.
800 2493 932 2524 d’lnscr.

236 2541 259 2565 t.
277 2538 328 2566 28.
353 2546 384 2566 a.
406 2537 496 2566 1757.
520 2535 580 2566 ubi
604 2541 678 2575 post
697 2535 782 2565 alios
796 2536 933 2566 demon-

236 2584 327 2616 strat,
344 2578 593 2619 intelligendum
620 2580 783 2609 lVit-wwl.
806 2579 934 2610 Chifle-

237 2622 303 2652 tius
334 2623 534 2660 Mardicum,
572 2622 696 2653 Gibson
734 2622 931 2660 Bononiam,

238 2665 320 2696 olim
336 2665 578 2703 Gessoriacum,
598 2664 750 2696 Valesius
764 2671 795 2695 et
812 2665 932 2696 Eccar·

238 2710 299 2739 dus
315 2710 480 2750 saeapulas,
503 2709 585 2740 olim
605 2709 727 2739 Vicum
751 2709 802 2740 vel
821 2709 933 2746 Quen—

238 2753 396 2791 tovicum,
435 2752 676 2794 intelligebant,
713 2752 863 2783 Ortelius
902 2758 934 2783 et

237 2793 389 2826 Clarkius
404 2796 588 2834 Castsium,
614 2795 800 2837 Malbranq.
817 2797 848 2827 S.
865 2796 933 2827 Au-

235 2837 362 2869 domari
377 2841 499 2870 fanum.

285 2881 327 2911 In
351 2884 537 2914 ulteriorem
561 2888 703 2924 portum.
748 2882 814 2914 Hic
831 2882 930 2923 paulo

239 2930 314 2967 post
329 2935 359 2956 c.
376 2928 428 2956 28.
443 2929 590 2968 superior
603 2933 750 2967 vocatur,
773 2926 805 2959 in
820 2931 929 2959 ortum

991 1283 1024 1308 et
1049 1278 1090 1308 ad
1118 1280 1265 1309 dextram
1291 1275 1334 1308 ab
1352 1277 1414 1308 Itio
1436 1276 1612 1307 recedens:
1635 1272 1693 1304 cui

993 1321 1174 1361 opponitur
1189 1322 1334 1360 inferior,
1349 1320 1392 1350 ab
1409 1319 1472 1350 ltio
1487 1318 1644 1350 recedens
1658 1316 1693 1348 in

993 1374 1160 1401 occasum,
1176 1374 1205 1394 c.
1221 1366 1272 1394 36.
1296 1363 1348 1394 Cf.
1364 1374 1392 1393 c.
1405 1365 1458 1399 28,
1470 1361 1529 1393 ubi
1542 1363 1693 1403 superior

988 1412 1104 1447 portas
1119 1413 1335 1444 memoratur,
1350 1413 1383 1436 et
1397 1406 1534 1446 inferior
1545 1415 1627 1445 pars
1642 1405 1693 1435 in-

991 1451 1083 1488 suloe,
1108 1461 1182 1491 quae
1199 1456 1244 1482 est
1264 1452 1417 1491 proprias
1434 1451 1509 1479 solis
1528 1458 1691 1480 occasum.

993 1492 1046 1523 Sic
1077 1504 1155 1534 ergo
1183 1495 1287 1535 plagae
1316 1493 1544 1524 discernuntur
1567 1491 1599 1522 in
1625 1491 1691 1521 hoc

993 1536 1101 1567 litore.
1129 1539 1303 1569 Cellariwe.

1040 1582 1151 1614 Quum
1174 1582 1209 1611 irl
1231 1582 1346 1620 paullo
1368 1581 1510 1611 tardius.
1555 1579 1630 1609 Hoc
1657 1576 1692 1608 id

991 1623 1163 1654 revocavit
1178 1624 1298 1654 Clarke
1315 1624 1414 1664 vulgo
1431 1623 1604 1653 omissum.

1040 1668 1136 1698 Hora
1153 1672 1288 1707 quarta.
1334 1667 1392 1697 Est
1411 1665 1548 1697 circiter
1562 1664 1691 1696 decima

992 1710 1264 1741 antemeridiana.
1289 1710 1341 1741 Cf.
1361 1711 1389 1748 l,
1405 1711 1455 1740 26.
1482 1709 1529 1740 M.

1040 1755 1158 1795 Copias
1203 1759 1365 1785 armatas.
1412 1753 1457 1784 al.
1493 1758 1635 1783 turma-5.
1671 1761 1691 1782 e

993 1797 1114 1837 glossa.

1040 1842 1129 1872 Adeo
1144 1857 1187 1863 --
1201 1841 1441 1872 continebatur.
1486 1838 1550 1870 His
1581 1837 1692 1877 verbis

994 1884 1152 1924 explicat,
1181 1894 1257 1924 quae
1286 1883 1387 1914 suerit
1411 1888 1525 1914 natura
1553 1881 1635 1919 loci,
1658 1886 1693 1912 et

996 1934 1107 1967 potest
1145 1934 1219 1958 ante
1256 1928 1337 1958 adeo
1383 1927 1524 1967 intelligi
1562 1927 1692 1956 scilicet.

997 1971 1091 2002 Hanc
1122 1970 1398 2012 explicationem,
1427 1970 1570 2010 abrupte
1602 1968 1690 2009 posi-

994 2019 1073 2051 tam,
1103 2015 1277 2045 voluerunt
1306 2013 1430 2045 arctius
1457 2019 1589 2043 nectere
1613 2022 1691 2043 cum

995 2057 1236 2098 superioribus,
1245 2063 1277 2088 et
1286 2056 1480 2088 addiderunt
1490 2061 1599 2097 aeque.
1615 2056 1693 2086 Inde

997 2102 1077 2132 adeo
1094 2101 1307 2132 obliteratum
1329 2105 1362 2131 et
1382 2110 1423 2130 ex
1438 2111 1479 2131 eo
1496 2099 1619 2130 factum
1643 2104 1694 2130 est

996 2145 1049 2175 vel
1068 2150 1166 2185 atque
1182 2148 1241 2180 ita,
1261 2145 1314 2175 vel
1338 2150 1438 2185 atque
1453 2145 1511 2180 ibi,
1533 2153 1608 2183 quae
1624 2142 1692 2173 sin-

996 2189 1074 2227 gula
1114 2189 1148 2219 in
1180 2189 1278 2219 codd.
1309 2193 1343 2218 et
1373 2187 1444 2218 edd.
1476 2185 1692 2227 reperiuntur.

997 2232 1087 2272 Ergo
1110 2237 1200 2262 recte
1217 2231 1432 2272 Oudendorp.
1447 2228 1620 2261 revocavit
1642 2229 1690 2268 id,

994 2276 1085 2316 quod
1102 2275 1133 2305 in
1151 2281 1238 2306 textu
1255 2280 1318 2306 est.
1343 2275 1391 2305 M.

1041 2320 1208 2350 Montibus
1242 2320 1402 2357 anqustis.
1449 2316 1593 2353 Quinam
1628 2316 1693 2349 sint

997 2362 1030 2392 h.
1044 2363 1065 2392 l.
1084 2367 1213 2393 montes
1227 2360 1368 2402 angusti,
1393 2359 1432 2391 iis
1454 2359 1690 2400 explicandum

995 2406 1163 2446 relinquo,
1186 2405 1244 2446 qui
1275 2405 1362 2441 loca,
1390 2414 1465 2444 quae
1491 2404 1606 2435 Caesar
1633 2403 1691 2435 hic

996 2449 1169 2486 describit,
1189 2449 1350 2479 viderunt.
1394 2447 1498 2478 Iidem
1523 2446 1690 2486 definient,

994 2492 1076 2532 quid
1093 2492 1127 2523 h.
1139 2493 1162 2523 l.
1178 2491 1220 2522 sit
1234 2494 1407 2523 concinere.
1452 2489 1563 2521 Julius
1573 2490 1693 2522 Celsus

995 2535 1147 2567 eamdem
1185 2545 1252 2566 rem
1290 2534 1343 2565 his
1371 2534 1482 2565 verbis
1514 2533 1689 2574 expressit:

992 2585 1172 2620 snaeruploe
1186 2588 1294 2618 rupes,
1314 2579 1435 2619 pelaqo
1451 2580 1498 2608 im
1680 2590 1692 2609 .-

995 2622 1193 2664 quibuscum
1217 2620 1391 2653 Ciceronis
1414 2621 1507 2652 locus
1531 2621 1572 2651 ad
1588 2620 1689 2652 Attic.

997 2672 1028 2701 4,
1048 2668 1096 2704 16,
1117 2667 1185 2706 jam
1207 2676 1226 2696 a
1242 2664 1449 2705 Glandorpio
1463 2668 1689 2703 comparatus,

995 2709 1166 2741 convenit:
1199 2713 1334 2746 constat,
1364 2708 1476 2739 aditus
1503 2707 1688 2738 Britannice

993 2763 1060 2784 esse
1075 2755 1216 2783 munitos
1231 2753 1377 2791 mirficis
1392 2750 1540 2782 molibus.
1557 2750 1605 2779 M.

1044 2797 1162 2827 Telum
1191 2796 1303 2835 adjici.
1337 2795 1381 2826 al·
1412 2794 1513 2829 adici,
1540 2791 1687 2833 antique.

993 2841 1079 2870 unde
1092 2839 1226 2880 quidam
1242 2839 1347 2880 adiqi.

1039 2884 1090 2914 Ad
1107 2885 1225 2914 horam
1240 2893 1377 2915 nonam.
1421 2880 1481 2913 Est
1501 2879 1600 2917 tertia
1623 2890 1685 2924 po-

993 2925 1191 2959 meridiana.
1214 2926 1264 2961 M.
1629 2931 1633 2935 ·
