1946 3261
270 203 352 249 122
675 204 760 248 DE
792 202 997 248 BELLO
1029 203 1325 250 GALLICO.

256 348 396 392 quum
418 329 664 374 tenuissima
684 332 930 378 valetudine
951 339 1078 383 esset,
1105 347 1159 376 ne
1179 340 1442 376 nocturnum
1462 333 1639 392 quidem
1658 333 1738 385 sibi

259 400 429 449 tempus
461 390 517 433 ad
540 391 732 448 quietem
761 392 1054 451 relinquebat,
1089 400 1140 435 ut
1166 392 1288 435 ultro
1318 392 1507 440 militum
1527 410 1738 438 concursu

257 466 307 492 ac
329 449 508 492 vocibus
528 450 608 493 sibi
629 466 807 509 parcere
829 458 1076 509 cogeretur.

316 507 388 549 41.
422 508 546 551 Tunc
586 509 716 553 duces
757 510 1062 569 principesque
1106 509 1390 559 Nerviorum,
1432 510 1507 570 qui
1549 509 1738 568 aliquem

254 567 461 610 sermonis
477 568 643 611 aditum
660 585 937 628 caussamque
949 568 1149 612 amicitiae
1161 585 1261 614 cum
1275 569 1488 613 Cicerone
1503 568 1737 620 habebant,

255 625 459 684 conloqui
494 643 583 670 sese
618 628 732 671 velle
768 628 935 671 dicunt.
999 627 1136 671 Facta
1171 636 1402 686 potestate,
1436 628 1601 678 eadem,
1639 644 1739 688 quae

254 683 486 728 Ambiorix
506 702 605 728 cum
626 686 800 729 Titurio
821 694 987 746 egerat,
1020 694 1371 737 commemorant,
1404 695 1434 714 ‘⁴
1453 703 1621 730 omnem
1647 703 1736 731 esse

255 743 353 787 “in
387 744 517 786 armis
553 746 759 795 Galliam,
801 747 1039 789 Germanos
1073 745 1274 789 Rhenum
1306 746 1522 796 transisse,
1555 746 1736 793 Caesaris

255 808 286 828 ‘⁶
309 802 667 861 reliquorumque
696 804 874 847 hiberna
905 805 1195 863 obpugnari.'’
1255 804 1441 847 Addunt
1471 806 1601 847 etiam
1634 803 1736 852 “de

254 868 286 887 ‘⁴
311 861 461 905 Sabini
497 872 650 905 morte.
714 864 1040 923 Ambiorigem''
1077 872 1296 908 ostentant
1334 872 1362 890 ‘⁶
1386 863 1486 906 fidei
1523 862 1736 907 faciundae

255 927 286 947 ‘⁴
309 935 473 962 caussa:
506 937 652 965 errare
674 925 770 965 eos³⁹
800 923 968 972 dicunt,
1003 930 1032 950 “
1054 922 1088 965 si
1110 923 1351 981 quidquam
1383 923 1440 966 ab
1461 921 1524 966 his
1547 922 1735 982 praesidii

250 985 283 1005 “
307 987 498 1036 sperent,
528 981 604 1037 qui
637 982 722 1023 suis
754 982 885 1025 rebus
917 982 1137 1030 diffidant:
1169 998 1256 1025 sese
1290 989 1434 1024 tamen
1462 980 1542 1024 hoc
1571 997 1659 1024 esse
1691 981 1734 1028 in

250 1044 280 1064 ‘⁶
306 1038 560 1082 Ciceronem
599 1040 907 1100 Populumque
946 1041 1191 1084 Romanum
1226 1040 1385 1090 animo,
1425 1048 1476 1083 ut
1512 1039 1619 1083 nihil
1655 1039 1735 1082 nisi

248 1102 280 1122 “
303 1096 485 1140 hiberna
518 1108 716 1142 recusent
749 1109 881 1158 atque
910 1099 1019 1142 hanc
1047 1100 1359 1144 inveterascere
1382 1099 1734 1142 consuetudinem

250 1162 281 1182 “
304 1156 463 1198 nolint:
497 1157 626 1200 licere
646 1159 729 1201 illis
748 1159 1034 1203 incolumibus
1057 1175 1134 1217 per
1155 1175 1198 1201 se
1216 1175 1269 1201 ex
1289 1156 1476 1201 hibernis
1495 1157 1731 1208 discedere,

248 1221 280 1242 “
303 1222 363 1265 et,
405 1232 701 1275 quascumque
742 1218 785 1260 in
826 1227 971 1276 partes
1009 1219 1161 1267 velint,
1201 1218 1288 1259 sine
1325 1225 1444 1259 metu
1478 1217 1733 1276 proficisci.’'

247 1273 403 1316 Cicero
434 1275 488 1318 ad
515 1274 602 1318 haec
632 1291 765 1318 unum
792 1277 919 1319 modo
940 1276 1181 1335 respondit:
1220 1283 1249 1302 ‘⁴
1275 1276 1377 1318 Non
1399 1291 1486 1317 esse
1507 1284 1732 1319 consuetu-

247 1340 278 1358 “
299 1332 443 1374 dinem
483 1334 641 1392 Populi
678 1334 878 1381 Romani,
916 1335 1051 1377 ullam
1086 1335 1280 1392 accipere
1316 1335 1372 1376 ab
1404 1333 1526 1379 hoste
1562 1342 1731 1380 armato

245 1398 276 1417 “
299 1390 613 1433 conditionemz
664 1392 699 1434 si
734 1394 791 1436 ab
828 1394 957 1436 armis
996 1393 1216 1436 discedere
1253 1392 1404 1442 velint,
1443 1409 1488 1435 se
1529 1391 1731 1452 adjutore

244 1456 275 1475 “
300 1457 483 1492 utantur
505 1450 758 1509 legatosque
780 1451 833 1495 ad
857 1453 1068 1495 Caesarem
1093 1453 1290 1495 mittant:
1324 1467 1514 1510 sperare,
1537 1467 1618 1512 pro
1638 1451 1729 1514 ejus

243 1516 273 1535 ‘⁶
293 1508 478 1566 justitia,
502 1525 599 1566 quae
621 1511 843 1567 petierint,
866 1511 1205 1570 inpetraturos.''

298 1567 371 1608 42.
406 1568 480 1610 Ab
512 1568 592 1610 hac
620 1585 695 1626 spe
732 1570 896 1628 repulsi
932 1571 1105 1619 Nervii,
1133 1570 1250 1613 vallo
1284 1568 1447 1628 pedum
1468 1568 1532 1612 XI
1554 1576 1600 1612 et
1620 1567 1731 1611 fossa

242 1624 403 1683 pedum
426 1626 512 1668 XV
535 1627 716 1669 hiberna
736 1628 932 1686 cingunt.
1000 1629 1105 1672 Haec
1137 1637 1181 1671 et
1214 1629 1489 1687 superiorum
1517 1642 1726 1670 annorum

242 1684 551 1727 consuetudine
580 1701 605 1726 a
629 1686 785 1729 nostris
819 1697 1111 1744 cognoverant
1132 1696 1194 1736 et,
1227 1687 1438 1745 quosdam
1458 1686 1512 1729 de
1533 1686 1725 1728 exercitu

241 1743 357 1785 nacti
379 1743 588 1802 captivos,
618 1745 674 1788 ab
705 1744 767 1788 his
789 1743 1075 1789 docebantur:
1109 1745 1198 1795 sed,
1222 1746 1343 1788 nulla
1367 1746 1727 1791 ferramentorum

239 1801 378 1859 copia,
409 1818 507 1860 quae
536 1810 637 1846 sunt
666 1803 722 1846 ad
745 1803 858 1849 hunc
888 1821 1013 1848 usum
1042 1804 1211 1854 idonea,
1243 1803 1397 1863 gladiis
1418 1803 1624 1863 cespitem
1645 1803 1727 1851 cir·

239 1859 495 1911 cusmidem,
519 1861 715 1905 manibus
735 1863 986 1921 sagulisque
1007 1871 1168 1908 terram
1190 1863 1419 1906 exhaurire
1440 1863 1727 1923 cogebantur.

239 2005 425 2045 cumcirca)
461 2007 565 2039 lorica
597 2006 739 2039 obducta
768 2009 948 2039 tramitum

236 2057 381 2092 gemeret
395 2050 636 2092 (impediebat,
652 2061 722 2091 quo
740 2050 851 2082 minus
868 2062 948 2092 pos-

237 2099 291 2126 set
319 2095 471 2132 transire,
499 2095 548 2126 uti
576 2094 704 2135 aliquis
729 2095 832 2135 vulgo
862 2095 947 2126 inter

239 2137 362 2179 pinnas
390 2138 529 2170 transire
553 2144 684 2180 poterat
711 2145 744 2172 et
769 2139 804 2170 in
829 2139 946 2172 urbem

237 2181 403 2222 desilire).
429 2184 479 2213 M.

284 2227 450 2258 Sermonis
474 2227 616 2263 aditum,
644 2225 775 2257 veniam
805 2233 836 2258 el
863 2237 946 2258 con-

237 2269 450 2302 suetudinem
466 2269 622 2308 adeundi,
648 2276 681 2301 et
707 2282 784 2302 cum
799 2282 841 2302 eo
864 2282 947 2303 con·

236 2314 408 2356 loquendi.
433 2315 483 2345 M.

283 2360 379 2391 Amb.
395 2369 473 2389 cum
496 2359 561 2389 Tit.
604 2357 659 2388 Cf.
674 2368 707 2389 e.
723 2359 778 2389 27.
804 2359 855 2389 M.

283 2403 565 2439 Ambostemam,
594 2411 673 2432 eum
699 2402 816 2433 adesse
839 2403 945 2443 jacta-

235 2445 342 2478 bundi
370 2446 488 2477 dicunt
517 2446 669 2484 (venerat
697 2445 803 2479 enim.
832 2454 869 2478 ut
893 2454 946 2480 est

235 2501 312 2532 cap.
331 2493 400 2530 88),
416 2496 451 2522 ut
467 2489 669 2522 Ciceronem
682 2500 725 2521 eo
742 2490 852 2531 magis
866 2503 944 2533 per-

235 2534 462 2566 terrefaciant.
487 2535 538 2565 M.

287 2581 395 2612 Ullam
407 2580 566 2621 accipere.
608 2578 683 2610 Vox
694 2579 802 2610 ullam
817 2577 851 2610 in
864 2580 943 2612 aliis

232 2623 338 2655 deest.

281 2669 435 2708 sperare.
480 2666 536 2698 Cf.
551 2676 584 2698 c.
601 2669 653 2699 86.

281 2713 326 2743 Ee
348 2721 459 2753 super.
482 2721 567 2742 ann.
588 2717 730 2744 coowuet.
773 2710 830 2742 Sic
854 2710 939 2743 boni

235 2756 330 2785 codd.
366 2754 434 2787 Alii
450 2760 485 2786 et
502 2755 601 2786 codd.
617 2760 685 2786 vet.
699 2765 752 2786 ew.
786 2755 941 2795 Scaliger

233 2805 361 2830 omlsn..

282 2843 388 2874 Nulla
402 2846 564 2885 -ι-ορὲα.
612 2844 671 2875 Est
693 2854 790 2876 casus
813 2850 939 2883 sextus,

233 2885 388 2917 absolute
405 2888 546 2929 positus,
570 2899 643 2929 pro,
658 2894 791 2930 propm
805 2889 938 2922 nullam

230 2930 370 2971 copiam,
383 2934 466 2971 quia
478 2934 610 2964 nudam
618 2935 749 2974 copiam
763 2933 935 2965 habeam.

230 2974 309 3006 Hoc
337 2984 405 3006 non
427 2975 673 3015 animadverso,
697 2982 812 3010 contra
834 2977 935 3012 codd.

1014 2007 1082 2038 fere
1120 2017 1238 2038 omnes
1275 2018 1419 2049 procusa
1453 2013 1504 2038 est
1538 2006 1610 2039 haec
1646 2007 1725 2039 edd.

1014 2052 1126 2093 vulzg.
1144 2051 1266 2083 lecdo:
1289 2053 1346 2083 sed
1362 2053 1460 2085 nulla
1473 2053 1522 2083 lois
1529 2051 1615 2093 fer-r.
1628 2054 1723 2094 copia

1012 2096 1105 2134 (scil.
1121 2097 1219 2134 erat),
1234 2106 1310 2137 quae
1324 2102 1402 2128 essee
1416 2096 1526 2127 ad—-.
1553 2096 1601 2127 M.

1060 2141 1216 2171 illam'bus
1227 2141 1432 2181 sayndisqzoe.
1476 2138 1511 2171 Si
1529 2138 1601 2171 haec
1617 2139 1721 2173 lectio

1012 2194 1093 2215 vera
1109 2190 1169 2218 est.
1191 2195 1307 2216 sensus
1321 2183 1395 2224 erit,
1418 2194 1478 2215 eos
1492 2189 1626 2222 terram,
1649 2194 1720 2215 ma-

1012 2228 1115 2259 nibus
1131 2229 1425 2270 comprehensam,
1447 2237 1506 2259 seu
1523 2227 1722 2269 manipulos

1012 2279 1119 2307 terrae,
1147 2272 1179 2304 in
1200 2272 1326 2313 sagulis
1341 2283 1368 2302 s.
1385 2271 1596 2303 vestimentis
1612 2271 1719 2313 depo-

1012 2315 1132 2354 suisse,
1160 2323 1196 2347 et
1225 2317 1272 2348 sic
1301 2317 1511 2359 deportasse,
1540 2315 1721 2347 destitutos

1011 2359 1174 2392 corbihus
1198 2367 1255 2392 aut
1277 2359 1355 2391 aliis
1370 2360 1472 2391 vasis.
1519 2359 1565 2391 lta
1579 2359 1715 2401 quidem

1010 2405 1106 2447 cepit
1121 2405 1185 2436 hoc
1201 2403 1355 2438 Orosius.
1369 2404 1466 2446 cujus
1479 2404 1581 2435 verba
1598 2404 1647 2442 (⁶,
1663 2406 1717 2444 ¹0)

1012 2448 1084 2480 haec
1110 2455 1203 2479 sunt:
1229 2448 1354 2489 qladiae‘s
1379 2447 1571 2481 comidoeulo
1591 2454 1718 2481 terram

1008 2498 1038 2524 et
1065 2494 1192 2533 mqulis
1214 2493 1426 2534 eaportamlo.
1475 2491 1627 2533 Repetiit
1642 2492 1714 2524 haee

1007 2535 1251 2577 Glandorpius.
1297 2537 1360 2568 Sed
1398 2536 1519 2568 modus
1554 2536 1713 2577 loquendi

1009 2580 1114 2613 habet
1135 2580 1265 2623 aliquid
1280 2579 1371 2612 duri:
1395 2580 1497 2618 unde,
1509 2590 1713 2621 quamquam

1007 2631 1039 2656 et
1055 2625 1225 2670 πιθα-ἱρὴν.
1238 2625 1299 2656 Gr.
1314 2625 1447 2664 χιι-5ης
1465 2623 1581 2662 hebet,
1597 2624 1714 2655 volue-

1007 2675 1079 2701 runt
1107 2675 1217 2701 tamen
1238 2668 1300 2700 alii
1326 2679 1386 2710 pro
1401 2669 1528 2710 saqulv's
1550 2667 1615 2709 legi
1629 2667 1711 2708 sur-

1005 2715 1098 2751 cadis,
1119 2713 1178 2745 alii
1202 2714 1361 2745 sarculis.-
1387 2712 1478 2753 quod
1495 2711 1548 2742 vel
1566 2711 1642 2742 inde
1660 2722 1711 2743 re-

1005 2757 1147 2795 fellitur,
1159 2758 1240 2798 quia
1257 2757 1291 2787 hi
1304 2755 1392 2788 Galli
1407 2755 1501 2787 nulla
1513 2754 1711 2788 ferramenta

1006 2801 1207 2833 habuerunt.
1241 2800 1459 2832 Marklandus
1468 2798 1611 2830 editioni
1623 2799 1709 2841 Sup-

1006 2845 1136 2886 plicum
1168 2845 1350 2877 Mulierum
1384 2841 1556 2884 Euripidis
1583 2843 1709 2886 adjecit

1002 2890 1056 2930 (p.
1066 2891 1146 2929 244)
1155 2889 1405 2933 explicationes
1414 2892 1564 2920 veterum
1574 2887 1708 2930 aliquot

1003 2933 1197 2967 Graecorum
1227 2940 1262 2965 et
1286 2932 1494 2971 Latinorum,
1524 2930 1557 2962 in
1583 2931 1711 2973 quibus

1003 2977 1056 3019 (p.
1069 2978 1148 3017 262)
1163 2984 1196 3011 et
1213 2977 1301 3011 hunc
1321 2976 1436 3010 locum
1450 2980 1571 3009 {metat
1585 2981 1621 3008 et
1635 2974 1704 3020 legi
