1946 3261
632 224 747 268 LIB.
811 226 949 270 CAP.
981 226 1055 276 24,
1088 225 1160 269 25.
1545 220 1630 263 557

212 351 284 393 25.
317 350 568 409 Insequenti
597 352 685 406 die,
720 353 813 413 pari
842 352 1151 395 consuetudine
1182 365 1318 408 quum
1349 347 1403 391 ad
1434 346 1631 391 eumdem

154 409 299 453 locum
335 410 425 469 ejus
457 412 704 469 praesidium
736 412 933 460 venisset,
968 410 1146 469 pristino
1180 410 1256 452 illo
1288 425 1365 452 suo
1394 407 1631 450 utebantur

155 468 354 512 instituto
370 484 379 511 :
412 485 524 519 nam,
543 480 701 527 praeter
718 473 898 528 equites,
915 469 1035 512 nullo
1052 468 1148 511 loco
1167 484 1290 524 aequo
1305 484 1350 509 se
1367 465 1634 509 committere

158 526 390 570 audebant.
455 528 600 577 Quum
642 531 776 572 nostri
816 529 859 578 in
903 543 1033 585 opere
1069 534 1222 574 essent,
1264 526 1460 582 equitum
1499 523 1635 581 copiae.

154 600 384 628 concursus
418 586 558 628 facere
591 596 844 644 coeperunt:
877 586 1089 643 simulque
1126 583 1462 625 vociferantibus
1498 581 1631 639 legio-

153 644 298 693 uariis,
319 660 455 702 quum
481 644 623 687 locum
655 646 958 703 efflagitarent,
989 653 1039 687 ut
1069 642 1259 685 consueti
1295 640 1461 697 insequi
1488 639 1633 682 existi-

154 717 272 744 mare
293 710 480 759 possent,
513 719 556 744 se
578 704 863 760 paratissimos
899 719 986 745 esse
1007 701 1065 744 ad
1084 698 1395 747 dimicandum,
1427 698 1562 740 nostri
1581 713 1635 739 ex

154 759 308 803 humili
339 760 534 803 convalle
556 762 666 804 bene
689 762 817 819 longe
835 771 937 804 sunt
957 760 1115 819 egressi
1137 767 1181 801 et
1212 757 1391 816 planitie
1422 755 1635 813 iniquiore

154 818 248 862 loco
277 820 580 863 constiterunt.
643 820 711 863 Illi
750 829 888 863 tamen
926 819 1079 878 procul
1106 817 1240 861 dubio
1267 816 1321 858 ad
1358 813 1638 872 congredien-

155 876 260 920 dum
279 878 321 920 in
341 894 512 935 aequum
534 879 678 922 locum
698 895 782 922 non
803 886 903 921 sunt
923 878 1012 921 ausi
1034 875 1306 925 descendere,
1328 882 1486 932 praeter
1505 887 1639 914 unum

159 937 398 979 Antistium
420 937 704 996 Turpionem,
741 938 833 995 qui,
861 936 992 979 fidens
1013 936 1192 984 viribus,
1212 950 1265 976 ex
1288 931 1539 976 adversariis
1559 930 1641 973 sibi

157 1010 305 1053 parem
327 1012 414 1037 esse
448 997 660 1039 neminem
691 998 859 1054 agitare
877 996 1024 1054 coepit.
1089 993 1191 1043 Hie,
1215 1001 1266 1034 ut
1289 992 1429 1034 fertur
1460 988 1640 1031 Achillis

162 1053 492 1110 Memnonisque
526 1070 790 1114 congressus,
831 1057 885 1104 Q.
914 1053 1142 1112 Pompeius
1180 1052 1337 1110 Niger,
1369 1050 1514 1106 Eques
1552 1047 1641 1090 Ro-

159 1127 309 1155 manus
349 1111 601 1162 Italicensis,
643 1130 695 1155 ex
733 1114 821 1155 acie
857 1121 1003 1155 nostra
1044 1113 1099 1154 ad
1139 1107 1501 1168 congrediendum
1540 1122 1643 1164 pro-

159 1187 329 1229 gressus
349 1180 427 1214 est.
492 1172 705 1221 Quoniam
725 1172 924 1214 ferocitas
947 1170 1124 1213 Antistii
1149 1169 1340 1212 omnium
1361 1174 1524 1209 mentes
1544 1179 1644 1207 con-

159 1238 352 1272 verterat
373 1230 430 1272 ab
451 1246 579 1289 opere
601 1230 655 1272 ad
678 1229 976 1288 spectandum,
1009 1229 1117 1272 acies
1146 1235 1245 1270 sunt
1274 1225 1510 1284 dispositae:
1545 1238 1643 1266 nam

159 1288 273 1330 inter
295 1288 528 1331 bellatores
548 1289 763 1347 principes
783 1289 916 1331 dubia
935 1297 1029 1331 erat
1050 1286 1188 1345 posita
1210 1286 1408 1334 victoria,
1433 1294 1483 1325 ut
1504 1297 1641 1340 prope

159 1346 382 1390 videretur
402 1346 529 1390 finem
558 1347 748 1390 bellandi
778 1348 963 1390 duorum
998 1346 1197 1389 dirimere
1220 1360 1381 1402 pugna.
1443 1341 1512 1384 Ita
1532 1340 1645 1382 avidi

161 1405 396 1465 cupidique
425 1422 602 1448 suarum
630 1407 813 1463 quisque
837 1406 1042 1464 partium,
1077 1406 1099 1431 *
1134 1412 1416 1461 expertorum
1451 1400 1645 1466 virorum

162 1464 468 1521 fautorumque
505 1465 704 1508 voluntas
742 1465 999 1507 habebatur.
1072 1463 1267 1512 Quorum
1307 1461 1472 1503 virtute
1513 1458 1647 1500 alacri

164 1539 298 1581 quum
320 1522 375 1564 ad
396 1523 685 1566 dimicandum
713 1523 754 1565 in
775 1523 997 1581 planitiem
1018 1538 1058 1564 se
1079 1521 1375 1568 contulissent,
1405 1525 1644 1561 scutorum-

164 1597 249 1639 que
269 1581 407 1624 laudis
428 1581 599 1640 insignis
621 1582 882 1640 praefulgens
896 1597 1004 1639 opus
1022 1580 1236 1628 caelatum,
1257 1592 1442 1636 quorum
1462 1580 1484 1603 *
1502 1589 1648 1632 pugna

163 1648 272 1683 esset
294 1656 432 1699 prope
451 1641 650 1697 profecto
670 1640 869 1690 dii-emta,
893 1640 970 1682 nisi
993 1646 1174 1697 propter
1203 1637 1401 1694 equitum
1435 1640 1648 1701 *fone-es·

164 1714 274 1748 sum,
297 1707 347 1741 ut
369 1715 499 1757 supra
519 1699 920 1746 demonstravimus,
943 1699 1047 1740 levis
1067 1704 1287 1739 armatura
1303 1693 1489 1753 praesidii
1503 1706 1648 1734 caussa

169 1772 255 1800 non
302 1756 430 1814 longe
475 1758 531 1800 ab
571 1774 702 1816 opere
743 1766 985 1800 castrorum
1024 1755 1295 1798 constitisset.
1370 1753 1438 1795 Ut
1476 1759 1646 1794 nostros

168 1816 335 1873 equites
361 1813 403 1859 in
432 1825 630 1875 receptu,
658 1816 763 1859 dum
789 1816 844 1859 ad
873 1825 1012 1858 castra
1036 1813 1235 1863 redeunt,
1273 1810 1507 1854 adversarii
1527 1809 1646 1867 cupi-

169 1872 264 1916 dius
284 1883 381 1917 sunt
401 1875 595 1926 insecuti,
619 1875 822 1924 universi,
845 1875 1030 1917 clamore
1053 1874 1183 1922 facto,
1204 1873 1399 1930 inpetum
1415 1868 1644 1911 dederunt.

172 1931 239 1974 Ita
255 1941 372 1975 metu
395 1934 634 1991 perterriti,
671 1950 807 1992 quum
837 1935 879 1977 in
912 1933 1017 1992 fuga
1038 1941 1190 1983 essent,
1224 1929 1370 1972 multis
1400 1927 1572 1976 amissis,
1604 1927 1647 1967 in

173 1999 310 2033 castra
330 2008 373 2034 se
394 1992 622 2050 recipiunt.

222 2127 327 2160 Nullo
340 2128 406 2160 loco
422 2139 528 2171 oequo.
575 2131 625 2160 An
644 2131 728 2161 nulle·
744 2132 760 2160 ἓ
783 2135 818 2160 ut
835 2129 877 2161 sit

175 2171 428 2203 nominativus:
464 2175 564 2211 nulli,
590 2180 711 2215 praeter
740 2175 877 2216 equites.

224 2260 267 2292 Et
280 2261 402 2302 planis.
413 2263 460 2291 in.
474 2261 553 2292 loco.
600 2262 750 2293 Fortasse
765 2261 879 2302 legen-

177 2303 270 2342 dum,
283 2309 313 2336 et
327 2307 362 2336 in
373 2305 524 2346 planitiei
537 2308 683 2348 nequiore
697 2307 774 2337 loco.
812 2305 878 2336 Va-

179 2347 280 2379 xietas
307 2353 357 2379 est
382 2347 572 2389 multiplex,
598 2350 799 2390 videturque
828 2359 879 2381 res

125 2410 131 2414 -
179 2390 252 2433 ipsa
266 2393 432 2433 sequenda
446 2403 532 2423 esse.
577 2394 626 2425 M.

225 2436 350 2467 Procul
372 2436 469 2467 dubio
484 2436 714 2478 conjunxerim
731 2448 809 2468 cum
824 2438 883 2473 ‹lee

180 2479 346 2518 scendere,
370 2485 405 2509 ut
419 2479 474 2518 sit,
499 2479 571 2511 sine
586 2492 679 2513 mora
696 2486 730 2512 et
743 2487 881 2513 cuncta-

180 2522 275 2554 tione
289 2524 502 2554 descendere.
527 2525 578 2554 M.

227 2567 356 2598 Praeter
374 2577 482 2598 unum
508 2569 693 2600 Antistium.
718 2570 782 2601 Ed.
795 2569 882 2600 Ven.

182 2619 273 2641 unus
285 2612 442 2642 Antistius
464 2611 587 2652 Turpio
599 2612 661 2642 sid.
677 2614 737 2644 vir.

231 2656 379 2694 Aqo'lare,
405 2654 543 2695 jactare.
588 2655 644 2687 Sic
670 2657 767 2688 codd.
792 2656 883 2687 boni.

188 2696 300 2738 Vulgo
316 2700 476 2739 cogitare,
498 2698 589 2738 quod
614 2704 664 2730 est
688 2699 886 2741 interpreta-

184 2748 347 2773 mentum.
386 2742 435 2773 M.
479 2741 571 2774 Curt.
597 2745 629 2777 6.
657 2746 688 2774 4.
717 2754 759 2774 eo
788 2754 884 2776 sensu

183 2788 314 2825 aqitare
329 2785 426 2816 dixit.
464 2785 519 2816 Sic
542 2791 575 2817 ct
591 2787 681 2818 Plin.
699 2797 775 2830 pan.
805 2798 836 2819 c.
852 2791 884 2820 4.

185 2829 277 2861 Flor.
292 2833 324 2867 4,
340 2833 372 2866 2,
388 2832 440 2861 83.

231 2874 367 2906 Achillis
395 2874 566 2905 Memno-n.
612 2875 743 2906 Horum
771 2875 885 2916 singu-

187 2916 257 2949 lare
271 2922 437 2950 certamen
465 2918 505 2949 ad
519 2917 670 2960 Trojam,
692 2929 757 2960 quo
771 2919 885 2951 Mem-

942 2138 1008 2160 non
1026 2127 1140 2169 periit‚
1167 2126 1309 2168 copiose
1332 2122 1540 2164 descriptum
1563 2126 1647 2152 esta

945 2172 1074 2210 Quinto
1100 2171 1247 2202 Calabro
1288 2168 1494 2209 Paralipom.
1522 2170 1554 2203 2,
1584 2167 1648 2213 39}

945 2227 1033 2258 seqq.
1079 2215 1208 2256 Adtigit
1224 2213 1327 2244 etiam
1344 2211 1463 2253 Dictys
1478 2210 1649 2241 Cretensis

945 2264 977 2293 4.
995 2262 1025 2291 6.
1053 2261 1174 2292 Cellar.
1220 2259 1303 2289 Ilaec
1318 2255 1529 2297 comparatio
1556 2253 1648 2284 clau-

945 2305 1048 2336 dicat.
1092 2302 1216 2344 Aptior
1243 2302 1329 2334 soret
1360 2299 1470 2342 Ajacis
1499 2303 1533 2329 et
1556 2297 1648 2328 Hec-

945 2348 1039 2386 toris,
1070 2347 1182 2379 indice
1210 2344 1375 2377 Bentleio.
1422 2343 1502 2373 Post
1528 2350 1646 2388 vocem

946 2402 1134 2432 ronqressus
1182 2395 1345 2432 punctum
1389 2392 1478 2419 recte
1514 2383 1648 2417 sustulit

950 2436 1039 2467 Oud.

995 2482 1083 2512 Acies
1108 2485 1183 2510 snm,
1219 2478 1395 2520 dispositae,
1430 2473 1559 2506 stabant
1597 2480 1649 2519 ¹.¹¹'

949 2530 1094 2562 structae,
1108 2524 1165 2555 sed
1185 2521 1355 2564 spectandi
1370 2529 1501 2556 caussa,
1521 2522 1554 2547 ut
1572 2513 1647 2545 Liv.

953 2571 981 2607 l,
995 2572 1046 2600 25.
1070 2568 1127 2609 qui
1144 2568 1237 2598 locus
1265 2564 1402 2596 omnino
1417 2561 1571 2609 quaedam
1589 2558 1648 2606 lia-

948 2612 1006 2644 bet
1023 2612 1101 2643 huic
1116 2616 1230 2643 nostro
1247 2608 1385 2646 similia,
1402 2614 1437 2638 ut
1449 2607 1648 2636 nominatim

941 2657 1104 2698 fautores,
1141 2654 1200 2695 qui
1228 2654 1378 2684 faventes
1410 2652 1575 2691 spectant.
1604 2661 1649 2667 —-

950 2700 1014 2732 Sed
1029 2700 1124 2731 locus
1135 2704 1184 2729 est
1199 2697 1289 2728 foede
1303 2696 1478 2726 laceratus.
1503 2691 1554 2722 M.
1578 2688 1648 2737 Nec

950 2754 1064 2786 operae
1088 2741 1233 2783 pretium
1259 2746 1310 2771 est
1333 2738 1530 2770 varietatem
1557 2732 1650 2764 codl-

950 2799 1028 2819 cum
1042 2786 1174 2819 referre.
1198 2784 1350 2817 Exhibet
1360 2792 1437 2813 eam
1453 2778 1607 2811 Oudend.
1623 2820 1629 2825 ⁸

999 2834 1204 2864 Corwesmzm.
1250 2829 1313 2866 An,
1327 2835 1523 2859 concursum
1536 2824 1551 2854 .’
1597 2820 1652 2851 Slc

953 2885 1055 2918 supra
1070 2873 1170 2906 dixit.
1194 2873 1244 2904 M.
