1946 3261
580 175 700 223 LIB.
734 175 842 222 V11.
904 176 1044 230 CAP.
1076 176 1268 222 63-66.
1590 177 1679 224 203

185 318 341 349 norum
363 302 408 347 in
433 301 632 354 Helvios,
662 304 769 347 item
797 302 996 347 Rutenos
1026 301 1338 362 Cadurcosque
1365 302 1417 346 ad
1440 301 1546 352 fines
1570 301 1678 347 Vol..

183 379 335 408 carum
368 364 727 407 Arecomicorum
762 360 1094 422 depopulandos
1129 362 1282 406 mittit.
1347 361 1500 410 Nihilo
1537 361 1678 406 minus

184 422 461 467 clandestinis
501 424 668 466 nunciis
712 421 1092 481 legationibusque
1135 422 1404 481 Allobrogas
1452 421 1677 471 sollicitat,-

182 499 375 541 quorum
391 492 554 526 mentes
570 483 763 526 nondum
782 482 840 527 ab
855 480 1080 540 superiore
1096 480 1214 523 bello
1236 482 1436 525 resedisse
1454 481 1677 540 sperabat.

188 543 362 586 Horum
386 542 666 601 Principibus
688 541 908 601 pecunias,
929 539 1099 586 civitati
1119 548 1265 585 autem
1286 540 1521 599 imperium
1541 541 1679 587 totius

182 601 420 661 provinciae
471 601 693 646 ollicetur.
1603 635 1608 639 .
1673 631 1677 633 .

243 660 315 703 65.
350 660 422 706 Ad
472 676 519 709 os
540 676 686 704 omnes
714 676 835 704 casus
864 659 1038 720 provisa
1064 666 1191 703 erant
1212 658 1412 718 praesidia
1431 657 1679 709 cohortium

181 720 367 765 duarum
384 728 429 762 et
448 720 623 778 viginti,
642 736 739 778 quae
760 737 813 764 ex
831 721 924 780 ipsa
940 728 1091 765 coacta
1109 718 1334 778 provincia
1355 717 1412 760 ab
1434 717 1483 759 L.
1507 717 1680 763 Caesare

184 778 354 838 Legata
384 779 438 822 ad
459 795 606 823 omnes
627 789 775 838 partes
799 779 1154 839 obponebantur.
1220 777 1386 828 Helvii,
1416 792 1495 820 sua
1523 789 1681 834 sponte

180 855 282 895 cum
316 837 526 884 finitumis
561 839 722 898 proelio
759 856 839 883 con
875 839 993 888 ressi,
1037 838 1267 898 pelluntur
1307 847 1369 886 et,
1413 836 1466 880 C.
1501 835 1680 879 Valerio

183 899 464 948 Donotaum,
497 897 665 943 Caburi
694 897 802 949 filio,
837 856 1040 956 grincipe
1070 897 1261 941 civitatis
1290 895 1682 955 compluribusque

178 958 273 1001 aliis
293 957 550 1010 interfectis,
574 958 689 1002 intra
708 958 871 1017 oppida
892 974 1130 1015 murosque
1147 955 1490 1015 compelluntur.
1556 955 1683 1001 Allo-

181 1018 355 1077 broges,
375 1018 542 1061 crebris
561 1017 618 1061 ad
637 1017 900 1061 Rhodanum
919 1016 1143 1075 dispositis
1159 1015 1387 1075 praesidiis,
1406 1030 1562 1073 magna
1579 1030 1680 1057 cum

180 1094 288 1121 cura
308 1087 353 1120 et
369 1077 597 1136 diligentia
614 1094 714 1121 suos
732 1085 930 1120 tuentur.
997 1076 1158 1125 Caesar,
1178 1076 1298 1133 quod
1317 1075 1459 1118 hostes
1477 1073 1685 1132 equitatu·

178 1154 228 1188 su
291 1137 426 1182 riores
446 1154 534 1181 esse
556 1137 843 1196 intellegebat
863 1147 924 1187 et,
948 1136 1193 1180 interclusis
1212 1135 1417 1181 omnibus
1432 1133 1681 1187 itineribus,

180 1196 304 1241 nula
337 1212 383 1240 re
413 1213 467 1240 ex
491 1197 724 1241 Provincia
756 1206 890 1254 atque
926 1195 1057 1239 Italia
1090 1195 1311 1241 sublevari
1336 1203 1528 1254 poterat,
1561 1203 1684 1240 trans

182 1255 386 1302 Rhenum
407 1256 450 1300 in
471 1257 750 1301 Germaniam
768 1256 907 1301 mittit
922 1256 977 1299 ad
995 1272 1066 1299 eas
1082 1255 1297 1304 civitates,
1316 1270 1424 1312 quas
1443 1253 1683 1313 superiori-

181 1315 264 1359 bus
285 1316 407 1361 annis
429 1326 679 1375 pacaverat,
700 1316 960 1374 equitesque
987 1315 1045 1358 ab
1067 1314 1131 1360 his
1151 1315 1329 1358 arcessit
1348 1324 1394 1358 et
1414 1313 1521 1358 levis
1541 1330 1680 1359 arma-

180 1384 292 1419 turae
313 1375 497 1435 pedites,
536 1375 613 1434 qui
646 1376 759 1419 inter
789 1392 861 1418 eos
894 1374 1090 1433 proeliari
1118 1382 1448 1419 consueverant.
1511 1373 1681 1418 Eorum

179 1435 389 1485 adventu,
426 1434 546 1493 quod
588 1436 729 1478 minus
762 1434 927 1478 idoneis
964 1434 1089 1492 equis
1121 1434 1382 1483 utebantur,
1413 1449 1439 1480 a
1473 1432 1685 1479 Tribunis

181 1495 370 1541 militum
389 1495 674 1554 reliquisque,
688 1494 762 1538 sed
778 1503 823 1536 et
842 1494 1082 1551 Equitibus
1100 1493 1308 1538 Romanis
1324 1502 1460 1551 atque
1475 1492 1685 1544 evocatis,

177 1570 314 1613 equos
333 1555 466 1598 sumit
489 1555 807 1611 Germanisque
827 1553 1068 1596 distribuit.

239 1615 309 1656 66.
345 1613 534 1663 Interea,
552 1613 660 1656 dum
678 1612 767 1659 haec
786 1622 1020 1671 geruntur,
1039 1611 1229 1655 hostium
1247 1611 1382 1669 copiae
1399 1627 1452 1654 ex
1471 1611 1684 1659 Arvernis

177 1674 348 1730 equites
384 1690 452 1724 ue,
500 1674 578 1733 qui
621 1673 705 1717 toti
748 1672 906 1718 Galliae
955 1681 1083 1715 erant
1134 1671 1353 1730 imperati,
1395 1673 1678 1716 conveniunt.

180 1689 530 1792 Magnoqhorum
552 1742 706 1777 coacto
728 1749 928 1781 numero,
949 1748 1089 1789 quum
1113 1731 1258 1774 Caesar
1285 1731 1326 1774 in
1351 1730 1579 1789 Sequanos
1601 1747 1679 1789 pei·

175 1801 393 1837 extremos
417 1793 666 1852 Lingonum
689 1792 792 1836 fines
814 1793 896 1835 iter
920 1793 1099 1841 faceret,
1134 1808 1226 1848 quo
1248 1790 1415 1834 facilius
1436 1791 1678 1836 subsidium

180 1851 420 1899 Provinciae
441 1854 545 1897 ferri
568 1862 728 1912 posset,
762 1852 939 1895 circiter
962 1852 1079 1897 milia
1102 1867 1306 1911 passuum
1329 1850 1369 1894 X
1390 1851 1449 1894 ab
1470 1850 1681 1894 Romanis

176 1912 303 1960 trinis
334 1914 487 1959 eastris
518 1913 855 1971 Vercingetorix
885 1911 1101 1956 consedit:
1135 1910 1473 1968 convocatisque
1500 1911 1556 1955 ad
1576 1925 1676 1956 con-

174 1971 324 2017 cilium
359 1973 577 2032 praefectis
601 1990 625 2016 e
662 1971 820 2022 uitum‚
855 1980 884 1998 “
906 1973 1069 2016 venisse
1093 1981 1265 2029 tempus
1288 1970 1481 2013 victoriae
1500 1970 1677 2014 demon-

178 2038 207 2060 “
229 2041 362 2076 strat:
397 2033 552 2091 fugere
573 2034 616 2076 in
628 1991 912 2079 lJrovinciam
934 2032 1169 2080 Romanos,
1191 2030 1426 2088 Galliaque
1447 2029 1673 2078 excederex

177 2098 207 2117 ‘⁶
231 2093 276 2137 id
297 2092 379 2137 sibi
409 2093 465 2136 ad
488 2102 746 2152 praesentem
777 2092 1057 2136 obtinendam
1082 2092 1332 2135 libertatem
1354 2089 1455 2133 satis
1476 2105 1588 2138 esee;
1618 2089 1676 2137 ad

176 2158 206 2177 “
232 2153 391 2212 reliqui
414 2153 623 2212 temporis
658 2169 809 2211 pacem
837 2162 972 2211 atque
994 2152 1132 2195 otium
1156 2165 1311 2209 parum
1334 2148 1511 2208 profici:
1544 2149 1676 2206 majo-

178 2218 207 2238 “
231 2214 354 2258 ribus
390 2213 504 2262 enim
543 2213 705 2258 coactis
742 2212 880 2272 copiis
918 2227 1186 2260 reversumS,
1226 2225 1371 2267 neque
1404 2208 1531 2255 finem
1569 2209 1675 2253 belli

231 2369 410 2400 Volcarum
423 2369 574 2400 Arecom.
590 2365 661 2397 vid.
673 2365 714 2397 ad
730 2367 761 2404 6,
773 2367 827 2396 24.
846 2364 896 2396 M.
1008 2362 1150 2401 Pedites,
1165 2365 1224 2405 qui
1234 2365 1540 2395 —cons-twrerant.
1569 2360 1624 2392 Cf.
1647 2362 1675 2398 1,

180 2414 217 2446 ln
234 2414 288 2445 ed.
307 2415 415 2445 Amst.
431 2413 520 2444 male
544 2411 669 2454 legitur
692 2422 732 2441 ac
750 2411 894 2442 Rlzemo-
961 2408 1017 2439 48.
1042 2408 1092 2439 M.

176 2469 270 2490 rum.
1007 2453 1035 2484 A
1060 2452 1290 2484 Trib.mil.-—
1312 2452 1486 2482 Romanis.
1533 2449 1676 2490 Equites

227 2504 346 2536 Nihilo.
371 2505 495 2536 mium.
542 2499 760 2533 Praemittitur
790 2498 892 2541 vulgo
960 2497 996 2529 h.
1010 2496 1035 2529 l.
1051 2506 1120 2529 uon
1135 2503 1210 2528 sunt
1228 2495 1249 2528 ii
1267 2494 1405 2533 milites,
1422 2495 1484 2535 qui
1501 2493 1676 2536 peditibus

182 2548 264 2580 Hic.
281 2556 471 2589 perperam.
962 2541 1093 2584 opponi
1133 2541 1264 2579 solont;
1311 2541 1368 2571 sed
1408 2539 1508 2573 ciues
1547 2537 1675 2571 ordinis

224 2593 435 2632 Allobrogum.
456 2590 517 2624 alii
538 2591 742 2631 Allobroqes.
959 2586 1135 2629 equestris,
1162 2586 1283 2627 quales
1308 2596 1339 2617 c.
1365 2586 1406 2615 cn
1441 2583 1518 2615 ivit.
1550 2582 1675 2617 inteni-

225 2637 460 2678 Absupexiore
472 2636 566 2668 beHo.
611 2636 664 2671 Cli.
686 2637 714 2673 1,
729 2634 761 2666 6.
787 2634 894 2666 Holo-
958 2638 1092 2673 guntur.
1153 2630 1269 2661 Verba
1297 2629 1354 2661 set]
1384 2635 1415 2660 co
1443 2627 1552 2659 dubia.
1579 2632 1674 2660 sum:
1721 2627 1726 2632 ’

178 2692 337 2716 manuus.
961 2687 1040 2708 nam
1057 2676 1110 2707 vel
1125 2675 1183 2707 sed
1199 2675 1309 2713 deest3
1335 2673 1389 2706 vel
1401 2673 1528 2709 sedaret
1544 2682 1608 2713 pro
1618 2672 1675 2703 secl

227 2727 409 2759 Resediaee.
424 2725 470 2758 al.
487 2725 655 2757 reshbisse.
701 2722 757 2754 Sic
782 2726 817 2754 et
838 2721 892 2754 ed·-
959 2727 989 2755 ει
1004 2720 1145 2762 legitur3
1169 2719 1224 2752 vel
1235 2719 1295 2750 sed
1303 2723 1332 2749 et
1343 2729 1416 2759 equ..
1432 2718 1526 2748 Rom.
1539 2716 1675 2758 penitus

179 2771 324 2806 Mediol.
340 2772 434 2804 1478.
452 2769 660 2811 Metapliora
670 2767 714 2801 ab
726 2766 894 2801 exstincta
961 2767 1067 2797 deest.
1114 2764 1148 2796 Si
1166 2763 1282 2795 absint
1299 2762 1417 2797 verba..
1434 2761 1492 2796 sed,
1507 2766 1550 2799 et,
1572 2771 1674 2794 nemo

180 2816 331 2855 flamma.
961 2811 1144 2843 desideret.
1192 2808 1242 2840 De
1257 2807 1414 2839 evocatas
1426 2816 1457 2837 v.
1474 2804 1546 2839 lud.
1563 2806 1614 2839 M.

228 2863 315 2896 Suos
335 2865 483 2894 tuemur.
530 2859 571 2893 In.
589 2858 667 2890 edd.
688 2856 896 2899 quibusdam
1014 2856 1087 2887 'I'oti
1114 2854 1242 2886 Gauioe.
1271 2851 1336 2884 alii
1354 2857 1426 2886 tota
1450 2851 1580 2889 Gauio,
1605 2850 1629 2883 i.
1643 2861 1678 2882 e.

180 2905 303 2948 reperi,
325 2916 402 2938 suo-s·
419 2908 507 2945 filum
529 2910 553 2936 t.
600 2902 655 2934 Sic
679 2908 714 2933 et
730 2902 896 2943 metapht.
962 2911 1021 2943 per
1041 2905 1149 2931 totum
1163 2896 1322 2930 Galliam.
1459 2938 1466 2944 ⁶

180 2951 290 2991 GFQC.
305 2951 358 2991 «θοις
371 2950 448 2994 σφω”ν
463 2948 567 2994 χώραν
583 2945 828 2991 animadv-‘ravat‘
845 2947 899 2981 Μ.
1012 2945 1062 2975 4ιί
1079 2943 1269 2976 concilium.
1317 2941 1425 2973 Recte
1440 2949 1504 2978 sle,
1518 2949 1588 2973 nou
1596 2949 1676 2972 con-

961 2991 1090 3022 silium.
