1946 3261
269 277 356 321 512
494 275 550 318 A.
585 269 788 316 HIRTII
822 269 907 315 DE
940 267 1144 314 BELLO
1178 267 1531 314 AFRICANO.

266 402 438 445 sinistro
457 398 549 458 ejus
567 413 702 441 cornu
723 395 870 440 ordiar
888 404 932 438 et
954 397 1007 438 ad
1027 394 1233 438 dextrum
1255 395 1518 454 perveniam.
1583 394 1754 439 Habuit

265 461 310 503 in
345 458 515 501 sinistro
553 473 687 500 cornu
724 456 935 515 legionem
973 454 1129 504 VIIII,
1168 454 1314 504 VIII;
1358 456 1401 497 in
1426 455 1582 498 dextro
1617 469 1755 498 cornu

266 518 406 567 XXX,
439 515 673 565 XXVIII;
710 514 841 566 XIII,
878 512 1033 563 XIIII,
1066 512 1309 563 XXVIIII,
1351 513 1504 555 XXVI
1538 515 1581 556 in
1615 513 1755 556 media

263 576 380 625 acie;
421 575 561 633 ipsum
583 583 729 617 autem
749 574 953 616 dextrum
981 587 1132 622 cornu,
1165 572 1394 615 secundam
1415 572 1550 614 aciem
1567 572 1674 621 fere,
1708 571 1754 615 in

263 651 411 678 earum
430 634 649 693 legionum
671 642 795 691 parte
816 631 1059 675 cohortium
1089 631 1415 679 conlocaverat3
1462 638 1672 689 praeterea
1699 646 1754 673 ex

264 695 456 736 tironum
489 693 731 751 legionibus
762 707 919 749 paucas
946 690 1176 748 adjecerat.
1239 690 1436 733 Tertiam
1453 700 1599 733 autem
1620 687 1755 732 aciem

264 752 309 795 in
340 753 558 795 sinistrum
593 767 716 793 suum
753 765 889 792 cornu
926 748 1188 798 contulerat,
1218 757 1262 791 et
1288 765 1424 806 usque
1457 748 1513 791 ad
1541 748 1645 791 aciei
1666 762 1752 790 suae

264 812 451 854 mediam
466 811 680 868 legionem
696 816 966 867 porrexerat,
981 816 1025 849 et
1037 807 1098 850 ita
1114 807 1431 857 conlocaverat,
1448 807 1515 849 uti
1533 807 1753 849 sinistrum

264 886 391 913 suum
412 885 549 912 cornu
569 869 730 926 triplex
751 873 875 910 esset}
935 866 986 908 Id
1007 881 1057 908 eo
1077 866 1253 908 consilio
1277 866 1453 914 fecerat,
1483 866 1601 922 quod
1625 879 1754 908 suum

264 928 470 971 dextrum
503 928 616 969 latus
647 926 956 969 munitionibus
990 925 1311 982 adjuvabatur3
1352 924 1571 967 sinistrum
1590 932 1752 973 autem,

264 988 487 1045 equitatus
507 985 695 1029 hostium
716 984 986 1027 multitudini
1008 984 1074 1026 uti
1096 983 1293 1026 resistere
1316 991 1472 1041 posset,
1505 983 1752 1031 laborabat,

264 1046 504 1103 eodemque
540 1061 665 1087 suum
694 1059 861 1086 omnem
892 1043 1138 1101 equitatum
1160 1042 1430 1084 contulerat:
1478 1049 1538 1091 et,
1570 1040 1688 1099 quod
1710 1041 1750 1083 ei

264 1121 421 1164 parum
443 1103 701 1151 confidebat,
732 1101 931 1160 praesidio
961 1101 1025 1143 his
1058 1101 1278 1158 equitibus
1306 1101 1521 1158 legionem
1555 1100 1753 1158 quintam

266 1164 533 1222 praemiserat
560 1162 786 1218 levemque
806 1168 1074 1203 armaturam
1095 1161 1209 1202 inter
1229 1159 1395 1217 equites
1415 1158 1759 1215 interposuerat.

315 1292 440 1323 Ordiar
452 1306 498 1313 -
511 1290 683 1331 Zeyionem.
738 1288 820 1319 Haec
838 1287 884 1319 ita
899 1293 976 1319 sunt

267 1335 422 1368 mutilata
447 1334 480 1365 in
510 1332 698 1372 codicibus,
724 1338 760 1362 ut
786 1331 974 1363 necessario

267 1380 458 1421 conjectura
487 1377 753 1408 subveniendum
783 1375 881 1406 suerit
908 1377 976 1406 lec-

1036 1288 1163 1328 former
1178 1289 1213 1318 la
1228 1287 1331 1319 ‹lroite
1346 1287 1365 1317 ὰ
1381 1289 1416 1319 la
1428 1289 1522 1328 place
1546 1288 1601 1319 cles
1615 1288 1760 1319 cohortes

1045 1334 1104 1372 qui
1120 1332 1247 1362 avaient
1273 1330 1320 1362 ι”ῐὲ
1344 1330 1516 1363 αιίνίὸιιέεε
1539 1343 1586 1363 au
1608 1342 1699 1373 corps·
1713 1331 1756 1362 de

1044 1376 1191 1405 bataille-
1216 1374 1347 1412 Quodsi
1363 1375 1541 1406 verbulum
1553 1376 1594 1406 de
1608 1375 1756 1406 lectione

268 1424 364 1456 tioni.
388 1423 472 1454 Eam
487 1432 528 1452 ex
542 1426 636 1462 parte
648 1419 788 1461 protulit
803 1418 975 1460 ingenium

268 1466 480 1504 Rhellicani,
494 1475 571 1506 quae
587 1469 637 1495 est
652 1463 775 1495 sensim
790 1471 923 1504 recepta
942 1463 974 1493 in

266 1510 444 1544 editiones.
503 1510 572 1540 Res
603 1507 674 1549 ipsa
701 1508 860 1545 declarat,
888 1506 976 1537 nihil

267 1556 362 1587 aliud
379 1553 480 1586 scribi
497 1553 541 1584 ab
566 1552 678 1583 Hirtio
705 1551 870 1592 potuisse.
917 1551 978 1581 Est

266 1606 380 1631 autem
405 1599 439 1629 in
464 1596 562 1628 Leid.
586 1606 637 1637 pr.
668 1596 839 1627 ordinaret
862 1605 978 1636 perre-

268 1646 379 1675 niam.
427 1641 559 1672 Habuit
586 1641 748 1680 leyimoem
774 1639 844 1676 IX,
881 1639 980 1669 VIII

267 1690 304 1718 in
330 1688 461 1717 sinistro
489 1693 605 1720 cornu,
634 1684 716 1719 XX,
752 1681 978 1719 XXXVIII,

272 1729 390 1762 ceteris
406 1727 552 1759 omissis.
584 1727 620 1757 In
636 1725 717 1756 aliis
734 1731 795 1763 est,
808 1725 977 1756 ordinaret

270 1774 316 1806 ad
332 1774 488 1804 alez-trum.
503 1772 665 1811 leqionem
684 1770 740 1800 IX
757 1774 788 1800 et
811 1770 918 1799 VIII.
942 1771 977 1799 in

269 1820 400 1850 sinistro
442 1825 544 1847 cornu
585 1814 705 1851 XXX,
751 1813 977 1843 XXXVIII.

271 1861 343 1892 Nec
371 1861 404 1891 in
432 1857 573 1899 reliquis
596 1855 743 1888 numeris
766 1855 978 1886 consentiunt

271 1905 369 1936 codd.
384 1910 416 1934 et
431 1903 507 1934 edd.
523 1907 593 1933 ant.
631 1901 721 1931 Tum
739 1899 853 1935 verba,
869 1902 978 1940 ipsum

271 1954 385 1981 autem
399 1964 443 1970 -—
455 1948 691 1983 conlocaret-at,
709 1943 787 1984 quis
802 1952 868 1973 non
886 1942 978 1973 videt

274 2004 371 2024 sensu
404 1990 561 2021 destituta
584 1989 681 2019 esse?
743 1988 854 2027 Itaque
878 1986 979 2017 Guis-

272 2037 417 2068 chardus
437 2032 560 2073 (Mem.
587 2031 685 2063 milit.
712 2030 790 2061 Vol.
808 2035 838 2061 2.
857 2041 889 2070 p·
905 2032 980 2061 949.

272 2081 329 2111 vel
345 2080 385 2110 T.
403 2083 434 2109 2.
451 2089 484 2119 p.
500 2079 575 2108 344.
592 2082 626 2106 et
641 2073 748 2106 Mem.
767 2073 887 2104 crit.et
900 2073 981 2104 hist.

275 2135 309 2165 p.
328 2125 401 2154 530.
417 2122 471 2152 vel
485 2121 528 2151 T.
546 2124 575 2151 4.
595 2131 628 2161 p.
646 2120 726 2157 237)
741 2118 834 2155 dicit,
859 2128 900 2148 ex
917 2118 980 2148 hac

275 2166 470 2199 diversitate
494 2164 678 2195 lectionum
704 2163 818 2193 locum
845 2161 911 2192 sibi
928 2161 982 2191 vi-

275 2211 348 2243 deri
380 2209 427 2240 sic
457 2207 728 2239 constituendum
744 2218 751 2235 z
793 2206 923 2237 Habuit
947 2207 982 2236 in

274 2258 410 2286 sinistro
441 2262 546 2284 cornu
575 2252 736 2289 lemanem
770 2250 835 2280 IX.
873 2249 982 2280 VIII.

278 2300 323 2331 In
338 2299 452 2329 dextro
469 2305 572 2326 cornu
587 2295 704 2327 XXX.
721 2294 790 2324 XX
800 2293 907 2323 VIII.
940 2294 983 2323 In

276 2343 389 2374 ‘medin
405 2342 474 2372 acie
488 2338 604 2371 XIII.
618 2337 756 2368 XIIII.
773 2336 984 2374 XXVIIII,

280 2385 420 2418 XXVI.
468 2383 511 2413 In
531 2381 640 2412 media
662 2384 774 2411 autem
795 2383 864 2411 acie
878 2382 986 2420 ipeum

275 2431 431 2462 dexterum
445 2436 550 2457 corna
558 2438 571 2463 ;
592 2424 770 2456 secundam
786 2426 895 2453 miem
913 2424 987 2463 fere

279 2474 564 2505 -conlocm-erat.
605 2469 717 2508 ltaque
734 2467 848 2503 verba,
865 2470 896 2497 in
916 2478 986 2497 vme-

278 2518 339 2549 dia
357 2518 437 2552 acie,
451 2525 470 2545 a
488 2511 639 2544 librariis
652 2512 755 2542 altero
767 2510 842 2541 loco
857 2511 983 2541 omissa

280 2567 389 2602 putat.
409 2559 486 2590 Jam
500 2558 585 2588 hanc
597 2554 790 2587 lectionem.
801 2554 844 2584 ab
859 2564 893 2583 sc
903 2564 984 2584 con-

279 2604 441 2641 stitutam,
458 2602 503 2632 ita
519 2600 633 2631 vertit:
662 2599 714 2629 La.
728 2597 934 2629 muz-ibmevt
947 2600 984 2629 la

279 2647 432 2680 huicibme
456 2647 574 2677 etaient,
591 2645 611 2674 ὰ
629 2643 722 2674 ἰάἲίε
743 2642 884 2682 qaache.
933 2642 984 2672 La

277 2691 444 2723 trentii’me
481 2694 510 2720 et
544 2689 580 2719 la
606 2684 871 2727 ririyt-Izuicibwne
900 2685 918 2713 ὰ
948 2686 984 2715 la

278 2736 396 2766 ‹lt-oile.
444 2733 494 2764 La
509 2734 688 2767 treieieme,
703 2731 739 2760 Ia
755 2727 984 2770 quarm-zibme,

280 2780 315 2810 la
354 2776 635 2817 rinqt-neuvffime,
675 2775 710 2805 la
742 2771 983 2812 rinqt-siav'Eme

281 2823 365 2853 clane
404 2822 433 2851 le
473 2829 566 2860 corpe
605 2819 646 2849 de
688 2818 834 2848 baraille.
895 2816 984 2845 Mais

279 2865 373 2896 l‘afle
411 2865 513 2895 droite
552 2861 625 2893 ὕίοὶἰ
663 2871 780 2891 encore
822 2861 983 2899 compr-ise

279 2909 366 2941 dans
397 2918 455 2938 son.
483 2917 576 2947 corps
597 2906 638 2936 de
660 2905 810 2941 bataille,
838 2909 867 2935 et
899 2903 922 2932 il
950 2912 984 2933 se

277 2953 395 2985 sev-coit
424 2951 465 2983 de
493 2960 533 2981 sa
561 2948 694 2981 seconde
721 2949 812 2990 lique
833 2957 921 2989 pour
943 2956 984 2978 en

1043 1418 1164 1449 addere
1179 1417 1268 1457 licet,
1279 1419 1310 1449 in
1323 1418 1480 1450 extremis
1492 1418 1619 1457 verbis,
1635 1422 1671 1450 in
1686 1429 1756 1451 ear.

1044 1463 1109 1501 leq.
1135 1473 1211 1503 pur.
1235 1464 1306 1493 coli·
1336 1464 1574 1501 conlocat-erat,
1604 1463 1754 1494 nondum

1045 1516 1115 1535 esse
1146 1506 1327 1537 lectionem
1359 1507 1538 1548 genuinam
1571 1513 1665 1548 puto.
1703 1507 1755 1537 M.

1048 1549 1164 1580 Rosch
1193 1550 1225 1580 in
1253 1550 1444 1582 Comment.
1469 1551 1553 1582 iiber
1575 1551 1629 1582 die
1653 1550 1756 1582 Com-

1045 1601 1148 1624 ment.
1159 1594 1218 1624 dcs
1230 1594 1351 1625 Cblsar.
1370 1605 1403 1635 p.
1423 1597 1483 1626 108
1495 1594 1663 1626 consentit
1675 1604 1753 1625 cum

1045 1636 1258 1668 Guischardo
1274 1640 1309 1669 in
1331 1639 1447 1670 ‘media
1471 1641 1541 1670 acie
1565 1638 1618 1669 bis
1639 1638 1755 1680 legen-

1045 1681 1126 1712 dum
1153 1692 1236 1719 esse,
1267 1692 1385 1712 verum
1410 1688 1509 1722 negat
1529 1688 1685 1713 octavam
1707 1682 1756 1713 le-

1043 1725 1179 1764 gionem
1194 1725 1342 1756 adfuisse
1360 1725 1392 1756 in
1419 1726 1505 1764 acie,
1532 1726 1662 1767 quippe
1676 1736 1752 1766 quae

1045 1778 1119 1808 cap.
1138 1771 1192 1799 62.
1207 1770 1345 1799 demum
1359 1769 1537 1801 advenisse
1553 1770 1657 1801 fertur
1671 1779 1751 1800 cum

1046 1811 1203 1852 septima.
1233 1812 1351 1853 ltaque
1368 1812 1417 1843 sic
1437 1813 1501 1853 legi
1518 1813 1589 1844 vult
1605 1825 1612 1842 :
1636 1815 1672 1843 v'n
1687 1815 1751 1844 sin.

1045 1866 1147 1886 cornu
1162 1858 1227 1894 leq.
1252 1857 1373 1886 VIIII
1387 1861 1417 1886 et
1438 1858 1470 1887 X
1486 1856 1546 1892 (cf.
1563 1867 1593 1887 c.
1612 1856 1688 1895 53),
1715 1858 1752 1887 in

1045 1899 1079 1929 d.
1109 1910 1138 1929 c.
1174 1900 1281 1930 XXX
1309 1905 1339 1931 ec
1370 1900 1524 1931 XXIX.-
1552 1902 1588 1931 in
1614 1911 1659 1930 m.
1686 1901 1755 1931 acie

1049 1943 1165 1980 XIII,
1186 1944 1286 1980 XIV,
1307 1943 1482 1974 XXVIII
1493 1949 1522 1974 et
1542 1943 1682 1975 XXVI.
1709 1944 1753 1974 In

1046 1997 1092 2017 m.
1122 1991 1236 2017 autem
1258 1989 1330 2017 acie
1351 1992 1416 2017 etc.
1455 1987 1519 2017 Sed
1545 1986 1656 2027 ipsum
1672 1996 1755 2018 con-

1046 2030 1134 2060 sulat
1150 2030 1265 2060 lector.
1289 2029 1365 2060 Alia
1382 2030 1541 2070 proponit
1557 2030 1725 2062 Jurinius.

1094 2074 1138 2105 Ec
1156 2083 1258 2114 usque
1272 2073 1587 2115 ael—porrexerat.
1624 2074 1753 2106 Locum

1049 2117 1282 2148 Guischardus
1304 2116 1353 2158 (p.
1381 2119 1443 2148 530
1469 2118 1523 2149 vel
1545 2117 1645 2149 Tom.
1670 2121 1701 2149 4.
1719 2128 1753 2160 p.

1050 2163 1128 2199 243)
1154 2161 1202 2191 sic
1221 2160 1345 2191 vertit:
1373 2161 1477 2193 A‘iant
1507 2161 1691 2202 trampone
1713 2172 1755 2194 sa

1049 2204 1209 2236 troisilvne
1235 2206 1324 2245 Iiyne
1349 2205 1368 2234 ὰ
1393 2215 1451 2236 son
1479 2205 1548 2236 αΐίε
1571 2207 1713 2245 yauche,
1730 2207 1754 2238 iz

1046 2249 1230 2290 prolonqea
1253 2253 1332 2279 cette
1355 2248 1575 2290 ai'ley'usqu’d
1588 2250 1625 2280 la
1644 2250 1755 2289 leqicm

1051 2294 1109 2333 qui
1122 2295 1309 2333 partaqeoit
1333 2293 1369 2322 Ια
1384 2294 1515 2331 ‚qam-lte
1531 2292 1572 2323 de
1587 2302 1646 2323 son
1660 2303 1755 2334 corps

1049 2337 1090 2367 de
1105 2336 1253 2367 bamille.
1276 2336 1326 2366 M.
1382 2335 1476 2376 Lips.
1501 2335 1668 2368 malebat:
1709 2336 1756 2368 αιὶ

1050 2381 1132 2411 aciei
1147 2389 1215 2411 821oe
1229 2379 1346 2410 medice
1360 2380 1516 2419 quiones.

1099 2423 1341 2463 Aci-juvabatur.
1365 2423 1491 2454 Cellar.
1506 2433 1548 2454 ex
1563 2421 1678 2454 Ursini
1696 2433 1756 2454 co-

1050 2467 1127 2498 dice
1145 2467 1381 2507 adjut-aretur.
1419 2467 1470 2498 De
1488 2467 1621 2498 turbato
1637 2467 1671 2498 h.
1684 2467 1708 2498 l.
1723 2477 1755 2498 v.

1050 2511 1139 2542 Oud.

1096 2554 1256 2586 Praesidio
1271 2570 1313 2576 .-
1326 2557 1547 2595 maemstwrat,
1592 2555 1618 2585 il
1651 2552 1756 2595 placa

1049 2598 1173 2630 ‹let-ant
1183 2599 1217 2628 Za
1229 2599 1390 2629 caralerie
1403 2609 1440 2630 sa
1453 2597 1638 2640 cinquikme
1648 2596 1756 2639 ἰέρόοη

1047 2653 1135 2684 pour
1161 2643 1196 2673 la
1229 2642 1393 2683 protvqer.
1440 2642 1509 2673 Nec
1542 2641 1754 2673 incommode

1053 2686 1182 2716 confert
1203 2685 1433 2716 Guischardus
1463 2686 1548 2716 lianc
1578 2684 1666 2715 Festi
1697 2684 1756 2714 de·

1052 2729 1291 2770 scriptionem:
1344 2730 1544 2761 Praesidium·
1571 2733 1629 2767 est,
1665 2727 1755 2768 quod

1047 2784 1110 2814 pro
1129 2774 1267 2804 uriliano
1282 2778 1312 2804 ec
1334 2774 1443 2805 salute
1467 2774 1610 2812 alicujus
1634 2772 1756 2802 aun'lii

1051 2819 1163 2857 qratia
1175 2818 1381 2857 prcelwnilur
1392 2829 1406 2854 ;
1438 2816 1633 2852 subsidium,
1663 2814 1754 2856 quod

1048 2862 1267 2901 postpositum
1287 2864 1333 2890 ext
1356 2860 1404 2892 ad
1426 2858 1685 2893 subveniendum
1701 2860 1755 2890 la-

1051 2904 1254 2936 borantibus.
1278 2904 1330 2936 M.
