1946 3261
849 241 933 284 637⁴

495 591 736 648 INDEX
773 591 1298 648 LATINITATIS.

169 770 284 802 Litera
302 771 342 808 A,
356 771 506 800 numeris
520 770 674 812 proefi-ea,
688 769 830 810 refertur
845 769 891 801 acl
906 770 1031 802 librum
1045 770 1086 802 de
1105 770 1193 802 Bello
1214 767 1439 802 Alexandrino
1451 781 1461 799 .·
1482 769 1578 800 litera
1597 770 1633 800 C.

208 813 253 845 ad
268 813 368 844 libros
381 814 422 848 de
442 814 528 845 Bello
547 815 663 845 Civili.-
684 815 787 845 literae
805 814 858 855 Af.
876 815 920 845 αιί
937 815 1062 846 lbbrum
1090 815 1132 846 (Ie
1152 815 1243 846 Bello
1270 814 1427 855 Africano
1440 827 1449 844 :
1471 815 1568 844 litera
1589 814 1635 844 H.

209 856 255 889 ad
269 857 393 888 librum
411 857 451 887 de
469 858 560 889 Bello
581 858 812 898 Hispanienei.
865 858 1015 896 Numeri,
1041 859 1160 899 quibus
1182 858 1283 890 nulla
1309 859 1407 890 litera
1423 860 1567 900 proefioea
1581 862 1638 894 est,

209 903 374 943 pertinent
387 900 434 933 cvl
447 901 548 933 libro-s·
563 901 604 933 de
621 901 712 933 Bello
732 903 870 934 Gallico.

888 1162 927 1190 A.

173 1215 224 1271 Α
250 1239 421 1280 PORTA,
443 1250 483 1272 ea
500 1246 604 1283 parte,
618 1251 685 1282 qua
701 1247 797 1282 porta
811 1247 872 1276 est,

218 1284 251 1321 6,
267 1286 319 1315 37.
365 1284 422 1317 Sic
443 1296 466 1316 a
485 1288 659 1317 novissim
681 1288 826 1326 aqmine,
844 1289 872 1323 l,

217 1329 270 1358 23.
292 1329 335 1360 ab
361 1330 475 1367 labri-3,
500 1331 532 1366 6,
549 1331 602 1360 28.
629 1329 672 1360 ab
698 1331 873 1370 Sequanis,

222 1373 249 1409 l,
268 1374 294 1403 1.
317 1383 340 1404 a
357 1374 472 1411 Delta,
497 1383 537 1404 ea
552 1378 662 1414 parte,
684 1383 752 1413 qua
773 1374 872 1404 Delta

941 1242 1105 1281 Accidere,
1118 1244 1221 1275 telum
1234 1242 1354 1275 accidit
1366 1244 1458 1282 navi,
1471 1241 1641 1275 adlabitur

982 1287 1024 1317 ad
1039 1296 1126 1324 eam,
1139 1298 1216 1318 eam
1231 1288 1318 1325 ferit,
1335 1290 1365 1325 3,
1388 1290 1436 1318 14.
1453 1291 1504 1318 25.
1521 1290 1641 1328 species

982 1331 1101 1363 accidit
1127 1332 1241 1370 alicui,
1267 1330 1378 1362 oculis
1400 1331 1470 1372 ejus
1494 1331 1642 1369 offertur,

984 1378 1017 1409 8,
1033 1377 1063 1405 8.
1087 1376 1178 1406 male
1199 1377 1298 1406 elima*
1323 1375 1452 1413 accidit,
1475 1375 1517 1406 de
1534 1375 1642 1413 exitu,

219 1414 352 1457 incipit,
378 1418 417 1448 A.
435 1419 488 1448 27.
515 1417 596 1447 item
623 1417 665 1447 ab
689 1419 807 1455 ramis,
833 1427 873 1447 ea

217 1465 324 1500 parte,
337 1470 404 1501 qua
420 1460 504 1492 rami
521 1460 700 1500 incipiunt,
716 1462 748 1497 7,
764 1462 816 1491 73.
831 1462 875 1492 ab

215 1503 290 1542 (ex)
298 1505 417 1546 aliqua
429 1515 465 1536 re
476 1514 679 1544 coquo-scere,
691 1510 726 1534 ut
736 1514 754 1534 e
767 1504 874 1544 signo,

223 1549 251 1586 l,
266 1551 318 1578 22.
346 1559 369 1579 a
390 1549 485 1580 domo
501 1549 630 1586 ducere,
664 1551 690 1586 l,
707 1550 759 1579 53.
785 1558 875 1578 unus

218 1591 261 1622 ab
275 1591 349 1630 (ex)
363 1593 555 1629 novissimis,
573 1595 602 1629 2,
618 1595 670 1623 25.
697 1593 740 1623 ab
756 1592 875 1632 refru-

217 1638 385 1667 mentm-ia
405 1635 548 1672 (ratione
566 1635 613 1666 rei
632 1635 687 1674 fr.)
712 1636 876 1673 laborare,

218 1680 250 1715 7,
270 1681 317 1709 10.
347 1690 370 1711 a
396 1680 522 1710 duobus
547 1680 682 1710 milibus
700 1689 875 1720 passuum,

219 1721 394 1754 intervallo
418 1724 562 1754 duorum
587 1722 732 1760 milium,
762 1734 795 1763 p.
823 1734 875 1754 re-

217 1766 316 1804 moti,
333 1771 363 1805 5,
379 1770 430 1798 31.
456 1768 488 1804 6,
506 1769 524 1797 7

174 1812 215 1848 Α,
239 1810 284 1841 ab
309 1811 378 1841 loco
398 1810 553 1851 genitivi,
577 1816 608 1849 5,
625 1814 676 1842 54.
700 1812 876 1851 imperiaa

220 1854 262 1885 P.
279 1855 320 1885 R.
344 1853 382 1885 C.
406 1857 432 1892 1,
455 1857 480 1885 l.
502 1855 620 1886 litterae
641 1866 664 1886 a
687 1856 725 1886 C.
743 1856 874 1885 Caesare

220 1900 251 1934 3,
266 1899 318 1928 36.
335 1908 358 1929 a
375 1899 424 1929 M.
440 1899 587 1929 Favonio

175 1941 315 1974 Abditas
343 1941 523 1980 (remotus)
546 1943 588 1972 ab
610 1943 724 1984 aliquo
739 1943 818 1980 loco,
845 1944 876 1980 7,

178 2029 306 2067 Abesse,
330 2040 399 2060 non
413 2029 510 2069 lonqe
523 2029 624 2067 abest,
648 2032 743 2070 quin,
774 2032 804 2068 3,
827 2033 874 2062 18.

222 2077 253 2111 5,
269 2077 299 2103 2.
314 2074 412 2113 lonye
425 2074 509 2104 mihi
523 2073 613 2103 abest
626 2073 696 2104 kaec
709 2083 771 2111 res,
786 2073 874 2105 nihil

220 2116 306 2147 mihi
317 2117 448 2158 prodest
469 2118 494 2153 l,
509 2117 549 2146 36
563 2128 570 2146 :
587 2126 663 2147 nam
673 2118 764 2157 quod
775 2118 874 2149 nobis

219 2161 418 2201 adest,quod
430 2160 462 2190 in
474 2165 632 2201 promptu
641 2165 674 2190 et
684 2162 727 2191 ad
739 2171 874 2193 manum

220 2210 283 2242 est,
307 2204 341 2235 id
368 2211 419 2235 est.
442 2203 538 2241 utile,
563 2209 596 2234 et
622 2203 723 2235 habet
745 2204 875 2245 aliquid

219 2247 415 2290 adjumenti.
439 2248 603 2288 Exempla
616 2248 822 2289 collegerunt
832 2251 873 2280 ad

221 2293 256 2323 h.
270 2293 292 2323 l.
309 2290 511 2323 ciacconius
526 2297 558 2322 et
571 2291 828 2333 Oudendorpius

177 2339 336 2377 Abjicere,
364 2336 397 2367 in
427 2336 541 2368 locum
575 2335 776 2367 destinatum
807 2342 873 2368 tra-

216 2379 336 2423 jicere,
351 2384 382 2419 5,
400 2382 453 2411 48.
497 2379 550 2410 Cf.
569 2380 611 2410 H.
633 2383 668 2411 18

176 2427 371 2466 Abjunctus,
393 2430 575 2465 separatuS‚
597 2429 743 2455 remotus
762 2424 806 2456 ab
823 2425 874 2456 al-

219 2475 303 2506 tero,
316 2468 385 2499 vid.
399 2469 441 2499 ad
457 2470 489 2505 7,
504 2469 545 2498 56

177 2514 334 2554 Abripere
343 2512 424 2554 quid
437 2513 479 2543 ab
489 2513 612 2553 aliquo,
625 2512 664 2543 C.
681 2515 706 2550 1,
718 2517 749 2544 2.
774 2512 874 2550 Quod

221 2556 373 2598 plerique
397 2557 496 2587 codd.
522 2555 556 2586 h.
573 2556 598 2586 l.
623 2559 790 2597 corripere
815 2557 874 2588 ha-

220 2600 356 2638 bent,id
370 2598 500 2631 videtur
514 2610 533 2630 a
543 2599 789 2631 correctoribus
804 2611 876 2632 esse

179 2644 351 2685 Abroyare
365 2644 589 2684 alifflifidem,
612 2654 689 2673 eum
713 2654 778 2675 non
801 2645 874 2686 dig-

222 2699 303 2720 num
324 2688 389 2719 fide
408 2687 543 2726 habere,
566 2687 599 2718 ei
623 2686 711 2719 nihil
726 2688 874 2726 eredere,

223 2734 256 2772 6,
270 2734 311 2764 23

177 2778 346 2809 Abstinere
359 2787 392 2808 se
408 2777 487 2814 cibo,
503 2778 535 2814 8,
551 2778 592 2807 44

180 2823 336 2863 Acceptas
351 2821 472 2862 referre
483 2822 652 2862 pecunias,
675 2819 821 2851 scribere
839 2818 871 2850 in

221 2865 361 2903 tabulis,
401 2863 563 2905 pecunias
604 2863 705 2896 alicui
746 2864 875 2895 solutas

222 2918 308 2943 nunc
326 2908 469 2944 redditas
481 2907 618 2943 domino
633 2918 718 2948 esse,
734 2909 774 2941 A.
789 2909 829 2940 56

983 1428 1084 1458 quem
1100 1428 1150 1449 res
1167 1418 1283 1457 habet,
1306 1421 1332 1456 l,
1350 1421 1386 1449 31

945 1463 1095 1503 Acm'pere
1123 1463 1361 1501 calamitatem,
1395 1465 1421 1500 1,
1454 1464 1507 1493 31.
1542 1462 1643 1494 detri-

984 1511 1144 1543 mentum,
1162 1510 1193 1543 5,
1210 1510 1261 1537 22.
1286 1508 1449 1546 injuriam
1462 1507 1503 1537 ab
1518 1508 1644 1548 aliquo,

987 1553 1017 1585 2,
1033 1552 1084 1580 33.
1108 1549 1251 1580 dolorem
1265 1560 1307 1580 ev
1323 1552 1443 1591 aliqua
1458 1561 1506 1588 re,
1532 1552 1572 1582 A.
1589 1554 1641 1581 25.

984 1595 1167 1624 orationem
1180 1594 1330 1630 alteria&
1346 1593 1488 1634 probare
1506 1599 1536 1632 5,
1557 1596 1582 1625 1.
1605 1596 1644 1624 in

986 1636 1199 1675 deditionem,
1226 1639 1251 1675 l,
1270 1640 1322 1668 28.
1345 1639 1432 1669 male
1446 1641 1564 1680 accipi,
1589 1637 1643 1668 Af.

942 1725 1063 1755 Aea-isne
1086 1727 1199 1766 copiae,
1225 1724 1422 1763 imminutae,
1445 1725 1643 1764 debilitatae,

985 1770 1070 1806 8‚31

941 1812 1106 1843 Accua-ate
1122 1813 1302 1851 αἰίἱῇεανρ,
1325 1824 1403 1844 cum
1419 1824 1498 1845 cura
1515 1818 1548 1844 et
1564 1811 1642 1844 dili-

983 1855 1107 1896 gentia,
1128 1858 1159 1894 6,
1175 1860 1227 1887 22.
1275 1856 1468 1899 Opponitur
1483 1857 1582 1896 casis,
1598 1857 1640 1888 ad

982 1904 1115 1940 tempus
1131 1900 1285 1933 structis.

941 1944 1107 1974 Accusare
1136 1945 1295 1985 aliquem,
1325 1947 1366 1977 de
1397 1956 1439 1977 eo
1467 1942 1642 1985 conqueri,

990 1988 1075 2024 1,}6

942 2030 1033 2060 Acies
1043 2030 1224 2068 oculorum,
1238 2031 1395 2071 splendor
1403 2043 1531 2071 eorum,
1543 2031 1641 2064 alteri

983 2073 1170 2114 adfulgenS,
1209 2076 1234 2111 1,
1255 2077 1307 2107 39.
1339 2079 1412 2108 acie
1440 2078 1560 2118 triplici
1587 2078 1639 2107 in-

983 2122 1108 2148 structa
1119 2119 1220 2155 venit,
1244 2128 1286 2150 en
1306 2119 1386 2151 trois
1410 2121 1583 2158 colonnes,
1613 2123 1640 2159 l,

983 2162 1036 2191 49.
1054 2163 1085 2198 4,
1103 2163 1150 2191 14.
1166 2160 1203 2191 C.
1222 2164 1249 2199 l,
1263 2166 1316 2195 41.
1332 2170 1365 2194 et
1377 2163 1528 2202 omnino,
1541 2175 1572 2195 c.
1586 2165 1642 2196 64.

982 2204 1051 2235 vid.
1067 2203 1251 2237 Memoires
1275 2206 1347 2238 crit.
1376 2213 1408 2238 et
1435 2207 1553 2239 histor.
1579 2218 1640 2248 par

983 2247 1183 2280 Guisehard.
1209 2259 1242 2290 p.
1262 2254 1302 2282 54
1325 2257 1358 2282 et
1386 2253 1440 2283 87.
1467 2252 1523 2283 vel
1547 2251 1589 2282 T.
1612 2254 1637 2282 1.

983 2302 1016 2333 p.
1038 2294 1108 2323 191.
1135 2294 1243 2324 aciem
1271 2296 1451 2336 simple‘cem
1480 2296 1638 2335 diriqere,

983 2335 1108 2367 milites
1123 2336 1166 2367 ita
1181 2336 1214 2367 in
1225 2337 1297 2369 acie
1309 2339 1490 2377 collocare,
1503 2342 1540 2369 ut
1554 2349 1638 2370 unus

983 2385 1112 2411 tautum
1128 2381 1209 2411 ordo
1224 2381 1278 2420 sit,
1294 2384 1332 2413 A.
1350 2385 1402 2414 37.
1425 2383 1479 2414 Af.
1499 2385 1536 2414 13

939 2425 1103 2455 Actuarz‘a
1117 2427 1214 2455 navis
1228 2426 1328 2457 remis
1344 2425 1542 2468 impellitur,
1558 2431 1589 2465 5,
1611 2429 1637 2458 1.

982 2467 1020 2498 C.
1051 2470 1076 2505 1,
1104 2470 1155 2498 27.
1194 2470 1233 2500 Α.
1258 2472 1291 2507 9,
1314 2472 1366 2501 44.
1404 2471 1457 2502 Af.
1480 2474 1532 2502 28.
1577 2470 1638 2502 Est

983 2510 1140 2545 ἐπίκωπος.
1158 2511 1225 2544 vid.
1238 2513 1380 2552 Gellius,
1394 2514 1487 2546 N.A.
1508 2517 1557 2553 10,
1575 2516 1615 2545 26

942 2555 1005 2593 Ad,
1027 2560 1136 2587 motus
1159 2556 1204 2587 ad
1228 2567 1327 2588 mum
1347 2559 1528 2599 expeditus,
1548 2558 1639 2598 quod

983 2599 1027 2630 ad
1053 2609 1150 2629 usum
1174 2600 1304 2639 attinet,
1328 2603 1359 2638 4,
1386 2606 1438 2633 25.
1465 2603 1511 2633 ad
1534 2612 1637 2643 spem,

983 2643 1073 2683 quod
1089 2643 1130 2673 ad
1146 2653 1220 2674 eam
1237 2644 1364 2682 attinet,
1381 2644 1419 2676 C.
1441 2648 1466 2682 1,
1485 2647 1537 2676 29.
1561 2646 1638 2676 nul-

982 2687 1054 2717 lum
1076 2692 1202 2728 tempus
1224 2689 1452 2720 intermittitur
1475 2689 1519 2720 cul
1544 2689 1640 2719 labo-

982 2741 1064 2768 rem,
1087 2740 1156 2770 quo
1173 2740 1239 2762 non
1256 2731 1351 2762 labor
1368 2731 1437 2769 fiat,
1461 2736 1492 2770 5,
1512 2734 1560 2772 ll,
1583 2734 1637 2776 40.

982 2774 1211 2815 impedimento
1238 2780 1283 2806 est
1308 2776 1354 2806 acl
1377 2785 1545 2817 puynam,
1570 2787 1640 2817 quo

985 2817 1095 2847 minus
1124 2817 1255 2858 possint
1284 2829 1442 2859 pugnare,
1472 2822 1498 2859 l,
1514 2823 1568 2851 25.
1593 2820 1640 2852 ad

984 2870 1162 2893 numerum
1175 2861 1437 2904 (praescriptum)
1451 2868 1482 2902 5,
1497 2865 1549 2895 20.
1571 2874 1641 2895 esse

984 2905 1030 2938 acl
1043 2905 1164 2948 (apud)
1177 2908 1335 2950 aliquem,
1354 2909 1380 2946 1,
1395 2909 1446 2942 31.
1461 2907 1524 2942 ubi
1538 2907 1639 2941 inter-
