1946 3261
197 157 253 202 56
608 157 689 201 DE
723 155 925 200 BELLO
962 155 1253 201 GALLICO.

196 297 387 348 utroque
407 287 542 331 latere
563 287 743 336 instare3
774 294 820 330 et
846 302 937 330 rem
966 303 1052 329 esse
1087 287 1129 328 in
1157 293 1339 344 angusto
1364 285 1490 335 vidit,
1529 300 1669 343 neque

194 349 337 391 ullum
357 363 443 389 esse
463 345 717 396 subsidium,
747 346 867 403 quod
901 345 1098 388 submitti
1120 353 1285 403 posset:
1318 353 1439 388 scuto
1461 344 1517 387 ab
1538 345 1673 386 novis-

194 407 308 450 simis
327 406 399 447 uni
419 404 544 447 militi
564 405 778 455 detracto,
808 405 928 463 quod
951 405 1041 462 ipse
1065 421 1115 446 eo
1143 405 1231 446 sine
1259 412 1383 445 scuto
1405 411 1598 452 venerat,
1630 403 1673 445 in

194 464 379 524 primam
410 463 544 506 aciem
572 465 793 522 processit.
858 462 1283 519 Centurionibusque
1318 463 1569 504 nominatim
1598 461 1672 503 ad-

229 522 381 571 ellatis,
399 522 588 578 reliquos
605 522 854 565 cohortatus
870 522 1040 570 milites,
1059 522 1179 578 signa
1197 521 1356 563 inferre
1375 530 1419 563 et
1436 520 1676 578 manipulos

187 539 493 636 iizxaresussit,
516 596 605 637 quo
627 581 793 624 facilius
814 580 966 638 gladiis
988 580 1052 621 uti
1074 589 1258 636 possent.
1323 580 1461 637 Cujus
1480 579 1673 622 adventu

190 656 268 698 spe
307 595 440 681 inlata
474 639 684 681 militibus
721 656 770 681 ac
806 638 1104 694 redintegrato
1144 638 1302 688 animo,
1341 655 1477 696 quum
1515 655 1598 697 pro
1631 654 1675 680 se

187 698 390 756 quisque,
430 697 473 739 in
516 706 750 755 conspectu
788 696 1068 754 Imperatoris
1109 697 1236 738 etiam
1275 698 1318 739 in
1355 698 1558 740 extremis
1592 697 1677 739 suis

191 756 339 806 rebus,
380 771 557 814 operam
589 771 746 798 navare
783 763 1011 813 cuperent,
1054 755 1249 812 paullum
1284 757 1472 799 hostium
1509 757 1677 814 inpetas

186 815 388 858 tardatus
422 823 500 857 est.

250 874 320 916 26.
356 875 515 923 Caesar,
546 890 682 931 quum
718 872 942 930 septimam
983 873 1211 931 legionem,
1244 889 1340 929 quse
1366 873 1493 930 juxta
1523 872 1677 914 consti-

190 940 323 982 terat,
365 933 469 975 item
510 933 689 989 urgueri
738 932 795 973 ab
836 931 956 975 hoste
999 932 1187 981 vidisset,
1231 932 1448 973 Tribunos
1487 931 1674 973 militum

191 991 376 1040 monuit,
403 999 454 1033 ut
483 991 709 1049 paullatim
746 1007 833 1033 sese
867 991 1056 1049 legiones
1076 992 1388 1049 conjungerent
1409 998 1454 1033 et
1473 1005 1679 1033 conversa

188 1050 312 1107 signa
349 1051 391 1092 in
425 1049 567 1093 hostes
599 1050 822 1092 inferrent.
889 1051 988 1099 Quo
1020 1050 1151 1099 facto,
1185 1066 1321 1107 quum
1347 1049 1456 1091 alius
1483 1049 1555 1091 alii
1576 1049 1675 1092 sub-

191 1108 347 1151 sidium
376 1108 558 1158 ferrent,
595 1124 735 1166 neque
767 1109 998 1170 timerent,x
1023 1124 1074 1150 ne
1105 1109 1242 1151 aversi
1273 1108 1330 1150 ab
1353 1107 1473 1151 hoste
1495 1108 1675 1150 circum-

187 1167 462 1217 venirentur,
492 1166 698 1210 audacius
731 1168 925 1210 resistere
955 1185 1004 1210 ac
1035 1168 1191 1210 fortius
1212 1182 1409 1225 pugnare
1430 1176 1673 1224 coeperunt.

193 1225 375 1269 Interim
402 1225 558 1269 milites
589 1226 807 1284 legionum
827 1226 1030 1275 duarum,
1063 1243 1158 1284 quae
1192 1226 1231 1267 iu
1256 1226 1480 1267 novissimo
1508 1226 1677 1281 agmine

190 1285 389 1342 praesidio
406 1285 704 1343 inpedimentis
719 1285 906 1334 fuerant,
928 1284 1083 1343 proelio
1097 1285 1317 1332 nunciato,
1332 1299 1461 1326 cursu
1481 1284 1676 1333 incitato,

187 1344 231 1386 in
253 1360 417 1386 summo
435 1343 546 1386 colle
563 1343 620 1385 ab
638 1342 832 1385 hostibus
849 1343 1241 1400 conspiciebantur.
1295 1343 1355 1384 Et
1377 1343 1428 1384 T.
1447 1342 1679 1392 Labienus,

188 1402 338 1444 castris
359 1401 545 1445 hostium
569 1401 737 1459 potitus
754 1410 799 1443 et
817 1418 869 1443 ex
888 1401 983 1444 loco
1001 1402 1241 1459 superiore,
1264 1417 1361 1458 quze
1380 1417 1446 1443 res
1465 1401 1507 1443 in
1526 1402 1681 1444 nostris

189 1460 339 1502 castris
368 1467 643 1518 gererentur,
682 1460 969 1518 conspicatus,
1001 1460 1208 1502 decimam
1241 1460 1454 1515 legionem
1487 1459 1680 1503 subsidio

188 1518 346 1562 nostris
373 1518 502 1561 misit.
566 1518 653 1567 Qui
681 1534 817 1574 quum
844 1534 897 1560 ex
917 1519 1117 1574 equitum
1145 1528 1189 1558 et
1211 1518 1410 1560 calonum
1438 1518 1558 1574 fuga,
1589 1535 1680 1576 quo

190 1577 234 1619 in
255 1577 351 1620 loco
374 1593 444 1626 res
461 1584 586 1626 esset,
617 1585 869 1633 quantoque
906 1576 947 1617 in
980 1574 1176 1632 periculo
1200 1583 1244 1615 et
1265 1585 1404 1617 castra
1424 1585 1469 1618 et
1491 1577 1680 1633 legiones

189 1643 236 1677 et
266 1634 331 1678 Im
367 1643 513 1677 erator
535 1643 799 1683 versaretur,
837 1636 1150 1691 cognovissent,
1185 1632 1288 1676 nihil
1323 1633 1377 1675 ad
1413 1632 1680 1679 celeritatem

189 1693 270 1736 sibi
293 1652 451 1750 relliqui
471 1693 684 1735 fecerunt.

251 1753 323 1794 27.
360 1752 533 1795 Horum
554 1751 747 1794 adventu
768 1758 889 1794 tanta
910 1767 1058 1794 rerum
1079 1753 1360 1795 commutatio
1384 1753 1497 1795 facta
1518 1762 1598 1802 est,
1631 1762 1682 1797 ut

193 1811 345 1860 nostri,
368 1811 497 1853 etiam
517 1811 593 1868 qui
616 1810 868 1852 vulneribus
892 1811 1077 1853 confecti
1103 1811 1450 1868 procubuissent,
1470 1813 1601 1855 scutis
1623 1814 1681 1855 in-

194 1869 298 1918 nixi,
322 1869 525 1927 proelium
544 1868 917 1926 1·edintegrareut;
951 1878 1042 1911 tum
1067 1869 1249 1917 calones,
1270 1873 1526 1926 perterritos
1543 1870 1685 1914 hostes

195 1928 448 1987 conspicati,
482 1927 611 1969 etiam
644 1928 824 1969 inermes
843 1929 1017 1971 armatis
1038 1938 1340 1977 occurrerent,
1374 1930 1540 1987 equites
1562 1945 1683 1980 vero,

195 1995 246 2029 ut
288 1986 611 2045 turpitudinem
654 1986 768 2044 fugae
809 1987 973 2029 virtute
1011 1986 1221 2035 delerent,
1264 1988 1463 2031 omnibus
1501 1989 1542 2031 iu
1582 1989 1685 2032 locis

196 2061 356 2103 pugnae
388 2061 431 2087 se
460 2044 704 2102 legionariis
726 2044 935 2087 militibus
958 2047 1226 2103 przeferrent.
1293 2048 1354 2088 At
1377 2046 1530 2096 hostes,
1552 2048 1683 2090 etiam

194 2105 238 2146 in
276 2112 469 2146 extrema
503 2119 578 2161 spe
612 2103 777 2153 salutis,
815 2112 979 2146 tantam
1019 2105 1227 2146 virtutem
1265 2106 1576 2163 prfestiterunt,
1618 2116 1683 2156 ut,

196 2178 332 2219 quum
355 2161 484 2219 primi
503 2178 651 2204 eorum
675 2162 940 2213 cecidissent,
977 2164 1160 2220 proximi
1179 2164 1422 2220 jacentibus
1444 2165 1686 2207 insisterent

194 2229 328 2278 atque
350 2236 403 2262 ex
423 2236 574 2263 eorum
595 2221 850 2278 corporibus
873 2231 1142 2280 puguareun
1175 2222 1236 2264 his
1253 2223 1429 2280 dejectis
1450 2230 1494 2264 et
1515 2239 1684 2267 coacer-

249 2359 312 2389 Um·
329 2358 440 2389 militi.
454 2356 641 2397 suqienlmn
660 2362 771 2386 narrat
786 2355 904 2387 Florus

198 2407 230 2440 3,
252 2403 302 2433 10.
327 2402 448 2432 lentim
472 2400 690 2430 dimicantem
706 2409 905 2440 anonymus.

198 2446 253 2477 Sic
284 2450 320 2476 et
347 2445 423 2475 val.
446 2443 541 2475 Max.
567 2446 598 2476 53.
624 2446 655 2479 2,
684 2445 731 2473 19.
755 2445 907 2475 hundius

193 2494 419 2532 pusynantem.

248 2535 397 2571 La-wre,
429 2531 477 2563 sic
508 2541 566 2572 per
590 2529 764 2562 intervalla
790 2532 906 2562 conlo-

196 2589 289 2613 cate,
304 2587 344 2608 ne
357 2576 459 2608 nimis
471 2575 726 2606 coul'ertistent:
752 2575 797 2606 ita
815 2576 906 2606 enim

198 2627 371 2659 steterant,
382 2626 417 2651 ut
431 2619 546 2661 paullo
558 2625 634 2650 aute
645 2618 772 2650 dictum
782 2624 843 2649 est.
857 2621 905 2650 M.

246 2668 350 2706 Cujus
367 2665 524 2695 adt-omn.
573 2662 625 2694 Sic
646 2663 744 2694 codd.

1022 2360 1064 2390 In
1079 2362 1228 2390 artremis
1243 2370 1269 2390 s.
1286 2372 1316 2391 r.
1365 2359 1571 2401 Praepositio
1590 2361 1681 2393 deest

977 2403 1008 2433 in
1028 2404 1126 2433 codd.
1145 2403 1315 2445 plerisque
1330 2412 1360 2435 et
1378 2405 1455 2435 odd.
1473 2412 1540 2436 vet.

1022 2449 1115 2478 Alius
1130 2450 1190 2477 alii
1203 2448 1343 2488 ,βυ-ΝΜ.
1395 2449 1506 2489 Vulgo
1523 2450 1598 2480 aliis
1613 2451 1685 2481 alii.

977 2490 1055 2521 ilem
1081 2493 1169 2522 nlius
1194 2493 1251 2522 alvi
1265 2493 1381 2532 ferret.
1414 2491 1447 2523 in
1473 2493 1610 2533 vulg-ato
1633 2499 1686 2524 est

976 2535 1135 2576 syllepsis
1152 2546 1218 2566 non
1237 2535 1380 2567 insueta.
1526 2544 1527 2549 ¹

1024 2581 1195 2610 Decimam
1225 2582 1394 2619 lessionem.

975 2623 1202 2654 dumlvcimrnn
1219 2624 1331 2655 habet.

1021 2668 1152 2706 l’nyna’
1167 2678 1198 2697 se
1215 2669 1238 2697 l.
1257 2679 1299 2698 m.
1319 2668 1388 2708 rajf'.
1429 2668 1540 2706 Vulgo
1560 2669 1684 2708 legitur

1443 2581 1534 2612 l‘lut.
1565 2591 1596 2611 c.
1629 2583 1683 2612 20.

793 2663 904 2700 Vulgo

199 2711 314 2749 lugius.

247 2755 310 2794 Spe
323 2753 439 2784 inlam-
485 2751 604 2783 Wasse
625 2752 667 2782 ad
684 2751 820 2782 Sallust.
837 2762 906 2782 ma-

199 2797 273 2828 vult
289 2799 416 2833 innam,
441 2798 497 2826 sed
519 2797 607 2826 idem
626 2802 737 2825 noster
757 2795 855 2825 halw(
874 2798 904 2826 (ἲ.

201 2842 257 2873 43.
297 2838 350 2869 Sic
368 2846 399 2870 et
417 2839 455 2869 C.
473 2844 503 2874 :3¹
522 2843 574 2872 38.
596 2841 702 2871 inlata
716 2842 904 2880 suspicione.

246 2885 312 2916 Pro
324 2893 356 2913 se
365 2884 529 2924 quisquai
547 2894 592 2914 .e.
604 2889 767 2924 quantum
778 2889 905 2924 posset.

200 2926 362 2971 provirili
374 2934 478 2967 parte.
498 2928 573 2961 Non
583 2928 905 2969 nemopersemialc.

973 2716 1185 2742 orem-rorum
1202 2735 1208 2740 .
1226 2735 1231 2741 .
1246 2713 1588 2753 .pu.1mn1ban1.quose
1602 2713 1682 2742 Lm.

972 2764 1026 2793 pr.
1074 2755 1273 2786 linientluvit
1291 2757 1403 2786 lorum
1418 2756 1509 2786 Ond.
1525 2765 1565 2785 ex
1581 2757 1683 2786 codd.

975 2804 1006 2828 ct
1024 2798 1077 2827 ml.
1099 2800 1138 2827 ll.
1156 2799 1331 2839 sopthim.

1022 2843 1063 2873 In
1076 2848 1223 2873 (nr-trema
1244 2855 1296 2883 cpe
1309 2846 1371 2875 sal.
1411 2843 1510 2884 Spem
1528 2842 1602 2874 heic
1619 2854 1682 2883 pro

975 2886 1210 2929 ‹timp-*salione
1229 2887 1310 2928 poni
1330 2898 1505 2928 perperam
1525 2887 1683 2929 perhibet

977 2930 1133 2963 ’schottus
1148 2931 1232 2963 Obs.
1251 2931 1342 2972 po‘e't.
1361 2934 1391 2963 9.
1409 2933 1462 2962 36.
