1946 3261
202 200 294 244 158‘
603 195 688 240 DE
722 193 927 239 BELLO
960 190 1278 239 GALLICO‘.-

199 335 230 355 ‘⁴
251 326 496 382 finibusque
531 321 816 365 Trevirorum
851 321 906 365 ad
949 321 1139 365 Nervios
1177 321 1385 381 pertinet,
1417 322 1678 384 milibusqpe

199 394 230 413 “
253 384 437 442 amplius
459 382 501 425 D
523 381 568 423 in
588 380 902 439 longitudinem
924 382 1112 439 patet,”)
1144 380 1195 422 L.
1217 381 1462 424 Minucium
1484 382 1678 425 Basilum

199 460 298 488 cum
319 440 433 485 omni
453 441 654 498 equitatu
674 440 918 498 praemittit,
939 439 973 482 si
995 439 1101 497 quid
1121 439 1342 483 celeritate
1362 440 1526 484 itineris
1545 449 1680 498 atque

202 499 535 560 obportunitate
555 498 763 557 temporis
783 498 992 557 proficere
1008 498 1166 556 possit3
1196 506 1358 550 monet,
1376 508 1428 543 ut
1447 500 1569 558 ignes
1587 497 1682 542 fieri

201 562 245 603 in
265 558 416 602 castris
442 557 690 617 prohibeat,
719 572 773 600 ne
802 572 889 615 qua
907 557 1000 614 ejus
1019 557 1229 601 adventus
1254 557 1410 617 procul
1428 558 1682 618 significatio

201 618 298 661 fiat:
331 634 419 661 sese
438 616 663 660 confestim
682 616 887 673 subsequi
907 615 1029 659 dicit.

262 677 335 721 30.
370 675 556 726 Basilus,
574 683 629 717 ut
646 675 906 733 imperatum
931 683 1012 724 est,
1048 675 1179 726 facit3
1209 674 1411 719 celeriter
1440 683 1680 734 contraque

204 735 397 780 omnium
428 734 675 793 opinionem
712 734 907 777 confecto
941 733 1112 785 itinere,
1148 734 1308 777 multos
1335 735 1381 777 in
1410 735 1526 793 agris
1545 734 1682 793 inopi-.

205 802 356 838 nantes
388 793 688 852 deprehendi3
729 808 880 835 eorum
915 791 1074 837 indicio
1109 792 1165 836 ad
1201 793 1341 852 ipsum
1379 793 1683 851 Ambiorigem

203 852 445 903 contendit,
479 867 566 910 quo
601 852 645 894 in
674 852 770 895 loco
802 867 900 894 cum
974 851 1064 894 ucis
1084 851 1305 910 equitibus
1323 868 1413 895 esse
1433 851 1679 895 dicebatur.

206 912 404 955 Multum
423 927 560 970 quum
580 910 624 953 in
644 910 841 954 omnibus
861 867 1005 960 regiis,
1040 919 1136 954 tum
1172 911 1215 954 in
1248 926 1296 953 re
1329 910 1512 954 militari
1538 918 1684 968 potest

203 971 394 1015 fortuna.
457 970 574 1012 Nam
593 971 704 1012 sicut
725 984 883 1027 magno
902 969 1059 1012 accidit
1088 985 1204 1020 casu,
1241 978 1294 1012 ut
1317 969 1361 1012 in
1380 969 1520 1028 ipsum
1540 970 1684 1012 incau-

203 1038 301 1072 tum
319 1038 453 1087 atque
474 1029 605 1071 etiam
622 1028 869 1086 inparatum
890 1027 1116 1078 incideret,
1138 1028 1346 1087 priusque
1362 1029 1454 1086 ejus
1469 1027 1683 1071 adventus

203 1089 262 1132 ab
295 1088 540 1132 hominibus
576 1087 816 1136 videretur,
855 1103 983 1144 quam
1024 1087 1136 1130 fama
1172 1104 1220 1129 ac
1258 1086 1436 1129 nuncius
1472 1086 1684 1129 adventus

206 1147 483 1191 adferretur:
516 1146 576 1188 sic
595 1161 764 1204 magnae
797 1145 882 1188 fuit
918 1145 1118 1196 fortunae,
1158 1145 1274 1189 omni
1310 1145 1491 1188 militari
1527 1146 1684 1188 instru-

206 1214 371 1256 mento,
413 1205 533 1262 quod
573 1205 735 1247 circum
774 1220 819 1247 se
856 1203 1060 1254 habebat,
1100 1214 1269 1262 erepto,
1306 1204 1447 1246 rhedis
1476 1203 1687 1262 equisque

207 1262 540 1323 comprehensis,
587 1263 731 1322 ipsum
770 1263 961 1321 effugere
1002 1271 1199 1306 mortem.
1265 1261 1353 1305 Sed
1392 1261 1474 1305 hoe
1514 1277 1568 1304 eo
1602 1263 1688 1304 fac-

206 1331 302 1365 tum
339 1331 419 1371 est,
458 1321 594 1380 quod,
632 1321 814 1364 aedificio
847 1321 1115 1365 circumdato
1146 1321 1270 1372 silva,
1305 1321 1353 1376 (“
1377 1328 1428 1362 ut
1464 1328 1564 1363 sunt
1595 1320 1688 1363 fere

209 1389 238 1408 “
262 1380 481 1424 domicilia
516 1380 763 1429 Gallorum,
801 1380 892 1438 qui,
933 1380 1098 1423 vitandi
1134 1390 1261 1423 aestus
1297 1395 1457 1428 caussa,
1498 1378 1689 1437 plerum-

207 1447 236 1467 “
260 1455 344 1498 que
364 1438 571 1482 silvarum
589 1456 637 1483 ac
655 1439 879 1482 fluminum
900 1447 1056 1496 petunt
1076 1438 1495 1498 propinquitates,’')
1511 1438 1689 1481 comites

205 1499 524 1556 familiaresque
559 1499 649 1556 ejus
684 1506 868 1556 angusto
902 1500 946 1540 in
974 1498 1068 1542 loco
1088 1498 1325 1557 paullisper
1363 1497 1560 1555 equitum
1594 1511 1689 1540 nos-

206 1567 377 1601 trorum
394 1557 485 1600 vim
501 1558 811 1599 sustinuerunt.
876 1556 958 1599 His
977 1557 1289 1615 pugnantibus,
1318 1555 1445 1598 illum
1466 1555 1510 1597 in
1529 1569 1704 1613 equum>

207 1616 388 1674 quidam
409 1631 463 1657 ex
480 1615 564 1658 suis
583 1615 732 1658 intulit
751 1631 761 1657 ε
780 1615 1030 1673 ,fugientem
1053 1615 1170 1659 silvae
1188 1622 1407 1658 texerunt.
1473 1613 1546 1656 Sic
1566 1622 1612 1656 et
1632 1613 1688 1656 ad

207 1674 481 1777 sulloeundum
519 1674 776 1733 periculum,
823 1682 869 1716 et
907 1673 963 1716 ad
1004 1674 1249 1724 vitandum,
1289 1673 1477 1716 multum
1513 1672 1690 1716 fortuna

209 1749 265 1778 va
285 1742 366 1776 uit.

213 1881 396 1904 saretnam
408 1869 916 1912 absuntametaphrasiGraeca,
986 1869 1062 1900 h.l.
1088 1871 1234 1912 amplius
1265 1869 1336 1902 CL.
1367 1869 1452 1901 unde
1477 1867 1594 1901 facilis
1619 1874 1694 1901 erat

214 1922 252 1947 nt
280 1916 378 1947 multi
410 1916 608 1957 interpretes
645 1920 855 1953 monuerunt,
885 1920 920 1946 et
982 1914 1099 1954 lapsus
1130 1913 1344 1946 librariorum
1375 1914 1408 1946 in
1441 1915 1489 1945 D.
1535 1912 1694 1945 Ceterum

216 1970 363 2000 pugnare
379 1960 534 1992 videntur
551 1969 630 1991 cum
647 1959 701 1998 iis,
723 1969 798 2000 quae
815 1969 918 1999 supra

214 2004 263 2043 (5,
280 2005 314 2042 3)
327 2004 447 2035 tradita
464 2009 551 2036 sunt.
598 2004 644 2034 Ac
662 2004 701 2034 de
718 2013 828 2044 pugna
843 2003 918 2044 qui-

215 2048 291 2078 dem
316 2048 486 2089 utriusque
509 2047 580 2079 loci
604 2047 770 2078 Cellarius
793 2046 920 2083 (Notit.

217 2091 293 2123 orb.
309 2097 378 2122 ant.
399 2091 442 2122 T.
462 2095 491 2123 l.
519 2093 541 2123 l.
559 2095 591 2129 2,
608 2093 639 2122 3.
657 2091 713 2128 32)
739 2090 921 2122 existimat.

219 2136 429 2166 Arduennam
448 2136 566 2167 silvam
587 2145 607 2166 a
626 2135 748 2166 Rheno
763 2135 925 2166 Treviro-

219 2189 291 2210 rum
317 2180 358 2210 ad
376 2179 525 2210 Scaldim
549 2184 584 2210 et
611 2180 762 2215 Neri-ios,
786 2178 923 2210 inferius

217 2233 298 2254 vero
331 2224 373 2254 ad
407 2224 539 2254 Rheno-5
572 2233 675 2263 usque
708 2223 923 2263 pertinuisse,

218 2266 368 2308 aliasque
403 2267 525 2297 multas
558 2272 672 2307 gentes
708 2267 923 2307 complexam

219 2321 306 2349 esse,
322 2317 355 2342 et
370 2311 533 2342 hactenus
547 2309 709 2350 componi
726 2311 811 2341 duos
827 2311 923 2342 locos

222 2365 338 2395 posse3
362 2356 419 2386 sed
444 2354 535 2385 idem
556 2353 704 2394 agnovit,
733 2353 765 2384 in
784 2364 923 2385 numero

219 2399 353 2430 milibus
380 2400 525 2440 amplius
552 2400 586 2429 D
612 2397 743 2435 liaereri,
763 2398 922 2438 quoniam

220 2442 346 2473 nimius
358 2442 419 2482 sit3
442 2442 492 2473 sin
506 2452 606 2472 suasu
621 2441 735 2472 vossii
748 2451 790 2471 ex
802 2441 924 2473 Orosio

222 2488 271 2524 (53,
294 2489 331 2517 lO
357 2486 389 2517 in
406 2486 594 2522 eddanu.)
619 2486 753 2516 milibus
780 2487 925 2525 amplius*

225 2531 266 2560 1..
295 2536 448 2571 ponatur,
473 2529 523 2569 (et
545 2529 595 2564 sic
612 2528 718 2559 edidit
732 2528 925 2567 Ocharius)

223 2584 290 2604 non
320 2585 394 2605 esse
426 2574 511 2605 hanc
539 2572 802 2613 magnitudinem
828 2573 925 2612 plane

224 2617 405 2654 ingentem.
451 2617 526 2648 Non
554 2618 642 2648 male
672 2616 775 2657 igitur
802 2615 928 2656 aliquis

222 2661 355 2699 dixerit,
366 2661 438 2692 haec
451 2661 565 2692 omnia
580 2660 681 2691 verba
695 2660 728 2691 in
739 2659 926 2701 marginem

226 2703 330 2735 relata
352 2715 424 2736 esse
447 2705 491 2736 ab
507 2705 624 2746 aliquo
641 2715 682 2735 ex
698 2703 835 2741 Orosio,
858 2708 895 2734 et·
908 2714 927 2733 e

225 2749 374 2788 margine
387 2749 419 2779 in
431 2754 557 2780 textum
572 2747 757 2789 irrepsisse.
773 2748 823 2778 M.
847 2747 927 2778 Inde

224 2801 245 2822 a
261 2791 410 2822 fontibus
427 2792 525 2824 Sabis
548 2803 608 2833 per
625 2797 766 2823 tractum
786 2791 928 2822 Luxem-

225 2834 402 2877 burgicum
426 2842 458 2866 ct
474 2836 690 2867 Trevirorum
713 2841 746 2866 et
763 2834 929 2865 Leodien-

225 2879 313 2910 sium
339 2878 462 2909 limites
486 2880 573 2911 ultm
596 2885 732 2910 centum
757 2878 929 2917 sexaginta

225 2921 337 2953 millia
380 2932 539 2963 passuum
582 2923 790 2964 protenditur
827 2923 928 2962 silva3

227 2966 302 2998 inde
336 2965 547 2999 D’Anvillius
577 2966 719 3009 conjicit
751 2967 928 3008 legendum

987 1964 1095 1989 totum
1138 1958 1172 1990 id
1213 1959 1379 1994 glossema
1410 1957 1546 1994 sentire,
1576 1956 1696 1989 lubens

987 2003 1151 2033 concedo.
1197 2002 1330 2034 Nomen
1361 2003 1487 2041 Arden,
1520 2002 1694 2039 Ardeam,

990 2047 1174 2078 Ardupnm
1205 2046 1288 2077 olim
1325 2056 1506 2077 commune
1546 2044 1695 2086 plurium

989 2090 1152 2135 silvarum¹
1173 2090 1276 2122 fuisse
1298 2090 1440 2121 videtur.
1466 2089 1510 2121 V.
1527 2088 1694 2122 Camdeni

990 2134 1176 2173 Britannia,
1207 2145 1284 2175 pag.
1309 2136 1385 2165 426.
1439 2134 1565 2166 Saltem
1595 2138 1630 2163 et
1659 2133 1693 2164 in

990 2178 1121 2219 Angliae
1150 2179 1314 2209 comitatu
1346 2177 1570 2209 Warwicensi
1600 2176 1695 2218 regio

990 2221 1245 2253 Covontris-nsis
1269 2222 1371 2253 silvas
1396 2220 1497 2252 habet
1514 2226 1637 2257 vastas.
1660 2220 1696 2251 in

989 2266 1294 2307 quibusllampton
1306 2265 1511 2297 dicituresse
1524 2265 1556 2296 in
1570 2265 1697 2296 Ardea.

991 2310 1044 2340 Cf.
1064 2310 1241 2341 D’Anville
1258 2310 1334 2341 Not.
1351 2309 1391 2340 dc
1409 2308 1439 2340 la
1453 2308 1574 2346 Gaule,
1592 2318 1625 2349 p.
1640 2310 1697 2339 89.

1038 2355 1081 2385 In
1094 2355 1248 2385 omnibus
1261 2354 1371 2385 rebus.
1422 2353 1464 2384 Τὸ
1486 2353 1583 2385 rebus
1604 2352 1698 2382 deest

992 2397 1024 2429 in
1040 2397 1127 2428 aliis.

1037 2443 1204 2482 Prin-sque
1220 2457 1262 2463 ——
1279 2440 1479 2481 (afferretur.
1522 2440 1604 2471 lIaec
1623 2449 1698 2470 om-

993 2485 1049 2516 nia
1065 2485 1186 2516 absunt
1208 2495 1229 2516 a
1252 2485 1420 2526 metaphr.
1443 2485 1501 2516 Gr.
1548 2485 1584 2515 ln
1600 2484 1697 2514 codd.

994 2529 1147 2570 pluribus
1156 2528 1266 2560 modis
1275 2528 1462 2560 variantur:
1481 2538 1542 2569 pro
1553 2529 1698 2559 leomini-

994 2575 1054 2604 bus
1090 2579 1139 2604 est
1176 2574 1342 2610 omnihus,
1380 2582 1442 2614 pro
1475 2574 1620 2602 nuncius
1649 2575 1700 2601 est

993 2619 1137 2654 mam-iis,
1161 2622 1193 2647 et
1221 2617 1384 2648 ndrmzms
1401 2616 1454 2647 vel
1471 2615 1606 2657 ponitur
1632 2613 1700 2652 bis,

994 2660 1047 2690 vel
1072 2666 1148 2701 post
1170 2663 1314 2691 nuncius
1329 2666 1457 2691 tantum
1476 2659 1607 2695 legitur.
1637 2657 1698 2687 Est

994 2715 1071 2744 crgo
1102 2704 1135 2734 in
1163 2704 1227 2734 hac
1250 2703 1352 2735 etiam
1385 2702 1548 2744 particula
1582 2710 1699 2732 manus

994 2748 1134 2779 Caesaris
1158 2747 1293 2779 incerta.
1332 2748 1381 2778 M.
1527 2757 1530 2759 ’

1042 2792 1198 2831 Effuqere
1223 2796 1375 2823 ''tzor-tem.
1419 2787 1625 2821 Ciacconius
1639 2797 1698 2818 ex—

997 2835 1117 2875 pungit
1130 2841 1269 2866 mmiem
1283 2848 1297 2873 ,·
1321 2835 1377 2865 scd
1393 2834 1491 2865 codd.
1505 2837 1701 2864 constanter

965 2889 969 2898 ¹
995 2884 1146 2916 servant3
1170 2879 1307 2910 Gra-cus
1327 2887 1462 2919 quoque
1477 2876 1592 2907 habet.

1044 2923 1087 2953 Ee
1103 2923 1149 2953 cul
1164 2922 1390 2955 subeumtum.
1437 2920 1513 2953 lloc
1530 2925 1561 2953 et
1576 2918 1701 2962 adjecit

998 2966 1086 2998 Oud.
1103 2977 1121 2997 c
1137 2966 1236 2997 codd.
