1946 3261
215 305 384 354 cissent,
417 308 548 359 atque
579 299 770 343 omnium
793 315 918 342 voces
946 297 1218 350 audirentur,
1251 296 1491 356 exspectari
1527 294 1691 338 diutius

213 379 301 408 non
317 369 534 421 oportere,
556 359 661 416 quin
677 357 733 400 ad
750 366 888 400 castra
911 357 1063 406 iretur,
1083 356 1332 401 cohortatus
1353 370 1465 406 suos,
1495 354 1692 398 omnibus

214 419 504 480 cupientibus,
525 417 581 460 ad
599 417 786 460 hostium
808 425 949 459 castra
965 416 1203 458 contendit.

271 479 340 521 25.
365 477 431 519 Ibi
448 492 582 534 quum
595 476 670 518 alii
686 476 817 519 fossas
833 475 1116 532 complerent,
1133 474 1207 517 alii
1220 473 1366 517 multis
1381 473 1479 515 telis
1491 470 1694 529 conjectis

213 538 461 581 defensores
493 535 609 579 vallo
631 534 1026 591 munitionibusque
1052 533 1339 591 depellerent,
1362 531 1693 596 auxiliaresque,

212 595 369 653 quibus
389 594 444 637 ad
467 609 656 653 pugnam
685 609 770 636 non
791 593 974 635 multum
997 593 1174 635 Crassus
1193 591 1454 640 confidebat,
1477 588 1695 648 lapidibus

207 654 396 712 telisque
415 651 788 696 subministrandis
807 660 852 693 et
874 651 929 693 ad
947 667 1152 709 aggerem
1169 651 1402 710 cespitibus
1420 655 1692 707 comportan-

211 713 294 763 dis,
324 712 509 771 speciem
536 720 669 769 atque
691 711 936 769 opinionem
957 710 1244 769 pugnantium
1270 710 1529 768 praeberent,
1560 721 1694 763 quum

208 772 314 814 item
333 772 389 815 ab
409 771 602 815 hostibus
622 779 868 813 constanter
885 786 933 812 ac
951 784 1036 811 non
1057 768 1208 811 timide
1231 777 1500 827 pugnaretur
1521 766 1695 822 telaque

208 847 263 873 ex
284 831 379 874 loco
410 829 631 888 superiore
656 829 781 871 missa
809 844 894 871 non
922 828 1085 870 frustra
1110 827 1377 870 acciderent:
1411 826 1593 883 equites,
1615 823 1696 866 cir-

209 890 381 932 cumitis
408 888 595 932 hostium
622 888 786 937 castris,
821 888 975 930 Crasso
1012 887 1388 935 renunciaverunt,
1425 899 1509 926 non
1545 881 1696 925 eadem

207 965 297 991 esse
318 948 397 990 dili
431 947 547 990 entia
567 947 623 989 ab
644 946 882 989 decumana
908 953 1039 1005 porta
1059 954 1198 988 castra
1219 945 1400 994 munita,
1438 942 1695 999 facilemque

207 1007 377 1049 aditum
398 964 573 1049 liaberet.

269 1066 340 1108 26.
375 1065 569 1113 Crassus,
589 1065 784 1121 equitum
805 1062 1030 1121 praefectos
1050 1061 1315 1111 cohortatus,
1337 1070 1385 1103 ut
1405 1058 1570 1117 magnis
1590 1073 1697 1117 prae-

208 1123 306 1169 miis
344 1122 817 1182 pollicitationibusque
857 1136 954 1162 suos
993 1121 1250 1168 excitarent,
1289 1120 1395 1177 quid
1439 1118 1530 1161 fieri
1573 1117 1697 1166 velit,

208 1180 413 1226 ostendit.
477 1181 565 1230 Illi,
582 1188 631 1222 ut
649 1188 745 1221 erat
762 1180 1022 1245 inperatum,
1040 1177 1206 1219 eductis
1223 1189 1412 1234 quatuor
1431 1176 1697 1225 cohortibus,

207 1257 321 1299 quae,
344 1239 544 1299 praesidio
562 1238 712 1281 castris
733 1237 910 1286 rehctae,
934 1236 1094 1279 intritae
1125 1236 1182 1277 ab
1205 1235 1355 1277 labore
1374 1244 1515 1282 erant,
1541 1243 1586 1275 et
1608 1234 1698 1277 lon·

210 1299 336 1358 giore
377 1298 530 1341 itinere
565 1296 885 1343 circumductis,
923 1310 975 1336 ne
1010 1311 1062 1336 ex
1104 1293 1289 1335 hostium
1327 1293 1476 1335 castris
1513 1292 1699 1350 conspici

209 1366 399 1416 possent,
432 1356 622 1399 omnium
661 1354 795 1397 oculis
836 1353 1138 1408 mentibusque
1180 1351 1234 1393 ad
1276 1367 1465 1408 pugnam
1507 1350 1700 1400 intentis,

207 1416 412 1459 celeriter
433 1414 489 1456 ad
505 1430 591 1461 eas,
605 1428 712 1469 quas
727 1411 930 1459 diximus,
948 1410 1210 1452 munitiones
1226 1418 1535 1468 pervenerunt,
1550 1418 1700 1467 atque,

205 1475 270 1517 his
290 1473 497 1532 prorutis,
520 1472 639 1530 prius
658 1471 700 1512 in
722 1470 906 1513 hostium
924 1469 1073 1512 castris
1097 1469 1400 1517 constiterunt,
1421 1483 1552 1526 quam
1571 1468 1698 1527 plane

206 1534 264 1577 ab
289 1533 338 1575 iis
366 1531 523 1580 videri,
553 1539 645 1579 aut,
667 1529 773 1587 quid
796 1528 857 1571 rei
881 1537 1124 1587 gereretur,
1147 1527 1344 1585 cognosci
1365 1535 1521 1586 posset.
1585 1527 1698 1570 Tum

205 1609 328 1641 vero,
351 1591 537 1634 clamore
555 1589 610 1631 ab
627 1604 677 1630 ea.
700 1596 825 1645 parte
846 1587 1013 1636 audito,
1036 1586 1171 1629 nostri
1194 1585 1501 1644 redintegratis
1519 1586 1698 1635 viribus,

208 1650 328 1708 quod
360 1649 616 1707 plerumque
649 1647 691 1688 in
721 1662 795 1688 s>e
833 1645 1027 1688 victoriae
1056 1644 1251 1687 accidere
1285 1647 1522 1693 consuevit,
1559 1644 1700 1687 acrius

208 1710 451 1768 inpugnare
472 1713 712 1764 coeperunt.
742 1663 910 1746 ¹Hostes
931 1704 1123 1761 undique
1140 1703 1438 1752 circumventi,
1460 1702 1700 1760 desperatis

208 1768 408 1812 omnibus
446 1766 590 1812 rebus,
624 1780 667 1806 se
698 1779 776 1822 per
801 1763 1057 1805 munitiones
1087 1762 1273 1819 dejicere
1303 1771 1347 1804 et
1378 1763 1483 1821 fuga
1515 1761 1697 1804 salutem

206 1836 356 1886 petere
379 1824 674 1867 intenderunt.
739 1823 858 1871 Quos
879 1822 1098 1878 equitatus
1119 1821 1397 1879 apertissimis
1423 1820 1582 1879 campis
1600 1835 1697 1863 con·

208 1893 413 1933 sectatus,
442 1900 495 1925 ex
516 1882 682 1925 milium
705 1881 1021 1938 quinquaginta
1045 1896 1239 1928 numero,
1272 1896 1368 1936 quae
1386 1897 1438 1922 ex
1461 1879 1700 1936 Aquitania

210 1943 531 1999 Cantabrisque
553 1941 796 1983 convenisse
825 1940 1070 1989 constabat,
1093 1938 1165 1981 vix
1188 1948 1346 1996 quarta
1373 1948 1497 1997 parte
1530 1937 1696 1988 relicta,

207 2003 346 2046 multa
368 2010 493 2045 nocte
515 2016 558 2041 se
581 2000 623 2042 in
646 2008 787 2041 castra
804 1998 982 2057 recepit.

267 2063 339 2106 27.
376 2061 471 2104 Hac
494 2059 645 2103 audita
667 2073 829 2116 pugna,
859 2073 1015 2116 magna
1036 2073 1135 2116 pars
1159 2056 1407 2115 Aquitaniae
1432 2072 1520 2099 sese
1541 2056 1699 2100 Crasso

1039 2154 1178 2185 Iun-nm.
1230 2152 1282 2184 Sic
1313 2158 1458 2194 quatuor
1485 2152 1586 2183 codd.
1617 2156 1701 2183 teste

993 2197 1082 2228 Oud.
1130 2198 1207 2228 Inde
1231 2196 1289 2228 alii
1317 2198 1512 2238 depravatas
1536 2195 1699 2227 lectione·

993 2242 1140 2272 focerunt
1155 2244 1484 2275 irre1›v·e‘eoe.inem=rnae.
1520 2239 1701 2271 Recentior

991 2285 1105 2318 lvctio.
1119 2290 1268 2324 intem-m,
1284 2291 1331 2315 est
1352 2284 1699 2325 interpretamentum.

992 2331 1042 2361 M.
1088 2330 1142 2361 Cf.
1158 2330 1306 2360 Gronov.
1321 2329 1363 2359 nd
1381 2327 1456 2359 Liv.
1472 2332 1524 2362 92.
1544 2330 1595 2358 39.

1038 2375 1203 2406 Prorutis.
1250 2374 1296 2404 lta
1323 2371 1386 2402 viri
1410 2372 1501 2402 docti
1522 2371 1700 2403 ediderunt

208 2161 372 2192 cunctatio
410 2162 511 2196 arque
547 2157 656 2196 opinio
685 2171 729 2177 —
755 2154 920 2192 effer-imm.

210 2203 299 2246 quod
315 2202 464 2233 firmatur
483 2210 502 2230 a
520 2198 724 2231 Dukcriano.
748 2203 779 2228 οι
797 2197 844 2228 sic
863 2207 921 2227 ox-

212 2246 331 2290 pressit
347 2245 480 2276 Clarke.
529 2242 670 2273 Vossius
693 2240 920 2282 conjectabat,

211 2302 319 2332 quum
334 2300 396 2321 suu
415 2291 622 2319 cunctatione
646 2292 746 2324 arqua-
768 2287 921 2324 opinions

211 2337 339 2368 timoris
359 2335 463 2365 hostes
478 2336 607 2362 nostr-m·
621 2332 739 2361 milites
759 2331 806 2360 al.
823 2329 869 2360 ml
886 2341 919 2370 p.

209 2380 397 2420 qfflwissem.
444 2377 490 2408 lta
510 2375 581 2417 jani
611 2374 743 2405 dede-mi
776 2374 818 2404 R.
849 2373 921 2403 Ste-

211 2424 357 2466 phanus.
992 2418 1097 2456 (duce
1125 2417 1282 2454 Faerno).
1312 2427 1390 2446 cum
1423 2415 1454 2446 in
1487 2416 1585 2446 codd.
1610 2423 1700 2447 esset

261 2469 328 2499 Alii
343 2467 460 2500 russas.
486 2463 576 2506 prius
599 2462 662 2493 hoc
689 2462 751 2492 alii
767 2461 860 2491 deest
888 2460 919 2491 in

215 2512 291 2544 cod.
307 2508 477 2542 Leidensi.
501 2507 554 2538 Cf.
571 2512 641 2538 not.
653 2506 693 2537 ad
711 2507 768 2539 1.ss
780 2510 810 2535 et
826 2507 920 2538 231.

259 2558 465 2587 Cunctanter.
488 2553 626 2583 Graecus
645 2549 732 2581 malo
749 2547 896 2591 φρονίμως.

261 2601 389 2631 Dorum
407 2603 516 2639 porra.
564 2596 652 2626 Bene
666 2592 833 2624 Coum-ius
850 2603 921 2623 mo-

213 2643 298 2681 nuit,
324 2643 396 2674 haec
423 2641 598 2672 Gallorum
626 2643 733 2670 castra
757 2635 834 2667 idco
861 2637 920 2666 ha-

213 2687 328 2718 buisso
347 2687 568 2717 decumanam
592 2689 734 2724 portam,
756 2691 832 2722 qua·
851 2681 919 2710 1³0-

214 2730 322 2762 manis
335 2729 473 2771 propria
484 2727 657 2768 Gallisque
675 2723 832 2756 inusitata
844 2723 920 2761 fuit,

214 2774 294 2814 quia
312 2780 418 2805 castra
436 2783 528 2804 more
547 2772 701 2802 Romano
719 2768 919 2801 munierant.

211 2817 310 2850 Conl'.
325 2828 402 2858 cap.
419 2819 472 2848 28.
500 2818 548 2848 M.

261 2863 411 2896 Quacum·
441 2861 641 2892 cohortibus.
687 2858 772 2889 Cod.
800 2862 834 2888 et
866 2857 919 2887 ed.

211 2911 280 2937 vet.
312 2906 362 2935 lais
393 2906 591 2936 colum-tibus.
630 2903 690 2935 ubi
723 2904 772 2934 his
808 2902 917 2934 forsan

212 2954 324 2983 ortum
338 2958 380 2980 ex
396 2958 533 2981 numero
550 2948 622 2982 1111.

987 2464 1169 2503 prm-mdiv.
1189 2461 1237 2492 M.
1279 2461 1352 2490 noc
1371 2459 1543 2491 malebant
1558 2459 1699 2491 Vossiu-

991 2513 1023 2537 οι
1043 2505 1210 2537 Davisius.
1246 2504 1309 2534 Sed
1328 2515 1360 2534 v.
1375 2504 1575 2535 Gronov.ad
1587 2502 1699 2535 Tacit.

993 2551 1033 2581 Α.
1056 2552 1084 2583 1,
1100 2552 1152 2579 68.
1176 2554 1208 2578 et
1233 2549 1273 2579 nd
1292 2548 1365 2579 Liv.
1385 2552 1415 2580 4.
1432 2550 1487 2579 99.
1513 2549 1591 2579 item
1616 2547 1698 2578 Dr·-

990 2594 1090 2624 kenb.
1115 2593 1156 2624 ad
1187 2592 1220 2622 h.
1237 2593 1258 2623 1.
1284 2599 1317 2622 ot
1339 2593 1381 2623 ad
1411 2591 1530 2623 Silium
1564 2594 1591 2629 1,
1621 2592 1698 2624 ³7³.

992 2637 1104 2676 Vulgo
1122 2636 1297 2671 lez-ebatur
1311 2635 1413 2667 otiam
1429 2639 1607 2677 rvr-tmpus.

1040 2682 1268 2713 luteram-um.
1307 2679 1359 2711 Sic
1375 2680 1475 2711 codd.
1491 2686 1524 2710 et
1537 2680 1614 2710 edd.
1630 2684 1698 2710 vet.

990 2726 1092 2764 vulgo
1118 2724 1370 2756 contenderunt.
1401 2723 1442 2755 V.
1457 2723 1567 2755 Tacit.
1586 2725 1627 2755 Α.
1648 2724 1697 2760 11,

987 2773 1040 2801 89.
1060 2770 1103 2800 11.
1120 2772 1152 2803 9.
1171 2770 1219 2799 19.

1040 2815 1116 2845 Hm·
1133 2813 1250 2843 audita
1269 2823 1398 2853 pamm.
1434 2813 1519 2845 Eam
1535 2810 1602 2843 Dio
1616 2809 1697 2845 Ca·-

988 2857 1058 2890 sius
1075 2859 1129 2896 89,
1146 2859 1187 2890 46
1201 2856 1391 2899 descripsit.
1416 2857 1465 2889 M.

1706 201 1722 208 a
