1946 3261
575 179 692 226 LIB.
727 180 856 226 VIII.
919 181 1060 226 CAP.
1091 179 1281 225 35—39.
1571 178 1663 221 245

172 307 398 366 superiora
418 309 668 370 capiuntur.
711 309 844 360 Quod
866 308 941 352 ubi
962 307 1135 361 accidit,
1158 304 1366 351 Germani
1386 304 1663 366 equitesque,

171 369 304 426 signis
339 369 519 427 legionis
546 370 661 420 visis,
695 367 1063 412 vehementissime
1095 367 1390 424 proeliantur:
1435 365 1665 409 confestim

171 427 370 472 cohortes
391 429 582 486 undique
595 429 791 487 inpetum
809 428 992 477 faciunt,
1010 426 1296 483 omnibusque
1311 433 1388 468 aut
1405 424 1664 473 interfectis,

170 495 248 529 aut
268 488 422 546 captis,
445 503 604 547 magna
624 488 769 546 praeda
792 488 1023 546 potiuntur
1047 500 1056 526 :
1092 486 1265 543 capitur
1301 485 1392 543 ipse
1426 500 1477 527 eo
1504 482 1665 542 proelio

174 546 395 604 Drappes.

230 605 302 646 37.
337 605 560 654 Caninius,
595 605 833 648 felicissime
866 620 914 647 re
935 613 1073 664 gesta,
1111 603 1202 645 sine
1235 602 1328 645 ullo
1361 617 1482 660 paene
1513 600 1667 644 militis

174 663 367 716 vulnere,
403 664 460 706 ad
502 664 759 707 obsidendos
800 664 1038 723 oppidanos
1074 661 1315 705 revertitur
1339 676 1349 709 ;
1397 669 1669 718 externoque

174 721 295 765 hoste
316 722 477 773 deleto,
514 724 638 782 cujus
672 724 828 767 timore
863 732 992 766 antea
1019 737 1182 780 augere
1219 719 1418 779 praesidia
1450 726 1496 761 et
1528 719 1667 761 muni-

171 780 289 824 tione
311 782 550 841 oppidanos
573 783 838 826 circumdare
869 781 1116 841 prohibitus
1153 789 1266 829 erat,
1306 795 1442 838 opera
1474 776 1668 834 undique

171 838 359 898 imperat
380 841 690 885 administrari.
747 842 881 885 Venit
903 842 1054 884 eodem
1076 856 1175 882 cum
1204 839 1289 881 suis
1319 837 1454 896 copiis
1487 843 1665 895 postero

171 898 241 941 die
265 900 318 942 C.
344 900 506 944 Fabius
526 910 784 959 partemque
808 901 962 960 oppidi
980 900 1110 942 sumit
1131 898 1187 942 ad
1210 896 1511 942 obsidendum.

229 958 302 1000 38.
337 960 483 1003 Caesar
506 960 682 1003 interim
708 961 774 1003 M.
801 960 1043 1003 Antonium
1077 959 1351 1009 Quaestorem
1383 971 1481 998 cum
1514 953 1667 998 cohor-

173 1016 292 1060 tibus
313 1019 399 1062 XV
422 1019 465 1061 in
488 1019 735 1063 Bellovacis
753 1020 947 1077 reliquit,
970 1035 1023 1061 ne
1046 1034 1135 1075 qua
1164 1033 1312 1060 rursus
1333 1030 1548 1058 novorum
1567 1029 1667 1056 con-

171 1075 368 1119 siliorum
386 1078 441 1121 ad
460 1079 722 1138 capiendum
745 1079 912 1122 bellum
934 1077 1119 1121 facultas
1137 1076 1319 1120 daretur
1335 1091 1345 1116 :
1371 1075 1460 1134 ipse
1478 1073 1670 1131 reliquas

172 1134 372 1179 civitates
417 1137 526 1186 adit,
575 1139 744 1182 obsides
795 1138 942 1197 plures
990 1138 1190 1195 imperat,
1234 1136 1436 1178 timentes
1477 1132 1670 1176 omnium

170 1194 336 1238 animos
385 1195 676 1241 consolatione
716 1206 853 1240 sanat.
931 1198 1078 1246 Quum
1129 1196 1174 1238 in
1216 1195 1434 1238 Carnutes
1464 1191 1668 1244 venisset,

173 1269 363 1311 quorum
399 1254 577 1297 consilio
611 1255 653 1297 in
692 1257 870 1299 civitate
911 1255 1136 1314 superiore
1174 1251 1484 1297 commentario
1523 1251 1671 1293 Caesar

173 1312 375 1371 exposuit
397 1312 569 1356 initium
591 1313 697 1356 belli
720 1329 808 1355 esse
835 1319 997 1361 ortum,
1021 1311 1139 1369 quod
1158 1311 1374 1369 praecipue
1394 1327 1466 1353 eos
1487 1318 1673 1368 propter

175 1371 483 1414 conscientiam
521 1372 628 1414 facti
666 1371 819 1414 timere
854 1371 1048 1412 animum
1081 1369 1342 1411 advertebat
1375 1384 1463 1426 quo
1488 1367 1671 1410 celerius

174 1431 396 1473 civitatem
418 1438 538 1473 metu
562 1431 787 1479 liberaret,
818 1428 1060 1486 principem
1083 1427 1254 1470 sceleris
1275 1427 1392 1469 illius
1413 1435 1460 1469 et
1481 1426 1671 1469 concita-

173 1497 314 1533 torem
336 1489 458 1542 belli,
483 1490 772 1538 Gutruatum,
791 1488 846 1530 ad
865 1487 1129 1546 subplicium
1146 1486 1344 1544 deposcit
1363 1501 1372 1527 :
1407 1485 1499 1542 qui,
1522 1485 1602 1527 etsi
1617 1501 1672 1528 ne.

175 1549 344 1592 civibus
365 1548 543 1606 quidem
564 1549 649 1590 suis
671 1564 712 1590 se
736 1546 1057 1594 committebat,
1077 1554 1222 1588 tamen
1239 1545 1457 1593 celeriter,
1478 1544 1673 1588 omnium

175 1623 281 1650 cura
303 1607 526 1664 quaesitus,
550 1607 592 1648 in
615 1615 758 1649 castra
778 1604 1054 1664 perducitur.
1107 1604 1298 1661 Cogitur
1332 1604 1375 1645 in
1394 1603 1486 1661 ejus
1505 1603 1674 1661 subpli-

174 1666 291 1710 cium
314 1667 462 1709 Caesar
484 1674 637 1709 contra
658 1674 858 1707 naturam
881 1680 1020 1713 suam,
1038 1663 1228 1706 maximo
1242 1662 1431 1705 militum
1445 1677 1674 1712 concursu,

176 1726 257 1784 qui
279 1725 319 1768 ei
340 1725 484 1768 omnia
505 1724 697 1783 pericula
711 1733 756 1767 et
770 1723 1033 1766 detrimenta
1050 1722 1173 1771 belli,
1188 1738 1213 1764 a
1230 1722 1456 1764 Gutruato
1475 1729 1676 1780 accepta,

179 1784 449 1833 referebant,
490 1784 599 1827 adeo
638 1792 688 1826 ut
727 1782 984 1827 verberibus
1021 1781 1314 1825 exanimatum
1344 1796 1506 1840 corpus
1535 1781 1677 1824 securi

178 1844 403 1887 feriretur.

236 1904 309 1946 39.
344 1902 412 1946 Ibi
432 1902 598 1945 crebris
621 1901 779 1944 litteris
795 1901 965 1944 Caninii
988 1899 1038 1943 fit
1059 1900 1234 1950 certior,
1259 1914 1356 1958 quae
1374 1897 1430 1940 de
1446 1899 1675 1957 Drappete

177 1970 224 2005 et
254 1961 462 2004 Lucterio
485 1970 610 2019 gesta
633 1970 788 2011 essent,
812 1976 988 2019 quoque
1010 1961 1052 2002 in
1073 1959 1249 2002 consilio
1271 1966 1575 2016 permanerent
1596 1974 1676 2016 op-

178 2021 339 2080 pidani.
407 2021 608 2071 Quorum
629 2021 709 2063 etsi
743 2021 1011 2079 paucitatem
1041 2018 1363 2067 contemnebat,
1401 2025 1547 2060 tamen
1576 2033 1677 2076 per-

179 2080 380 2124 tinaciam
435 2095 596 2138 magna
652 2095 781 2138 poena
831 2096 919 2123 esse
975 2077 1257 2122 adficiendam
1306 2075 1533 2136 judicabat
1555 2091 1566 2126 ;
1620 2091 1674 2121 ne

231 2240 395 2272 Germani
409 2243 613 2282 equitesque.
645 2237 684 2268 Τό
701 2249 765 2281 que
781 2238 897 2271 omisit

965 2244 999 2270 et
1015 2237 1208 2280 plerisque;
1232 2243 1266 2269 et
1282 2235 1397 2269 turbat
1413 2246 1558 2269 sensum.
1581 2237 1674 2279 Ergo

184 2284 348 2325 Scaliger.

966 2283 1086 2314 Davis.
1102 2288 1136 2313 et
1153 2281 1268 2314 Clark.
1284 2287 1374 2314 recte
1388 2281 1609 2313 sustulerunt.
1621 2283 1675 2314 M.

233 2329 326 2370 Coris.
342 2330 498 2361 cohortes.
527 2326 588 2359 alii
603 2328 732 2359 addunt
749 2339 875 2360 omnes.

231 2373 366 2413 Auqere
422 2373 599 2414 praesidia,
653 2372 897 2414 multiplicare.

188 2416 305 2448 multis
335 2416 369 2447 in
399 2416 485 2448 locis
520 2426 661 2458 ponere,
693 2416 836 2455 singulis
865 2416 897 2447 in

191 2460 278 2492 locis
309 2460 445 2501 singula
476 2471 617 2502 ponere.
643 2460 688 2491 cf.
706 2472 737 2492 c.
756 2464 797 2493 34
814 2467 898 2493 extr.

190 2505 248 2536 Sic
267 2504 344 2536 libri
360 2504 445 2536 boni
460 2516 469 2543 3
496 2505 553 2536 sed
570 2505 684 2546 plures
697 2505 793 2544 libri,
808 2511 843 2536 et
862 2504 897 2536 in

189 2549 243 2580 his
259 2549 362 2581 etiam
380 2548 476 2586 boni,
500 2549 630 2580 habent
645 2550 794 2581 dividere
807 2551 899 2587 (cer-

187 2595 339 2631 tloeilen),
351 2594 443 2634 quod
457 2593 579 2624 eodem
593 2593 690 2625 redit.
707 2594 757 2625 M.
782 2593 900 2625 Vocu-

189 2638 258 2669 lam
273 2643 375 2670 ‹mtea
393 2636 556 2678 praemisit
574 2636 663 2668 Oud.
676 2647 695 2668 e
708 2638 810 2668 codd.

237 2682 489 2723 Capiemlorum
510 2682 635 2723 Belyz's.
674 2682 741 2713 Pro
759 2681 813 2713 his
828 2692 900 2714 rur-

190 2737 247 2758 sus
262 2727 332 2757 duo
349 2725 430 2757 libri
454 2724 577 2766 optimi
606 2724 748 2765 habent,
773 2727 821 2758 ad
844 2738 900 2758 ca-

182 2772 349 2811 piendmn
387 2771 522 2802 bellum.
560 2770 612 2801 M.
661 2770 791 2812 Recepi
822 2781 900 2802 cum

189 2814 283 2846 Oud.

235 2861 387 2894 Quorum
401 2859 550 2890 consilio.
585 2858 691 2889 Deest
709 2859 846 2889 consilio
865 2857 899 2890 in

187 2904 287 2945 codd.
303 2914 370 2937 non
382 2903 487 2940 modo
502 2901 652 2945 antiquis
663 2901 825 2942 ethonis,
842 2904 900 2935 scd

966 2327 1031 2359 Sed
1046 2326 1125 2358 vide
1140 2328 1172 2366 ⁷,
1188 2330 1220 2358 9.

1015 2373 1238 2404 Gutrnatum.
1294 2369 1394 2403 Conf.
1419 2370 1451 2410 7,
1468 2373 1499 2409 3,
1522 2368 1583 2401 ubi
1606 2370 1676 2401 duo

965 2421 1120 2447 auctores
1136 2415 1221 2448 belli
1236 2414 1466 2454 nominantur,
1489 2415 1548 2445 sed
1561 2414 1676 2445 nullus

967 2459 1161 2499 Gutruatus.
1189 2460 1288 2501 cujus
1317 2469 1442 2492 nomen
1469 2458 1506 2490 h.
1523 2459 1546 2489 l.
1561 2462 1674 2490 tanto-

968 2515 1049 2546 pere
1100 2503 1261 2542 variatur,
1304 2509 1341 2535 ut
1375 2509 1434 2535 aut
1468 2501 1676 2540 nesciamus,

965 2549 1067 2589 quale
1080 2548 1214 2580 Hirtius
1231 2547 1416 2590 scripserit,
1429 2552 1488 2579 aut
1502 2546 1536 2579 in
1551 2548 1675 2579 Cotua-

968 2598 1022 2624 τως
1037 2594 1237 2625 mutandum
1254 2592 1310 2624 sit.
1334 2593 1386 2624 M.

1012 2638 1230 2670 Perducitur.
1246 2636 1308 2668 alii
1318 2636 1529 2678 producitur.

1014 2683 1041 2713 A
1066 2683 1234 2714 Gutruato
1251 2685 1400 2721 accepta,
1413 2680 1476 2721 ref.
1499 2679 1554 2711 Sic
1571 2678 1672 2710 codd.

968 2725 1029 2757 Ast
1052 2725 1169 2757 Davis.
1194 2724 1299 2756 deleri
1319 2723 1417 2766 jubet
1435 2723 1470 2754 τὸ
1485 2735 1508 2756 α
1523 2728 1557 2755 et
1584 2733 1672 2766 prae-

968 2771 1091 2801 cedens
1106 2772 1148 2802 εἰ.
1172 2768 1316 2800 Secutus
1330 2773 1381 2799 est
1394 2768 1529 2800 Clarke.

1017 2816 1100 2849 Quae
1114 2815 1155 2845 de
1171 2830 1216 2836 —
1227 2817 1322 2854 qesta
1335 2817 1453 2851 essent,
1467 2823 1543 2854 quae
1558 2812 1602 2845 iis
1616 2822 1673 2844 ac-

969 2857 1144 2890 cidissent.
1176 2856 1347 2888 usitatius
1368 2855 1451 2895 dici,
1475 2858 1558 2898 quid
1575 2859 1617 2890 de
1631 2859 1672 2891 iis

962 2903 1096 2945 factum
1111 2907 1204 2942 esset,
1220 2900 1353 2934 monuit
1365 2900 1534 2935 Clarkius.
1557 2903 1609 2935 M.
