1946 3261
608 191 726 243 LIB.
762 196 819 243 V.
882 196 1023 243 CAP.
1055 191 1191 242 3—5.
1578 197 1660 242 103

156 333 375 370 maneret:
409 324 544 371 nihilo
570 333 715 370 tamen
735 326 886 377 secius,
909 326 1184 386 principibus
1208 321 1499 370 Trevirorum
1520 323 1576 368 ad
1597 342 1642 369 se

156 387 418 436 convocatis,
460 385 536 430 hos
579 387 833 445 singillatim
876 386 1153 444 Cingetorigi
1195 385 1473 429 conciliavit:
1524 385 1646 444 quod

156 460 293 503 quum
311 447 468 489 merito
490 446 582 504 ejus
598 446 655 488 ab
676 463 718 489 se
736 445 829 488 fieri
846 444 1148 502 intellegebat,
1169 453 1264 487 tum
1278 446 1423 504 magni
1440 445 1645 489 interesse

154 504 474 554 arbitrabatur,
515 505 606 562 ejus
640 504 949 548 auctoritatem
991 504 1104 547 inter
1135 520 1234 547 suos
1267 504 1646 564 quamplurimum

154 563 314 613 valere,
337 564 460 622 cujus
482 572 572 605 tam
593 566 813 622 egregiam
836 564 879 605 in
898 579 941 606 se
960 563 1234 607 voluntatem
1254 565 1555 622 perspexisset.
1591 560 1643 608 Id

151 620 317 664 factum
337 622 532 681 graviter
554 623 658 664 tulit
681 622 1024 672 Indutiomarus,
1049 638 1170 666 suam
1196 623 1383 681 gratiam
1411 625 1524 667 inter
1543 639 1644 668 suos

155 681 306 731 minui,
339 689 398 731 et,
430 681 506 739 qui
527 681 613 739 jam
641 691 742 724 ante
772 682 945 724 inimico
968 682 1011 723 in
1041 697 1116 725 nos
1137 682 1280 725 animo
1303 682 1471 732 fuisset,
1500 683 1644 727 multo

155 741 332 800 gravius
352 738 432 783 hoc
451 739 604 783 dolore
625 742 799 783 exarsit.

211 799 254 842 5.
292 799 374 843 His
410 799 540 842 rebus
573 800 838 849 constitutis,
879 799 1025 843 Caesar
1061 797 1116 841 ad
1153 807 1331 858 portum
1373 798 1509 843 Itium
1546 815 1646 842 cum

151 858 398 918 legionibus
421 859 636 918 pervenit.
687 858 755 901 Ibi
776 860 1016 918 cognoscit,
1040 857 1123 900 XL
1144 873 1288 907 naves,
1310 874 1408 918 quae
1429 859 1473 902 in
1497 858 1646 916 Belgis

154 919 280 963 factae
300 927 441 969 erant,
463 927 723 978 tempestate
745 919 941 977 rejectas,
965 932 1141 961 cursum
1170 925 1317 960 tenere
1337 933 1424 961 non
1453 919 1646 978 potuisse

154 986 289 1038 atque
319 978 486 1028 eodem,
519 979 632 1021 unde
665 988 789 1021 erant
812 979 1036 1037 profectae,
1064 977 1314 1020 revertisse:
1350 976 1539 1034 reliquas
1568 993 1645 1036 pa-

152 1047 268 1084 ratas
289 1037 344 1081 ad
366 1038 658 1097 navigandum
679 1046 813 1096 atque
834 1038 1035 1081 omnibus
1057 1036 1188 1080 rebus
1206 1036 1441 1079 instructas
1463 1037 1644 1080 invenit.

153 1093 318 1142 Eodem
341 1098 476 1141 totius
501 1097 657 1141 Galliae
674 1100 898 1156 equitatus
919 1097 1138 1145 convenit,
1160 1111 1341 1139 numero
1356 1095 1524 1139 milium
1542 1111 1649 1155 qua-

152 1161 256 1202 tuor
289 1156 600 1216 Principesque
633 1157 833 1201 omnibus
866 1173 918 1200 ex
952 1155 1229 1199 civitatibus:
1272 1171 1325 1198 ex
1355 1155 1519 1214 quibus
1548 1171 1646 1214 per-

151 1221 328 1278 paucos,
350 1233 541 1275 quorum
564 1218 607 1260 in
627 1234 669 1261 se
692 1216 818 1260 fidem
838 1226 1136 1277 perspexerat,
1155 1215 1402 1274 relinquere
1418 1215 1461 1258 in
1482 1215 1647 1266 Gallia,

149 1277 341 1335 reliquos
362 1276 562 1319 obsidum
575 1276 673 1320 loco
693 1293 837 1319 secum
858 1277 1034 1326 ducere,
1051 1277 1331 1325 decreverat;
1354 1274 1489 1334 quod,
1508 1289 1649 1333 quum

152 1337 243 1396 ipse
264 1336 447 1385 abesset,
470 1344 638 1379 motum
664 1336 810 1379 Gallia
831 1337 1083 1379 verebatur.

155 1400 158 1404 ’
216 1398 257 1438 6.
293 1395 402 1438 Erat
435 1411 521 1438 una
555 1410 654 1438 cum
692 1396 846 1438 ceteris
877 1395 1127 1438 Dumnorix
1160 1393 1345 1443 AEduus‚
1376 1393 1430 1436 de
1465 1409 1554 1451 quo
1586 1392 1645 1436 ab

155 1455 280 1499 'nobis
300 1463 427 1498 antea
448 1454 616 1497 dictum
638 1463 716 1497 est.
785 1455 918 1498 Hunc
947 1470 1092 1497 secum
1119 1453 1278 1496 habere
1303 1452 1346 1495 in
1369 1452 1520 1512 primis
1545 1467 1647 1496 con-

151 1516 373 1564 stituerat,
407 1514 526 1572 quod
549 1530 649 1556 eum
679 1514 888 1573 cupidum
912 1529 1057 1556 rerum
1080 1528 1309 1561 novarum,
1339 1511 1553 1570 cupidum
1584 1511 1662 1554 im-

153 1574 282 1635 perii,
312 1573 457 1632 magni
487 1573 633 1622 animi,
665 1589 830 1632 magnae
858 1573 970 1615 inter
996 1573 1150 1615 Gallos
1178 1571 1472 1620 auctoritatis,
1497 1586 1659 1630 cogno·

154 1642 294 1676 verat.
338 1631 589 1675 Accedebat
611 1631 711 1681 huc,
732 1632 851 1690 quod
875 1633 957 1688 iam
980 1633 1020 1675 in
1044 1631 1229 1675 concilio
1248 1629 1497 1673 AEduorum
1518 1630 1658 1673 Dum-

150 1693 280 1737 'norix
300 1692 486 1742 dixerat,
515 1691 596 1735 sibi
616 1708 641 1734 a
664 1692 834 1735 Caesare
858 1682 1062 1750 Regnum
1089 1690 1280 1734 civitatis
1306 1689 1494 1733 deferri:
1537 1689 1660 1747 quod

152 1751 320 1796 dictum
353 1751 487 1795 AEdui
517 1752 713 1811 graviter
737 1752 951 1802 ferebant,
987 1767 1128 1810 neque
1155 1749 1380 1793 recusandi
1400 1757 1480 1791 aut
1503 1748 1640 1807 (lepre

148 1811 274 1855 ‘candi
293 1827 441 1855 caussa
462 1812 630 1870 legatos
642 1811 696 1854 ad
716 1811 931 1855 Caesarem
951 1812 1126 1854 mittere
1139 1809 1373 1853 audebant.
1419 1807 1470 1851 Id
1492 1808 1659 1850 factum

152 1887 206 1914 ex
223 1871 308 1914 suis
326 1870 571 1930 hospitibus
591 1872 737 1915 Caesar
751 1880 1033 1931 cognoverat.
1085 1869 1166 1913 Ille
1179 1868 1380 1912 omnibus
1398 1867 1541 1926 primo
1561 1883 1659 1927 pre-

153 1930 276 1974 cibus
306 1939 457 1990 petere
490 1931 731 1980 contendit,
759 1941 809 1974 ut
841 1931 882 1974 in
917 1930 1063 1974 Gallia
1088 1929 1437 1985 relinqueretur;
1479 1926 1658 2028 partim,

153 1989 275 2050 quod
293 1991 486 2033 insuetus
504 1990 736 2050 navigandi
752 2007 870 2034 mare
885 1991 1061 2033 timeret
1078 2005 1087 2037 ς
1112 1988 1290 2048 partim,
1307 1985 1426 2045 quod
1440 2001 1486 2028 re
1507 1985 1659 2045 igioni-

154 2049 239 2093 bus
250 2065 337 2092 sese
354 2049 518 2093 diceret
532 2050 731 2110 inpediri.
777 2050 934 2093 Postea
952 2064 1083 2108 quam
1102 2048 1145 2091 id
1167 2047 1384 2091 obstinate
1405 2045 1486 2088 sibi
1508 2045 1659 2104 negari

153 2108 280 2159 vidit,
296 2109 412 2152 omni
431 2125 505 2167 spe
523 2109 771 2168 inpetrandi
784 2110 972 2158 ademta,
995 2107 1220 2166 Principes
1236 2105 1392 2148 Galliae
1404 2104 1652 2151 sollicitare,

154 2183 358 2212 sevocare
381 2167 574 2227 singulos
597 2168 854 2228 hortarique
877 2169 1029 2228 coepit,
1053 2167 1120 2210 uti
1139 2168 1180 2210 in
1203 2165 1443 2210 continenti
1465 2178 1638 2207 remane

202 2283 247 2316 Id
264 2282 410 2325 sactum.
459 2283 536 2316 Vox
558 2283 696 2326 factum
726 2282 761 2315 in
792 2283 870 2315 aliis
937 2282 988 2315 vii
1007 2282 1168 2314 dicuntur
1183 2279 1364 2319 maritimi,
1380 2290 1449 2311 non
1467 2277 1548 2311 item
1563 2277 1656 2312 Mel-

154 2328 262 2361 ἀθεεὶ.
939 2328 988 2360 di.
1038 2327 1179 2360 Rectius
1202 2337 1285 2369 ergo
1309 2335 1328 2357 e
1352 2325 1452 2356 codd.
1476 2323 1661 2356 restituen-

204 2371 271 2404 XL
286 2382 402 2404 naves.
438 2373 494 2404 Al.
516 2373 582 2405 LX
597 2384 713 2405 nares.
939 2373 1018 2404 dum
1035 2375 1071 2404 in
1094 2373 1216 2412 Belqis.
1267 2369 1418 2402 Hausius
1432 2374 1545 2400 tamen
1560 2367 1655 2400 arbi-

204 2417 250 2449 In
271 2417 391 2459 Belgae.
437 2418 549 2459 Vulgo
567 2421 602 2450 in
620 2419 756 2450 Meldis.
791 2418 869 2450 Jam

155 2459 372 2502 antiquiores
386 2461 508 2494 offensi
528 2469 604 2494 sunt
626 2463 689 2494 hac
706 2461 868 2501 lectione,

153 2505 317 2547 quoniam
333 2505 459 2539 Meldae
475 2506 715 2539 mediterranei
727 2507 869 2547 fuerunt,

154 2550 248 2591 apud
273 2558 360 2591 quos
387 2551 532 2583 classem
559 2551 762 2583 aedificatam
792 2562 867 2583 esse

154 2604 222 2627 non
249 2593 413 2626 credibile
438 2595 494 2627 sit.
550 2596 638 2637 Ergo
668 2595 722 2627 vel
756 2597 868 2636 Bequs

153 2649 232 2671 cum
248 2638 349 2670 codd.
365 2644 399 2670 et
412 2640 488 2671 edd.
501 2639 708 2681 quibusdam
720 2640 865 2682 legetur:

150 2683 207 2715 vel
233 2683 302 2715 duo
329 2683 454 2725 populi
480 2683 627 2724 fuerunt,
653 2684 712 2725 qui
742 2685 863 2716 eodem

152 2728 293 2760 nomine
318 2727 511 2760 Meldarum
535 2728 588 2761 usi
612 2734 702 2767 sunt,
726 2727 790 2760 alii
820 2730 863 2761 ad

154 2772 342 2812 Oceanum,
367 2773 588 2814 (quamquam
604 2773 671 2805 hoc
691 2784 708 2804 e
727 2772 864 2806 Strabo-

151 2817 206 2850 nis
223 2818 302 2850 loco
320 2819 354 2855 4,
371 2828 405 2859 p.
427 2819 500 2849 191.
524 2828 592 2849 non
615 2817 750 2850 videtur
771 2824 864 2850 certo

151 2861 264 2904 sequi,
289 2864 325 2893 ut'
341 2860 568 2894 casaubonus
584 2862 732 2901 monuit)
747 2862 809 2894 alii
827 2861 862 2894 in

152 2906 409 2938 mediterraneis
427 2906 537 2939 locis:
562 2907 616 2938 vel
630 2907 770 2940 omnino
787 2918 864 2940 cot-

151 2956 289 2992 ruptum
312 2957 363 2983 est
386 2951 452 2983 hoc
482 2951 638 2983 verbum.
679 2950 730 2983 M.
766 2951 862 2984 Male

151 3001 355 3038 provocatur
370 2996 414 3029 ad
431 2996 645 3036 Strabonem,
670 2996 732 3031 ubi
748 2996 861 3030 Lexo-

937 2423 1054 2455 tratur‚
1065 2427 1170 2448 naves
1184 2416 1214 2448 in
1230 2414 1358 2447 Meldis
1369 2419 1578 2446 constructas
1592 2422 1654 2453 per

937 2461 1130 2494 Matronam
1149 2461 1181 2493 in
1198 2461 1402 2502 Sequanam,
1418 2457 1495 2490 inde
1512 2456 1546 2487 in
1562 2455 1652 2488 Oce-

938 2517 1057 2546 anum,
1085 2507 1244 2538 devectas
1296 2504 1323 2536 Ι.
1338 2503 1378 2536 C.
1396 2503 1440 2534 H.
1472 2500 1650 2549 legendum

938 2551 1129 2593 suspicatur
1144 2553 1180 2583 in
1196 2549 1336 2586 Mor-(lis,
1353 2556 1475 2589 pamm
1491 2544 1650 2576 feliciter.

981 2597 1178 2628 Rem-cisse.
1223 2593 1279 2627 Sic
1296 2592 1398 2624 codd.
1436 2595 1470 2621 et
1486 2588 1563 2621 edd.
1579 2594 1650 2621 vet.

933 2639 1006 2672 Alii
1024 2643 1158 2673 relatae.

980 2687 1122 2717 Dictum
1138 2689 1196 2716 est.
1241 2681 1295 2714 Cf.
1315 2683 1344 2720 1,
1362 2682 1394 2712 3.
1419 2679 1470 2710 Μ.

978 2732 1100 2762 Secum
1117 2729 1255 2761 habere.
1295 2724 1364 2758 Alii
1389 2723 1524 2756 ducere.

976 2775 1042 2807 Aut
1068 2772 1282 2814 ιΙεμη-εεαηιίἰ.
1335 2769 1391 2801 Al.
1425 2777 1547 2811 neque.
1591 2765 1650 2800 Cf·

929 2824 1003 2850 not.
1027 2819 1071 2850 ad
1089 2819 1120 2856 3,
1140 2819 1191 2848 14.
1403 2853 1405 2857 ι
1618 2853 1626 2860 ¹

978 2863 1214 2902 Reliqionibus.
1237 2871 1270 2891 v.
1286 2858 1361 2890 lnd.
1386 2858 1437 2890 M.
1470 2857 1541 2889 Aut
1554 2860 1648 2888 votis

932 2906 1107 2940 solvendis
1121 2912 1155 2937 et
1180 2902 1359 2937 sacrificiis
1376 2900 1566 2946 patrandis,
1589 2904 1648 2932 aut

931 2951 1093 3001 omnibus
1123 2956 1160 2983 et
1187 2947 1370 2993 auspiciis,
1405 2947 1500 2990 quod
1531 2945 1646 2980 forsan

930 3001 1068 3032 recnus.
