1946 3261
242 209 329 255 494
467 212 522 253 A.
558 204 760 252 HIRTII
793 204 878 249 DE
911 203 1114 248 BELLO
1146 201 1491 248 AFRICANO.

245 337 487 397 pollicetur.
553 335 694 377 Caesar
717 333 844 392 jubet
875 331 1029 375 milites
1060 346 1208 374 rursus
1239 330 1292 373 ad
1325 346 1435 389 opus
1469 328 1612 373 redire
1651 337 1712 381 et,

245 412 325 454 per
345 409 534 436 caussam
564 393 865 441 munitionum,
902 391 1061 433 tirones
1097 391 1140 433 in
1176 390 1325 433 labore
1361 389 1602 447 defatigare
1630 399 1716 441 non

246 452 508 496 intermittit.
573 451 751 494 Interim
782 450 983 494 Numidae
1019 449 1267 507 Gaetulique
1293 448 1502 506 diffugere
1523 447 1715 505 quotidie

245 528 297 553 ex
315 511 465 554 castris
486 511 696 569 Scipionis
717 518 776 560 et,
799 508 957 568 partim
990 508 1034 551 in
1067 508 1269 566 Regnum
1303 524 1345 550 se
1374 507 1587 557 conferre,
1651 516 1718 548 af·-

245 569 337 619 tim,
363 569 482 627 quod
502 570 582 627 ipsi
601 570 866 627 majoresque
897 583 1046 610 eorum
1072 566 1276 609 beneficio
1302 567 1353 608 C.
1379 566 1513 608 Marii
1529 565 1593 608 usi
1635 564 1717 607 uis*—

246 636 340 671 sent
362 629 660 686 Caesaremque
680 628 769 686 ejus
790 626 974 669 adfinem
996 641 1083 668 esse
1105 625 1355 675 audiebant,
1389 624 1433 667 in
1461 625 1551 683 ejus
1579 631 1720 667 castra

248 687 478 745 perfugere
518 688 775 729 catervatim
810 701 894 728 non
932 684 1238 727 intermittunt.
1319 684 1517 733 Quorum
1553 700 1606 726 ex
1641 691 1718 725 nu-

246 758 365 788 mero
384 746 531 789 electis
551 745 789 788 hominibus
815 743 1151 793 inlustrioribus,
1177 742 1374 792 Gaetulis,
1407 750 1452 785 et
1482 742 1638 785 litteris
1664 741 1721 785 ad

247 820 343 847 suos
364 805 474 848 cives
491 805 620 854 datis,
643 804 909 852 cohortatus,
934 802 998 844 uti
1019 817 1147 845 manu
1169 803 1285 844 facta
1303 818 1347 844 se
1370 817 1554 858 suosque
1575 800 1720 844 defen-

247 863 401 906 derent
441 871 500 913 et,
542 879 594 905 ne
633 864 716 906 suis
756 862 931 904 inimicis
965 861 1303 919 adversariisque
1342 860 1459 902 dicto
1497 859 1720 902 audientes

249 931 401 972 essent,
421 922 572 964 mittit.

264 996 267 999 ’
309 981 379 1023 33.
415 981 534 1024 Dum
564 979 652 1023 haec
673 979 727 1022 ad
749 979 986 1038 Ruspinam
1016 978 1142 1026 fiunt,
1175 977 1309 1035 legati
1335 994 1388 1020 ex
1415 976 1600 1026 Achilla,
1622 975 1724 1018 civi-

249 1046 341 1082 tate
389 1039 542 1089 libera,
590 1040 716 1081 etiam
763 1039 954 1096 undique
997 1037 1053 1079 ad
1094 1037 1304 1079 Caesarem
1344 1036 1539 1085 veniunt,
1590 1051 1723 1093 seque

252 1106 281 1124 “
307 1105 493 1157 paratos,
517 1113 799 1155 quaecumque
821 1097 1068 1155 imperasset
1091 1104 1134 1137 et
1157 1095 1309 1138 libenti
1336 1096 1476 1138 animo
1507 1095 1726 1137 facturos”

251 1239 311 1271 est,
332 1233 359 1264 si
375 1233 467 1264 verbi
492 1233 546 1264 vis
570 1239 752 1275 spectetur,
785 1244 860 1275 quae
884 1242 950 1263 non

251 1277 522 1308 communicatur
533 1288 611 1308 curn
628 1278 795 1315 hostibus,
811 1278 844 1308 h.
861 1288 890 1307 e.
910 1276 952 1307 iis

251 1331 317 1352 non
332 1321 509 1362 contingit,
529 1331 590 1353 nec
608 1321 802 1363 contingere
820 1326 929 1362 potest
944 1332 950 1349 :

1019 1233 1065 1264 la.
1080 1249 1125 1254 —
1140 1231 1373 1262 Guischardus
1393 1229 1513 1270 (Mem.
1540 1229 1615 1262 mil.
1642 1228 1723 1261 vol.

1022 1279 1052 1306 2.
1071 1286 1104 1317 p.
1119 1278 1193 1306 221.
1211 1275 1264 1305 vel
1280 1275 1322 1305 T.
1340 1278 1370 1305 2.
1391 1284 1423 1315 p.
1440 1275 1532 1314 304.)
1546 1284 1587 1305 ex
1603 1274 1675 1315 ipsa
1687 1283 1723 1304 re

1021 1330 1058 1350 ac
1092 1319 1218 1350 ratione
1246 1318 1391 1355 itineris,
1420 1317 1512 1359 quod
1542 1316 1725 1349 Considius

254 1364 281 1395 si
311 1376 361 1395 res
385 1371 418 1395 et
442 1375 568 1403 sensus,
595 1365 795 1407 intelligitur
811 1376 862 1401 ca,
877 1373 952 1404 quae

252 1408 350 1440 nobis
373 1408 458 1450 eripi
486 1420 552 1440 non
584 1414 703 1450 potest,
732 1409 831 1450 cujus
860 1418 954 1448 spem

251 1452 334 1484 alter
349 1453 471 1484 habere
486 1464 551 1484 non
566 1458 686 1493 potest,
700 1453 844 1493 ideoque
857 1451 956 1482 nobis

253 1502 342 1527 certa
359 1503 392 1528 et
404 1498 590 1538 explorata.
615 1496 667 1528 Sic
683 1507 760 1538 cap.
778 1499 813 1527 61
834 1496 959 1537 qautli-

253 1550 312 1571 τινι
321 1543 509 1582 proprimn,
520 1542 609 1583 quod
621 1540 720 1572 nobis
735 1546 863 1572 tantum
876 1549 957 1570 con-

254 1583 368 1625 tingit,
396 1585 491 1626 cujus
517 1595 583 1616 non
612 1589 722 1626 potest
746 1585 830 1615 alter
855 1583 958 1625 parti-

254 1638 335 1669 ceps
360 1628 443 1659 fieri.
482 1628 555 1660 Erit
579 1639 657 1669 ergo
674 1629 837 1659 interdum
856 1628 958 1665 idem,

253 1672 345 1712 quod
372 1677 596 1713 perpetuum;
624 1673 681 1702 sed
713 1683 819 1712 neque
851 1672 882 1702 iu
914 1682 961 1709 se,

256 1715 352 1756 quasi
382 1715 453 1747 haec
492 1721 579 1747 esset
613 1715 814 1756 significatio
852 1715 960 1753 verbi,

256 1769 366 1800 neque
383 1758 541 1790 omnibus
556 1759 589 1791 in
603 1759 700 1790 locis.
735 1760 785 1790 M.

305 1803 472 1834 Numidae.
514 1804 607 1834 Hanc
627 1814 744 1834 vocem
766 1803 886 1844 glossae
903 1803 961 1833 de-

258 1846 330 1878 beri
348 1853 446 1888 putat
463 1847 576 1879 Davis.
592 1848 778 1878 desumtam
795 1858 814 1877 e
829 1857 905 1888 cap.
920 1848 960 1876 35

258 1896 291 1922 et
307 1892 358 1922 61.

307 1935 467 1975 Beneficitv
490 1936 526 1967 C.
542 1935 659 1973 Marii,
680 1934 712 1965 in
728 1933 823 1966 bello
840 1933 963 1974 Jugur-

261 1978 372 2010 thino.
389 1979 568 2011 Cellarius.
599 1978 699 2009 Cont'.
716 1989 792 2019 cap.
811 1980 862 2008 35.
889 1978 940 2007 M.

307 2023 470 2061 Adfinem.
495 2023 536 2053 V.
552 2022 642 2053 Plut.
661 2022 693 2053 in
710 2021 820 2053 Mario
837 2032 868 2052 c.
887 2023 918 2050 6.
930 2026 962 2051 et

263 2065 296 2096 in
311 2065 396 2096 Caes.
411 2077 442 2097 c.
464 2068 491 2097 l.
533 2066 627 2098 Male
644 2077 712 2098 rem
728 2071 827 2107 negat
843 2065 965 2096 Celsus

308 2153 428 2184 Electis
443 2153 528 2184 hom.
546 2155 678 2185 inlmtr.
696 2155 845 2186 Goetulim
880 2153 909 2181 V
913 2163 965 2184 er·

263 2196 345 2227 bum
382 2195 541 2228 ultimum
577 2197 771 2228 deleverim.
817 2197 965 2228 Omnino

266 2240 366 2272 codd.
383 2244 416 2271 et
432 2240 507 2270 edd.
523 2241 665 2271 multum
688 2241 832 2279 variant,
859 2240 965 2272 veluti

263 2283 321 2326 qui
337 2294 396 2325 pro
412 2283 573 2315 ablativis
593 2285 697 2315 semel
721 2285 883 2316 exhibent
909 2295 967 2315 ac·-

266 2327 468 2361 cusativum,
495 2333 551 2359 aut
580 2329 690 2360 electos
721 2330 878 2367 homines,
909 2334 966 2360 aut

264 2373 418 2403 inlustres
447 2373 591 2410 Getulos,
620 2378 656 2402 ut
683 2372 734 2409 (id
765 2373 855 2412 quod
886 2372 969 2403 vidit

268 2415 374 2455 Oud.)
401 2415 537 2456 Syntaxi
569 2422 809 2447 succurrerent.
840 2416 969 2454 Lectio,

267 2469 286 2490 a
304 2459 376 2491 viro
391 2458 452 2490 illo
469 2460 568 2491 docto
585 2465 732 2500 recepta,
748 2465 797 2490 est
814 2459 845 2490 in
862 2460 969 2491 tribus

267 2503 368 2534 codd.
398 2503 509 2534 bonis.
538 2504 589 2534 M.
633 2503 760 2534 Similis
788 2503 966 2535 verborum

268 2551 434 2579 structura
449 2549 491 2580 G.
509 2548 540 2582 7.
557 2548 576 2576 4
592 2559 600 2578 ι
625 2552 659 2578 et
672 2558 771 2588 supra
785 2557 815 2578 c.
833 2549 881 2577 18.

315 2592 454 2623 Achilla.
497 2592 669 2632 Nusquam
696 2591 796 2633 hujus
821 2591 970 2621 nominis

269 2633 390 2665 civitas
407 2635 543 2675 adparet
569 2635 601 2666 in
626 2635 752 2666 Africa.
794 2635 870 2665 Non
888 2645 967 2675 ergo

270 2677 422 2709 dubitant
435 2679 572 2716 cruditi,
596 2690 669 2709 esse
694 2680 867 2710 Achollam
885 2678 968 2709 stm-

270 2720 370 2752 bonis
382 2722 463 2760 (lib.
482 2723 531 2753 17.
551 2733 584 2763 p.
605 2723 696 2762 831),
710 2722 799 2753 Livii
814 2723 885 2761 (33,
903 2724 970 2761 48),

272 2764 444 2805 Stephani,
464 2765 496 2796 in
513 2768 632 2797 eodem
646 2766 743 2797 litore
769 2765 879 2804 sitam,
901 2777 968 2806 quo

272 2808 438 2849 Ruspina,
453 2809 584 2851 Leptis,
607 2810 776 2851 Thapsus.
820 2809 972 2847 Accedit,

269 2853 359 2892 quod
387 2858 421 2883 et
445 2853 564 2885 Strabo
589 2854 744 2898 ἐλευθέραν
768 2853 852 2884 αὖλιν
878 2853 972 2885 dicit.

275 2897 399 2928 Cellar.
438 2896 474 2930 In
496 2898 699 2939 quibusdam
718 2898 794 2930 edd.
817 2902 867 2929 est
883 2898 973 2930 Acil-

1022 1363 1087 1393 hoc
1120 1362 1230 1404 capite
1264 1363 1446 1393 Adrumeto
1476 1361 1646 1393 Achillam
1676 1361 1725 1392 fe-

1021 1407 1108 1437 cisse
1124 1406 1259 1443 dicitur‚
1286 1412 1398 1447 negat,
1424 1406 1517 1437 illam
1545 1405 1724 1437 Achollam

1023 1450 1197 1482 Strabonis
1218 1461 1315 1491 posse
1335 1452 1368 1481 h.
1386 1450 1410 1481 l.
1430 1449 1588 1490 intelligi.
1613 1449 1726 1491 Adpa-

1023 1501 1071 1525 ret
1101 1495 1203 1526 etiam
1236 1505 1255 1525 e
1285 1504 1361 1535 cap.
1393 1496 1448 1531 43,
1488 1493 1660 1525 Achillam
1694 1496 1728 1524 et

1023 1540 1240 1569 Adrumetum
1274 1538 1372 1579 longe
1404 1538 1538 1569 dissitas
1567 1537 1671 1569 fuisse
1692 1543 1728 1569 et

1025 1582 1192 1615 Achillam
1214 1583 1244 1613 in
1260 1582 1386 1613 ricinia
1398 1582 1527 1623 Thapsi
1539 1581 1643 1624 quaeri
1658 1590 1726 1613 non

1025 1637 1139 1667 posse.
1171 1627 1221 1657 M.
1240 1637 1247 1642 ·
1271 1626 1312 1657 Ni
1340 1627 1452 1665 failor,
1483 1625 1644 1658 succurrit
1668 1624 1725 1656 hic

1027 1670 1158 1702 Plinius
1175 1674 1204 1707 5,
1221 1674 1251 1702 4.
1267 1670 1328 1711 qui
1354 1670 1471 1711 procul
1492 1681 1513 1702 a
1528 1670 1670 1711 Thapso
1694 1669 1728 1700 in

1028 1714 1214 1755 Zeugitana
1230 1714 1367 1755 triginta
1385 1714 1503 1746 liberis
1519 1713 1657 1755 oppidis
1669 1713 1730 1744 ad-

1025 1764 1140 1789 censet
1166 1759 1384 1789 AcolHanum..
1424 1758 1540 1789 Fuerit
1563 1767 1642 1798 ergo
1667 1757 1728 1788 du·

1026 1802 1104 1842 plex
1122 1802 1260 1833 Acholla
1283 1812 1308 1832 s.
1327 1801 1459 1832 Achilla,
1482 1803 1576 1841 (nam
1590 1806 1623 1832 et
1636 1801 1729 1842 apud

1026 1845 1163 1876 Livium
1208 1845 1380 1885 legebatur
1424 1846 1530 1885 Acyta
1568 1851 1601 1875 et
1636 1844 1728 1886 apud

1028 1890 1145 1930 Stepli.
1163 1889 1322 1929 Aclzylla)
1344 1889 1447 1920 altera
1462 1888 1646 1926 Strabonis,
1669 1887 1729 1920 Li-

1027 1933 1087 1971 vii,
1105 1932 1265 1974 Stephani
1290 1932 1322 1963 in
1340 1932 1467 1972 Syrtica
1482 1938 1515 1963 et
1533 1933 1728 1973 Byzacena;

1028 1977 1130 2007 altera
1146 1976 1288 2007 Caesaris
1300 1981 1333 2007 et
1351 1976 1454 2007 Plinii
1472 1976 1505 2007 in
1520 1975 1727 2017 Zeugitana3

1029 2020 1090 2051 ista
1106 2021 1137 2052 in
1155 2020 1288 2058 littore3
1308 2020 1378 2051 haec
1396 2020 1429 2051 in
1446 2019 1604 2051 interiore
1618 2020 1729 2061 plaga.

1029 2065 1111 2096 Haec
1140 2064 1213 2101 erit,
1238 2075 1305 2104 qua
1333 2064 1463 2095 deserta
1491 2074 1548 2105 per
1577 2064 1731 2105 Regnum

1030 2108 1130 2139 Jubae
1150 2109 1368 2139 Adrumetum
1392 2119 1427 2139 se
1452 2106 1618 2150 recepisse
1642 2107 1734 2140 Con-

1031 2153 1137 2184 sidius
1154 2152 1310 2183 scribitur
1325 2163 1355 2183 c.
1373 2155 1426 2184 43.

1078 2199 1189 2228 Etiam
1217 2197 1376 2237 undique.
1425 2194 1535 2227 Nimis
1563 2196 1637 2227 laxe
1665 2195 1730 2227 hoc

1033 2241 1164 2272 dictum
1182 2240 1312 2271 videtur
1326 2236 1415 2271 Phil.
1431 2239 1592 2271 Rubenio
1607 2239 1733 2278 (Elect.

1034 2289 1065 2323 2,
1083 2285 1140 2323 4);
1176 2294 1236 2315 nec
1263 2283 1376 2314 Fulvii
1406 2281 1519 2315 Ursini
1548 2283 1669 2322 codex,
1697 2282 1732 2315 in

1031 2339 1100 2370 quo
1130 2333 1160 2359 et
1186 2331 1266 2368 jam
1295 2327 1428 2369 legitur,
1464 2338 1534 2359 rem
1571 2327 1731 2369 explicat.

1034 2373 1249 2413 Quapropter
1272 2371 1410 2412 conjicit
1432 2371 1622 2410 Rubenius,
1637 2376 1667 2403 et
1682 2373 1735 2403 in-

1033 2418 1129 2447 muni
1143 2416 1335 2457 legendum.
1371 2415 1493 2448 Cellar.
1521 2414 1647 2447 Probat
1658 2415 1734 2457 jure

1035 2460 1190 2491 Oudend.

1081 2505 1236 2535 Par-atos.
1254 2504 1369 2534 Placet
1385 2502 1513 2535 Davisii
1530 2502 1733 2544 conjectura,

1033 2553 1165 2589 parato,
1179 2553 1213 2577 ut
1223 2548 1263 2577 ad
1274 2550 1385 2579 animo
1399 2547 1571 2578 referatur.
1587 2547 1639 2578 M.
1656 2547 1736 2578 Per-

1037 2602 1147 2632 peram
1165 2597 1246 2622 teste
1264 2590 1353 2621 Oud.
1366 2600 1483 2622 omnes
1497 2591 1596 2622 codd.
1612 2589 1736 2622 habent

1031 2641 1179 2677 paratae.
1210 2634 1350 2666 Planius
1368 2640 1457 2666 certe
1481 2634 1583 2666 fuerit
1598 2638 1735 2675 parato.

1036 2680 1098 2709 Sed
1117 2678 1243 2709 Hirtius
1258 2678 1357 2709 etiam
1371 2679 1412 2709 G.
1429 2681 1460 2716 S,
1480 2680 1529 2709 13.
1547 2678 1650 2709 habet
1661 2678 1737 2709 ani-

1037 2734 1090 2754 mo
1104 2725 1219 2764 parati
1232 2728 1264 2754 et
1279 2723 1331 2754 Al.
1350 2726 1403 2753 45.
1424 2723 1581 2764 paratior
1601 2722 1735 2753 anim-is.

1037 2773 1069 2797 et
1091 2766 1174 2797 int'ra
1190 2777 1220 2797 c.
1238 2767 1292 2796 41.
1314 2770 1480 2807 paratum
1505 2770 1590 2797 certo
1610 2767 1735 2797 animo.

1037 2810 1145 2841 forsan
1176 2810 1209 2841 iu
1236 2815 1349 2841 nostro
1377 2810 1455 2843 loco
1483 2807 1676 2852 conjunctio
1702 2813 1733 2840 et

1035 2853 1217 2897 rejicienda
1231 2854 1328 2887 foret.
