1946 3261
220 334 483 377 facultatem.
568 331 667 379 Qua
706 328 904 386 opinione
944 325 1154 368 adductus
1196 325 1355 373 Varus,
1407 334 1580 382 postero
1620 325 1692 368 die

220 409 343 435 mane
364 392 551 447 legiones
572 404 623 429 ex
645 387 795 430 castris
811 385 979 428 educit:
1014 385 1119 426 facit
1139 384 1250 426 idem
1272 383 1408 425 Curio
1430 393 1578 440 atque,
1607 399 1693 426 una

220 451 333 493 valle
354 463 438 490 non
458 462 611 504 magna
630 446 870 508 interjecta,
891 460 983 486 suas
1005 451 1191 498 uterque
1213 442 1358 499 copias
1378 441 1568 484 instruit.

280 508 350 549 28.
384 507 493 548 Erat
520 505 564 547 in
592 505 782 547 exercitu
808 503 913 545 Vari
936 503 1034 543 Sex.
1073 500 1336 550 Quinctilius
1367 500 1526 549 Varus,
1561 513 1692 557 quem

222 567 347 608 fuisse
385 563 581 612 Corfinii,
619 579 752 621 supra
783 562 1126 604 demonstratum
1160 567 1238 601 est.
1303 559 1406 608 Hic,
1445 557 1639 601 dimissus
1669 572 1697 600 a

225 625 409 673 Caesare,
442 623 485 665 in
521 621 719 664 Africam
754 627 958 667 vene1·at;
995 618 1270 675 legionesque
1302 633 1370 660 eas
1398 617 1698 660 transduxerat

225 682 378 731 Curio,
433 697 539 738 quas
587 680 881 738 superioribus
929 676 1196 733 temporibus
1239 676 1431 718 Corfinio
1469 682 1698 733 receperat

226 741 368 783 Caesar
385 755 395 789 ;
427 739 536 782 adeo
553 747 618 788 ut,
639 738 786 796 paucis
807 736 983 779 mutatis
1007 735 1362 784 Centau-ionibus,
1381 734 1507 776 iidem
1526 733 1696 777 ordines

222 798 518 856 manipulique
536 806 793 840 constarent.
867 795 993 837 Hanc
1015 802 1163 836 nactus
1183 793 1485 851 adpellationis
1508 808 1698 834 caussam

226 857 504 907 Quinctilius,
527 857 751 898 circumire
772 855 902 897 aciem
927 853 1129 895 Curionis
1147 860 1280 910 atque
1297 852 1524 894 obsecrare
1546 850 1702 893 milites

228 916 377 973 coepit,
418 923 446 941 ‘⁶
470 931 522 957 ne
544 915 668 972 primi
698 914 967 961 sacramenti,
999 910 1119 968 quod
1148 911 1263 968 apud
1299 910 1540 952 Domitium
1569 917 1702 966 atque

223 981 253 1016 ‘f
277 974 396 1032 apud
415 991 457 1016 se
482 974 750 1022 Quaestorem
770 972 990 1019 dixissent,
1012 971 1261 1012 memoriam
1288 968 1584 1026 deponerent;
1617 982 1703 1010 neu

225 1039 253 1059 “
279 1041 432 1075 contra
467 1048 540 1075 eos
574 1047 692 1074 arma
729 1032 909 1079 ferrent,
945 1029 1020 1086 qui
1059 1028 1209 1071 eadem
1239 1037 1378 1070 essent
1419 1027 1483 1069 usi
1524 1027 1704 1069 fortuna

226 1098 255 1117 “
279 1092 512 1148 eademque
535 1090 578 1131 in
599 1089 820 1132 obsidione
841 1087 1058 1146 perpessi;
1090 1103 1173 1130 neu
1195 1102 1276 1144 pro
1306 1087 1355 1128 iis
1384 1092 1647 1144 pugnarent,
1678 1099 1704 1126 a

224 1157 254 1176 “
278 1150 438 1207 quibus
457 1148 719 1191 contumelia
742 1147 938 1205 perfugae
956 1145 1295 1203 adpellarentur.
1362 1145 1442 1186 His
1475 1159 1615 1202 pauca
1646 1141 1703 1185 ad

225 1216 254 1235 ‘⁶
277 1224 399 1266 spem
418 1206 660 1264 largitionis
679 1206 864 1254 addidit,
882 1221 978 1263 quae
995 1206 1050 1247 ab
1066 1220 1143 1246 sua
1160 1203 1438 1252 liberalitate,
1457 1203 1490 1244 si
1509 1219 1550 1244 se
1571 1211 1705 1258 atque

228 1275 258 1293 ‘⁶
280 1266 454 1308 Attium
481 1264 616 1307 secuti
645 1274 801 1314 essent,
831 1271 1079 1321 exspectare
1113 1262 1364 1304 deberent.”
1428 1261 1523 1303 Hac
1558 1260 1706 1302 habita

227 1325 436 1373 oratione,
466 1323 629 1365 nullam
650 1323 692 1365 in
725 1331 891 1380 partem
917 1322 974 1363 ab
1003 1321 1197 1363 exercitu
1233 1319 1436 1361 Curionis
1465 1319 1520 1362 sit
1547 1317 1706 1376 signifi-

228 1384 356 1431 catio,
377 1391 510 1439 atque
527 1381 587 1423 ita
608 1397 704 1423 suas
726 1390 913 1438 uterque
935 1380 1080 1436 copias
1097 1377 1284 1421 reducit.

286 1441 357 1483 29.
393 1441 542 1498 Atque
586 1440 628 1482 in
666 1440 818 1482 castris
852 1438 1052 1481 Curionis
1093 1453 1273 1493 magnus
1313 1437 1503 1480 omnium
1541 1434 1709 1479 incessit

230 1500 381 1543 timor:
417 1515 514 1541 nam
537 1498 570 1540 is
588 1499 715 1541 variis
735 1498 955 1541 hominum
976 1496 1244 1539 sermonibus
1266 1496 1465 1538 celeriter
1487 1504 1675 1553 augetur
1694 1509 1704 1536 t

234 1558 532 1616 unusquisque
562 1558 674 1599 enim
706 1557 927 1615 opiniones
956 1555 1149 1612 fingebat
1169 1563 1211 1596 et
1233 1555 1287 1597 ad
1312 1554 1372 1603 id,
1405 1555 1522 1611 quod
1543 1555 1599 1597 ab
1623 1554 1710 1597 alio

227 1617 440 1666 audierat,
461 1617 526 1658 sui
546 1615 711 1673 aliquid
733 1615 898 1657 timoris
919 1615 1117 1657 addebat.
1184 1613 1279 1656 Hoc
1306 1614 1380 1656 ubi
1411 1628 1497 1655 uno
1529 1621 1709 1656 auctore.

229 1676 286 1719 ad
305 1676 451 1733 plures
473 1683 813 1732 permanaverat,
847 1683 977 1730 atque
999 1673 1108 1715 alius
1128 1672 1200 1714 alii
1231 1671 1537 1721 transdiderat,
1564 1672 1710 1729 plures

230 1742 427 1778 auctores
445 1734 536 1791 ejus
558 1733 619 1774 rei
639 1732 886 1775 videbatur.
954 1734 1005 1788 [“
1031 1731 1172 1774 Civile
1192 1731 1354 1773 bellum
1373 1746 1382 1771 :
1425 1746 1559 1788 genus
1579 1729 1712 1772 homi-

233 1866 295 1899 est,
313 1860 345 1891 in
364 1859 436 1890 istis
451 1857 656 1900 negligentia
671 1856 883 1889 librariorum
898 1856 939 1887 li-

231 1905 364 1936 neolam
380 1904 487 1935 literae
504 1903 727 1943 inponendum
745 1900 939 1932 desiderari.

236 1948 290 1980 Cf.
310 1954 342 1979 et
365 1947 405 1978 G.
421 1950 454 1985 4,
475 1949 523 1977 12.
547 1951 580 1977 et
604 1945 643 1977 C.
661 1948 692 1979 3,
714 1946 784 1976 109.
832 1945 940 1975 solm-

235 1993 361 2023 cismus
386 1991 413 2022 is
437 1990 519 2021 mire
544 1990 658 2031 placet
681 1990 870 2020 Burmanno
899 1989 938 2019 ad

235 2037 415 2068 Phaedrum
430 2035 499 2066 fab.
516 2039 546 2072 5,
567 2036 594 2071 1,
616 2037 664 2064 15.
684 2033 741 2064 ubi
758 2039 866 2064 tamon
884 2033 943 2063 ad-

236 2079 430 2112 mittendus.
448 2084 530 2109 utet
547 2078 637 2119 apud
654 2077 774 2108 Manil.
800 2082 829 2111 5.
847 2080 921 2108 5³9²).

1009 1855 1084 1886 Vol.
1103 1860 1134 1888 4.
1160 1867 1192 1897 p.
1221 1857 1294 1887 116.
1338 1855 1431 1887 Male
1453 1866 1532 1896 ergo
1556 1855 1591 1886 h.
1614 1856 1638 1887 l.
1661 1855 1714 1887 M.

1007 1900 1129 1932 Brutus
1146 1900 1259 1942 posuit
1275 1903 1381 1941 atqui.
1407 1899 1491 1931 Scal.
1509 1906 1541 1930 et
1557 1900 1648 1940 vulg.
1666 1906 1713 1932 αι.

1055 1945 1203 1976 luens-sit.
1257 1945 1336 1975 Post
1354 1944 1416 1974 hoc
1433 1943 1571 1974 verbum
1588 1944 1642 1975 vel
1655 1944 1714 1975 ad-

1009 1989 1166 2027 dendum,
1190 1989 1243 2020 rel
1265 1988 1516 2027 intelligendum
1531 1988 1649 2018 saltem
1666 1994 1717 2019 est

1009 2036 1143 2066 animos.
1175 2034 1223 2064 M.
1282 2033 1403 2064 Noster
1427 2032 1580 2062 absolute
1612 2031 1660 2062 sic
1684 2037 1718 2064 et

1011 2077 1108 2108 alibi.
1156 2078 1196 2109 V.
1223 2080 1262 2110 C.
1291 2081 1322 2115 3,
1351 2081 1390 2108 -11
1415 2084 1449 2108 et
1481 2077 1550 2107 101.
1570 2080 1603 2107 et
1627 2076 1719 2110 flirt.

280 2125 393 2166 Supra
411 2125 671 2155 demonstratum
686 2128 743 2153 ese.
770 2120 823 2153 Cf.
845 2124 872 2160 l,
891 2124 944 2152 23.

236 2169 286 2199 M.

285 2213 400 2243 Curio.
445 2210 576 2240 Nomen
603 2209 667 2240 hoc
693 2210 777 2240 male
796 2209 828 2240 in
845 2208 944 2239 codd.

236 2255 438 2297 quibusdam
455 2255 559 2285 deest.
575 2253 606 2283 in
624 2252 702 2284 aliis
721 2253 806 2284 male
826 2252 946 2294 legitur

237 2310 322 2341 quas*
341 2300 451 2331 Curio.

284 2343 523 2384 Anlpellalionis·
545 2351 676 2372 caussa.
725 2341 830 2371 Paulo
856 2347 944 2377 ante,

240 2385 620 2428 conloquendifacultas.

287 2431 387 2472 Apud
400 2440 432 2461 se
449 2432 486 2463 Q.
497 2429 567 2460 div.
591 2427 666 2459 scil.
681 2427 713 2459 in
728 2428 831 2459 verba
846 2429 946 2460 Pom-

242 2474 326 2517 peii.
346 2472 495 2514 Respice
510 2473 552 2504 ad
569 2483 599 2503 e.
622 2475 672 2503 18.

289 2518 509 2551 Contumelia.
535 2516 603 2548 Alii
615 2519 648 2547 in
660 2517 949 2548 concnmcliam—.

242 2563 292 2594 M.
588 2589 589 2593 ,

288 2605 439 2637 Addidit.
462 2605 511 2636 Ita
526 2606 624 2637 codd.
648 2605 702 2636 Al.
717 2605 825 2635 addit.

290 2651 393 2690 Atque
409 2651 444 2680 ιή
461 2652 589 2680 cas-tris.
627 2649 715 2679 Iline
739 2647 860 2688 capitis
885 2648 946 2678 ini-

242 2693 340 2729 tium,
354 2703 420 2723 non
438 2693 481 2724 ab
501 2695 578 2723 Hm:
596 2693 675 2724 lmb.
693 2697 777 2723 era!-
823 2691 945 2722 Nostro

245 2743 343 2777 utque
360 2746 595 2777 nonnunquam
611 2742 661 2768 est
678 2742 724 2768 at.
737 2742 771 2766 ut
786 2736 827 2767 G.
845 2739 876 2768 4.
894 2739 945 2766 25.

244 2781 294 2812 lta
310 2780 364 2810 hic
381 2781 480 2811 codd.
497 2787 528 2811 et
542 2782 616 2811 edd.
629 2787 697 2811 vet.
723 2781 786 2811 Pro
798 2785 834 2811 at
848 2780 945 2810 codd.

243 2825 347 2855 ctiam
364 2825 441 2856 dant
458 2830 560 2865 atque
584 2824 624 2855 G.
649 2827 681 2863 5,
706 2828 759 2855 23.
790 2823 889 2856 Conf.
912 2829 946 2854 et

246 2867 374 2903 Ernesti
400 2867 433 2901 in
467 2869 537 2901 Ind.
562 2867 636 2901 Cic.
665 2873 698 2901 et
726 2867 825 2902 Misc.
861 2867 947 2900 Obs.

1004 2783 1117 2823 farere
1143 2788 1194 2814 etc
1201 2805 1208 2812 .

1060 2169 1154 2197 Alme
1178 2168 1239 2198 alii
1267 2167 1512 2199 transdiderat.
1557 2164 1626 2196 Alii
1654 2166 1720 2197 illis

1013 2212 1074 2241 alii
1089 2212 1310 2243 tradiderant.
1334 2211 1443 2241 forsan
1467 2210 1554 2241 alius
1577 2210 1720 2241 αΙὶέεν-α-

1014 2255 1181 2291 dederant,
1208 2261 1243 2286 ut
1272 2254 1370 2293 alibi,
1399 2255 1488 2285 alius
1513 2254 1573 2284 alii
1591 2253 1720 2293 semem

1012 2301 1190 2330 aurinum.

1061 2344 1164 2374 Cir-ile
1179 2343 1431 2374 bellum—Haec
1449 2352 1552 2383 usque
1567 2342 1608 2372 ad
1621 2342 1720 2373 finem

1015 2387 1138 2427 capitis
1163 2386 1279 2418 multis
1304 2386 1412 2418 modis
1439 2391 1605 2428 conrupta
1633 2393 1722 2426 sunt,

1016 2441 1075 2461 nec
1094 2431 1247 2461 videmur
1267 2431 1397 2462 restitui
1423 2441 1533 2471 posse.
1577 2430 1723 2472 Conjec-

1017 2481 1107 2506 turas
1125 2475 1209 2506 bene
1225 2475 1409 2513 multas,de
1423 2476 1486 2506 lroc
1504 2475 1581 2505 loco
1597 2485 1722 2516 propo-

1018 2519 1111 2556 sitas,
1125 2529 1316 2550 enumerare
1334 2519 1449 2551 nolui:
1474 2529 1549 2550 nam
1567 2518 1623 2550 vix
1641 2530 1723 2560 pos-

1020 2569 1095 2594 sunt
1117 2573 1233 2594 omnes
1255 2563 1401 2604 probari.
1426 2564 1474 2594 M.
1521 2564 1649 2595 Reddit
1671 2573 1724 2596 ra-

1015 2608 1123 2638 tiones
1138 2608 1250 2638 Caesar
1267 2606 1490 2645 confusionis,
1511 2618 1586 2648 quae
1600 2614 1669 2639 erat
1686 2607 1721 2639 in

1016 2651 1133 2682 castris
1150 2651 1317 2682 Curionis.
1367 2653 1470 2682 Cir-ile
1485 2653 1621 2689 bellum,
1643 2652 1722 2684 dein

1013 2695 1103 2736 quod
1120 2695 1162 2725 sit
1176 2705 1281 2735 §venus
1298 2697 1482 2730 hominum.
1502 2699 1557 2727 cui
1572 2696 1636 2734 (sic
1656 2697 1719 2737 leg.

1015 2745 1126 2770 ortum
1144 2749 1183 2770 ex
1196 2742 1286 2780 quoi,
1299 2749 1365 2770 non
1381 2739 1488 2780 quod)
1497 2740 1609 2771 liceret
1620 2741 1723 2771 tibere

1270 2783 1413 2814 Demum
1438 2784 1530 2824 quod
1559 2783 1625 2815 sint
1654 2784 1721 2815 illoe

1013 2829 1155 2866 leqimzes
1170 2833 1237 2858 etc.
1269 2826 1339 2864 Sic,
1351 2826 1414 2859 etsi
1432 2827 1474 2858 sit
1488 2827 1632 2868 abrupta
1648 2837 1726 2859 ora·

1013 2870 1074 2910 tio,
1102 2871 1166 2903 hac
1194 2876 1292 2904 tenus
1318 2876 1370 2904 sat
1399 2871 1490 2904 clara
1512 2870 1588 2910 erit,
1608 2870 1724 2914 judice
