1961 3230
724 203 1164 248 DISSERTATIO.
1627 214 1682 243 xv

209 331 304 375 Nec
338 330 562 374 dissimiles
599 330 672 373 alii
702 339 938 373 occurrunt
974 330 1222 386 sequiorum
1250 326 1493 369 seculorum
1530 325 1688 368 barba-

207 405 339 448 rismi.
404 406 516 464 Cap.
551 406 595 456 7,
636 412 663 432 “
689 405 866 463 reliquae
899 419 952 445 ex
990 402 1184 459 fugitivis
1221 400 1449 443 auxiliares
1489 399 1689 442 consiste-

211 481 333 522 bant.
355 482 381 500 ”
473 481 586 538 Cap.
621 479 688 528 12,
744 486 773 506 “
796 479 906 521 bene
938 492 1142 534 magnum
1178 478 1392 533 tempus.”
1470 476 1579 534 Cap.
1620 476 1688 523 13,

210 560 240 582 “
265 554 480 611 simulque
502 553 675 596 ballista
695 553 818 595 missa
835 569 860 595 a
876 552 1032 595 nostris
1053 560 1219 593 turrem
1241 539 1439 607 dejecit.”
1483 551 1594 608 Cap.
1619 550 1690 601 16,

209 635 240 654 “
265 629 564 671 existimabant
584 644 655 671 eos
676 645 798 687 posse
821 636 1024 671 conatum
1045 628 1259 669 efficere.”
1324 625 1436 683 Cap.
1460 626 1531 676 29,
1567 631 1595 650 ‘⁶
1616 625 1690 668 ad-

210 704 389 747 versarii
422 704 687 762 patrocinari
728 705 824 747 loco
862 704 1012 762 iniquo
1039 717 1124 745 non
1159 701 1407 745 desinunt.'’
1481 700 1594 758 Cap.
1617 702 1690 751 33,

209 784 240 804 “
262 779 486 829 libertum,
510 779 587 836 qui
614 778 765 822 fuisset
792 780 884 837 ejus
912 777 1224 821 concubinus.’'
1304 776 1415 833 Cap.
1437 774 1511 824 39,
1546 780 1575 800 “
1596 790 1693 832 gra-

208 853 411 897 diebatur
449 854 714 913 Hispalim.’'
776 856 887 912 Cap.
911 855 985 906 42,
1022 861 1050 880 “
1076 852 1340 913 provinciam
1359 850 1692 910 depopulavit.'’

209 929 269 972 Et
286 939 446 988 praeter
478 947 643 974 morem
669 930 826 974 horum
850 930 1116 989 scriptorum
1137 928 1267 972 Ennii
1288 934 1427 986 poetae
1449 927 1695 985 fragmenta

208 1003 413 1058 advocat,
434 1023 472 1049 c.
494 1007 567 1057 23,
589 1008 662 1049 31.
736 1006 820 1049 Illa
849 1022 953 1049 vero
987 1021 1118 1063 quam
1154 1005 1320 1063 inepta,
1354 1003 1515 1062 quibus
1550 1011 1693 1045 tamen

213 1080 412 1132 Caesaris,
436 1082 588 1124 summi
613 1081 1023 1139 prudentissimique
1047 1081 1246 1130 oratoris,
1266 1094 1492 1137 personam
1513 1077 1606 1136 agit
1628 1075 1697 1119 hic

214 1153 429 1212 sophista:
467 1164 495 1181 ‘⁶
517 1158 605 1207 An,
625 1172 693 1198 me
715 1155 876 1205 deleto,
911 1172 997 1198 non
1021 1153 1449 1205 animadvertebatis,
1472 1154 1513 1195 X
1537 1151 1697 1194 habere

213 1235 244 1254 ‘⁴
268 1230 457 1287 legiones
490 1232 705 1290 populum
732 1248 971 1281 romanum,
1008 1248 1105 1289 quae
1130 1247 1215 1274 non
1242 1230 1381 1273 solum
1414 1228 1536 1271 vobis
1567 1227 1698 1270 obsis-

214 1312 243 1330 “
266 1314 374 1355 tere,
406 1307 480 1349 sed
507 1307 640 1349 etiam
676 1308 834 1349 coelum
869 1307 1041 1349 diruere
1080 1314 1252 1365 possent
1265 1308 1309 1348 ?”
1383 1303 1700 1348 Declamatoris

210 1381 303 1431 illa,
322 1398 406 1424 non
426 1384 626 1434 oratoris,
649 1384 867 1425 effectatio
889 1393 968 1425 est.
1032 1384 1251 1425 Dixerunt
1273 1381 1451 1439 quidem
1473 1380 1696 1427 Germani,

217 1458 373 1499 Suevis
395 1458 481 1500 suis
502 1474 553 1500 ne
578 1459 692 1500 Deos
716 1458 892 1514 quidem
922 1458 1186 1499 immortales
1217 1472 1343 1514 pares
1377 1471 1463 1497 esse
1491 1455 1697 1512 potuisse,

218 1531 333 1573 Bell.
372 1532 490 1573 Gall.
527 1532 578 1575 L,
600 1531 683 1573 IV.
723 1548 818 1588 cap.
861 1532 926 1573 lO.
962 1532 1035 1573 sed
1076 1530 1251 1574 barbari
1282 1531 1363 1579 illi,
1400 1546 1485 1572 non
1518 1529 1699 1573 romani.

216 1606 336 1649 Inter
373 1607 673 1649 Ciceronianas
702 1607 941 1648 multorum
977 1623 1221 1649 coaevorum
1257 1606 1440 1663 legimus
1482 1605 1703 1662 epistolasv

216 1681 381 1723 nullam
413 1689 573 1731 tamen,
601 1698 697 1739 quae
722 1681 984 1724 cothurnum
1006 1682 1130 1724 illum
1153 1682 1306 1740 sapiat.
1371 1680 1558 1722 Nullum
1593 1688 1703 1728 erat,

217 1765 347 1800 aetate
372 1758 566 1811 Caesaris,
595 1757 730 1799 otium
747 1756 986 1799 istiusmodi
1005 1757 1165 1814 ingenii
1186 1756 1367 1805 lusibus,
1383 1771 1481 1796 cum
1502 1754 1555 1796 de
1574 1754 1705 1796 rebus

217 1829 336 1873 seriis
357 1831 731 1887 momentosisque‚
758 1830 811 1873 de
839 1830 930 1873 vita
958 1831 1231 1887 fortunisque
1262 1830 1468 1872 clientum
1494 1828 1566 1871 vel
1594 1828 1708 1869 fama

218 1915 398 1965 agerent
419 1914 627 1950 oratores.
707 1907 818 1948 Sunt
847 1905 1122 1947 nihilominus
1144 1904 1339 1962 primaevi
1359 1903 1547 1946 auctoris
1571 1902 1708 1945 Hirtii

220 1985 351 2028 etiam
371 1985 414 2027 in
433 1985 514 2027 hoc
536 2000 667 2042 opere
686 1984 884 2041 vestigia.
950 1984 1058 2032 Quae
1083 1982 1213 2024 habet
1232 1980 1475 2024 communia
1497 1995 1594 2021 cum
1614 1977 1711 2020 aliis

219 2060 342 2102 bonae
359 2059 462 2101 fidei
477 2059 745 2110 auctoribus,
767 2073 851 2100 non
871 2057 1046 2100 aliunde
1066 2072 1281 2098 emanasse
1304 2070 1449 2097 censeo
1468 2069 1477 2094 ε
1512 2052 1708 2110 inprimis

219 2134 348 2186 illud,
384 2135 502 2193 quod
520 2135 733 2177 Caesarem
762 2133 878 2175 dicat
911 2133 1171 2175 dictatorem
1203 2130 1288 2181 ΙΙΙ,
1321 2129 1597 2187 designatum
1625 2126 1709 2175 IV,

220 2226 306 2253 non
338 2211 405 2266 (ut
437 2210 536 2253 vult
575 2218 728 2253 auctor
761 2208 954 2266 alioquin
990 2206 1329 2250 accuratissimus
1360 2204 1404 2246 in
1434 2203 1611 2245 historia
1641 2217 1708 2245 ro-

223 2301 362 2336 mana,
394 2285 616 2343 Sigonius)
643 2300 770 2335 anno,
802 2299 889 2341 quo
929 2282 1123 2325 Africam
1154 2280 1335 2338 recepit,
1369 2278 1441 2320 sed
1472 2293 1560 2335 quo
1589 2276 1708 2319 bello

223 2361 339 2405 civili
367 2361 411 2404 in
446 2361 658 2420 Hispania
695 2360 823 2402 finem
852 2357 1078 2416 imposuit,
1111 2357 1241 2400 Varr.
1273 2354 1438 2397 scilicet
1470 2352 1570 2395 709.
1639 2352 1709 2394 Sic

225 2438 337 2480 enim
358 2453 501 2480 coaeva
531 2452 748 2480 marmora
772 2435 1009 2493 capitolina
1029 2442 1164 2491 atque
1185 2431 1415 2475 colotiana.
1483 2428 1554 2471 Sic
1576 2428 1707 2470 etiam

223 2512 357 2556 coaevi
382 2513 513 2555 numi.
576 2512 669 2555 Imo
705 2519 873 2559 auctor,
909 2526 1039 2567 quem
1079 2508 1355 2566 sequebatur.
1421 2503 1708 2547 Plutarchus:

223 2588 373 2631 melius
399 2588 577 2638 scilicet,
611 2604 742 2645 quam
770 2586 858 2636 alii,
893 2586 1024 2628 etiam
1054 2592 1241 2633 veteres,
1274 2597 1351 2623 nec
1381 2580 1438 2622 ab
1468 2579 1547 2621 hoc
1565 2577 1710 2619 seculo

222 2665 453 2707 admodum
490 2662 659 2712 remoti,
688 2662 764 2720 qui
802 2661 1063 2703 dictaturam
1108 2657 1288 2701 Caesaris
1333 2654 1499 2696 unitate
1546 2652 1711 2694 faciunt

224 2740 476 2783 auctiorem.
541 2738 679 2780 Hirtii
711 2737 840 2779 etiam
876 2750 1102 2793 personam
1156 2732 1319 2791 arguit,
1354 2728 1473 2787 quod
1505 2728 1584 2770 hoc
1614 2735 1711 2770 toto

224 2814 342 2859 bello
378 2813 614 2873 Hispanico
646 2813 703 2856 sic
734 2810 933 2869 loquitur
962 2818 1132 2859 auctor,
1166 2805 1289 2867 quasi
1309 2805 1402 2862 ipse
1424 2817 1610 2862 praesens
1637 2801 1710 2846 ad-
