1946 3261
895 124 919 154 ί..

254 240 347 285 228:
678 234 763 280 DE
796 232 1001 277 BELLO
1034 233 1335 276 GALLICO.·

261 360 424 421 oppida
443 357 731 413 dimiserant,)
756 354 939 415 dispersi
962 355 1239 415 profugiunt.
1303 356 1450 400 Caesar
1469 366 1748 415 erumpentes

259 437 312 464 eo
330 421 511 462 maxime
529 425 727 472 tempore
739 415 967 457 acerrimas
985 423 1262 474 tempestates
1278 431 1415 473 quum
1428 416 1575 459 subire
1591 415 1749 459 milites

259 478 412 525 nollet,
448 476 493 517 in
523 473 686 532 oppido
719 474 966 517 Carnutum
992 475 1175 518 Genabo
1210 483 1355 518 castra
1387 476 1510 533 ponit
1538 483 1672 533 atque
1704 474 1749 518 in

259 544 377 580 tecta
397 531 563 593 partim
584 532 836 583 Gallorum,
867 533 1027 591 partim
1051 549 1166 591 quae,
1197 534 1401 593 conjectis
1421 534 1620 577 celeriter
1639 541 1748 576 stra-

259 592 415 639 mentis
446 590 738 635 tentoriorum
771 591 1107 650 integendorum
1137 593 1295 652 gratia,
1326 601 1451 636 erant
1479 590 1748 645 inaedificata,

257 652 419 696 milites
438 650 655 709 contegit:
687 651 856 709 equites
872 659 1016 694 tamen
1032 660 1077 694 et
1093 652 1343 695 auxiliarios
1358 652 1523 711 pedites
1545 651 1589 694 in
1606 665 1751 695 omnes

260 717 409 770 partes
448 710 603 761 mittit,
669 725 934 767 uascumque
975 710 1131 770 petisse
1162 711 1419 755 dicebantur
1459 711 1622 754 hostes:
1671 725 1751 752 nec

259 771 446 814 frustra:
487 784 587 812 nam
620 727 883 828 pclerumque
913 785 1071 828 magna
1106 770 1258 828 praeda
1286 770 1415 829 potiti
1446 771 1580 813 nostri
1608 784 1754 812 rever-

259 836 430 877 tuntur.
494 828 707 887 Obpressi
729 828 944 872 Carnutes
973 828 1120 872 hiemis
1141 829 1417 879 difficultate,
1446 837 1618 872 terrore
1640 827 1755 886 peri-

259 887 366 938 culi,
397 903 537 946 quum
557 887 684 930 tectis
704 887 873 946 expulsi
903 887 1027 931 nullo
1048 888 1145 932 loco
1174 888 1340 930 diutius
1367 890 1600 932 consistere
1620 885 1754 930 aude-

259 955 377 997 rent,
413 962 494 990 nec
530 946 738 990 silvarum
782 947 983 1005 praesidio
1017 947 1349 1006 tempestatibus
1385 946 1622 990 durissimis
1661 945 1752 1003 tegi

259 1013 452 1066 possent,
482 1004 678 1064 dispersi,
709 1021 865 1064 magna
887 1015 1013 1065 parte
1034 1007 1185 1050 amissa
1205 1022 1401 1060 suorum,
1422 1005 1688 1065 dissipantur
1709 1005 1753 1047 in

261 1065 483 1109 finitumas
503 1064 717 1108 civitates.

322 1126 362 1166 6.
397 1124 542 1168 Caesar
564 1132 764 1183 tempore
785 1124 885 1167 anni
907 1123 1161 1168 difficillimo
1183 1140 1321 1182 quum
1336 1123 1437 1167 satis
1456 1123 1639 1167 haberet
1655 1139 1755 1168 con-

262 1183 481 1226 venientes
502 1197 653 1226 manus
673 1182 898 1241 dissipare,
930 1199 983 1226 ne
1011 1183 1131 1242 qnod
1165 1183 1334 1226 initium
1357 1183 1463 1227 belli
1484 1191 1756 1233 nasceretur;

261 1250 566 1300 quantumque
587 1241 630 1284 in
650 1242 818 1285 ratione
836 1252 958 1296 esset,
975 1243 1252 1301 exploratum
1269 1242 1470 1290 haberet,
1484 1242 1566 1285 sub
1584 1250 1756 1300 tempus

261 1301 512 1343 aestivorum
544 1301 717 1343 nullum
750 1317 964 1344 summum
997 1301 1163 1344 bellum
1198 1317 1318 1359 posse
1339 1300 1534 1343 conflari:
1570 1301 1625 1343 C.
1649 1301 1757 1345 Tre-

261 1359 439 1403 bonium
469 1375 567 1401 cum
597 1359 641 1400 II
672 1359 931 1417 legionibus,
963 1376 1070 1416 quas
1101 1376 1244 1402 secum
1267 1359 1473 1408 habebat,
1503 1359 1547 1402 in
1568 1358 1758 1403 hibernis

265 1418 437 1461 Genabi
459 1417 726 1466 conlocavit;
760 1418 865 1476 ipse,
881 1434 1017 1475 quum
1035 1419 1198 1461 crebris
1215 1418 1506 1477 legationibus
1519 1418 1758 1462 Remorum

259 1475 421 1520 certior
442 1476 581 1526 fieret,
616 1476 884 1529 Bellovacos,
916 1478 990 1534 qui
1023 1477 1126 1520 belli
1151 1478 1292 1535 gloria
1316 1477 1466 1520 Gallos
1488 1492 1633 1520 omnes
1656 1478 1755 1522 Bel-

258 1551 425 1594 gasque
458 1537 738 1594 praestabant,
773 1536 1080 1594 finitumasque
1115 1536 1178 1579 liis
1210 1536 1423 1586 civitates,
1457 1536 1569 1580 duce
1591 1537 1757 1581 Correo

263 1595 499 1639 Bellovaco
532 1603 578 1636 et
607 1595 806 1637 Commio
830 1595 1062 1645 Atrebate,
1097 1597 1313 1638 exercitus
1345 1611 1438 1638 com
1475 1611 1599 1638 arare
1620 1605 1757 1654 atque

259 1653 305 1696 in
325 1669 461 1696 unum
484 1654 629 1696 locum
650 1669 824 1711 cogere,
858 1663 908 1696 ut
928 1655 1042 1697 omni
1066 1655 1349 1698 multitudine
1369 1654 1413 1696 in
1467 1669 1540 1696 nes
1563 1655 1754 1698 Suessio-

260 1727 384 1762 num,
407 1712 485 1771 qui
508 1712 654 1755 Remis
676 1722 799 1762 erant
820 1713 1052 1762 adtributi,
1077 1714 1268 1757 facerent
1293 1713 1626 1772 inpressionem;
1659 1730 1755 1773 per-

259 1772 400 1814 tinere
421 1779 566 1813 autem
588 1787 673 1814 non
693 1780 864 1814 tantum
885 1771 941 1814 ad
959 1772 1234 1830 dignitatem,
1253 1772 1329 1815 sed
1351 1773 1480 1814 etiam
1494 1771 1550 1814 ad
1569 1772 1754 1816 salutem

258 1846 380 1873 suam
393 1829 630 1888 judicaret,
648 1831 812 1873 nullam
830 1831 1119 1874 calamitatem
1135 1831 1442 1890 socios‘optime
1458 1832 1512 1874 de
1526 1832 1756 1890 republica

258 1888 436 1931 meritos
477 1888 699 1947 accipere;
743 1890 782 1932 le
817 1890 956 1932 ionem
988 1907 1042 1933 ex
1072 1890 1260 1935 hibernis
1295 1898 1448 1933 evocat
1489 1906 1639 1933 rursus
1671 1891 1755 1942 XI,

258 1947 426 1990 litteras
453 1954 600 1990 antem
627 1947 683 1990 ad
715 1948 768 1990 C.
829 1949 974 1991 abium
1008 1949 1160 2001 mittit,
1193 1960 1243 1993 ut
1272 1950 1313 1992 in
1348 1948 1451 1991 fines
1475 1949 1752 1993 Suessionum

257 2006 446 2064 legiones
469 2006 531 2055 II,
564 2022 671 2064 quas
691 2005 894 2057 habebat,
924 2007 1179 2059 adduceret,
1210 2009 1482 2066 alteramque
1508 2024 1561 2050 ex
1582 2007 1755 2052 duabus

259 2066 316 2109 ab
337 2065 390 2108 T.
415 2065 606 2109 Labieno
626 2065 817 2109 arcessit.
883 2066 968 2118 Ita,
995 2077 1208 2126 quantum
1241 2068 1524 2111 hibernorum
1543 2067 1754 2127 obportu-

310 2237 531 2268 Dimiseram.
547 2234 617 2267 vid.
635 2237 707 2268 lnd.
733 2239 783 2269 M.

1090 2242 1264 2274 Quantum
1295 2242 1331 2272 in
1362 2241 1488 2272 rasione
1517 2239 1753 2282 (cogitatione,

309 2281 471 2321 conjectae
481 2285 600 2311 stram.
628 2281 676 2311 An
687 2284 847 2321 conqestis
857 2285 873 2314 .’
888 2283 974 2315 Om-

1041 2284 1256 2325 conjectura)
1279 2290 1358 2316 esset
1374 2284 1568 2325 (positum),
1589 2292 1754 2326 quantum

260 2322 319 2355 nia
336 2334 414 2356 vero
431 2323 555 2355 verba:
581 2327 708 2365 partim
729 2327 820 2357 Gall.
837 2345 880 2350 -—
896 2338 974 2359 con·

260 2369 356 2409 teqit:
381 2374 456 2399 sunt
468 2367 603 2399 inceriae
615 2368 784 2403 lectionis.
794 2380 854 2402 nec
870 2382 971 2403 unum

261 2413 332 2444 fere
348 2418 411 2451 est,
431 2412 513 2455 quin
529 2411 657 2444 alicubi
681 2413 780 2446 alitor
794 2415 973 2448 scribatur.

311 2500 536 2541 Inoedeflcata,
559 2510 626 2532 non
649 2501 858 2541 stramentis3
887 2503 973 2535 foret

262 2543 355 2575 enim
379 2544 582 2584 absurdum3
615 2545 673 2576 secl
698 2547 899 2586 imedtjficam.
921 2553 974 2579 est

261 2589 321 2627 ibi,
348 2590 404 2620 illo
434 2590 504 2620 loco
526 2589 710 2630 (edificata,
739 2598 772 2620 οι
794 2597 974 2623 stramenta

262 2638 340 2663 sunt
365 2632 514 2671 materia,
539 2643 558 2663 e
581 2642 650 2674 qua
671 2633 889 2666 aedificantur.
937 2637 971 2667 ln

262 2686 332 2707 uno
349 2677 428 2707 cod.
444 2683 495 2708 est
510 2677 669 2718 simplex.
686 2678 866 2713 aedifi'rnta.
884 2680 934 2710 M.

310 2722 432 2752 Milites
447 2724 601 2760 contenit.
648 2720 798 2753 Omnino
816 2723 882 2762 leg.
897 2735 973 2755 con-

253 2765 344 2802 jecit.
392 2764 447 2795 Sic
479 2769 510 2798 2.
541 2767 590 2796 16.
624 2765 772 2796 homines
798 2767 833 2797 in
855 2762 971 2800 Vns-mn

263 2808 404 2847 (tutum)
431 2811 600 2849 conjicere.
627 2819 660 2839 v.
679 2809 751 2840 lnd.
779 2811 829 2840 M.
874 2810 971 2843 Voss.

262 2852 403 2883 volebat
438 2853 591 2892 cnnleyit,
626 2854 715 2893 qnod
754 2863 820 2885 non
851 2856 969 2895 probat

262 2893 396 2926 Clau-ke.
421 2896 510 2927 Mihi
527 2899 657 2935 caniet-it
675 2897 816 2929 multum
830 2899 972 2932 adridet.

309 2940 420 2972 Mittit.
466 2941 552 2972 Coil.
572 2940 663 2972 Leid.
681 2942 828 2975 domuit.

1045 2335 1159 2369 posset
1182 2328 1365 2369 cogitando
1388 2329 1681 2371 conjectandoque
1704 2329 1754 2361 in-

1043 2372 1163 2409 telligi.
1191 2373 1239 2403 M.

1089 2418 1160 2447 Sub
1171 2423 1300 2458 tempus
1311 2419 1505 2450 festivorum.
1531 2416 1585 2448 Sic
1602 2423 1635 2448 et
1650 2428 1684 2449 c.
1697 2419 1753 2449 46.

1089 2462 1281 2494 Summum.
1297 2460 1547 2498 gravissimum.
1584 2463 1648 2493 Sed
1665 2461 1752 2493 Gro-

1042 2504 1167 2535 novius
1193 2506 1233 2536 ad
1262 2504 1335 2535 Liv.
1353 2507 1425 2544 (⁶26,
1447 2507 1510 2543 10),
1534 2512 1570 2537 ut
1594 2506 1752 2537 Oudend-

1043 2549 1184 2587 monuit,
1230 2548 1386 2586 intelligit
1431 2549 1571 2588 bellum,
1611 2550 1644 2582 in
1682 2560 1751 2592 quo

1042 2602 1173 2624 sumnia
1191 2593 1237 2624 rei
1256 2593 1410 2624 vortitur.
1438 2595 1488 2625 M.

1090 2639 1347 2678 finitumasque
1375 2640 1437 2669 lais.
1484 2637 1570 2668 Edd.
1597 2644 1665 2669 vet.
1701 2639 1752 2669 iis.

1043 2679 1133 2711 Oud.
1165 2681 1310 2712 restitnit
1349 2683 1401 2712 liis
1437 2692 1456 2712 c·
1490 2683 1588 2713 codd.
1638 2680 1751 2721 Vulgo

1042 2725 1130 2755 male
1147 2728 1192 2756 in.
1235 2725 1375 2756 vossius
1391 2726 1502 2757 omitti
1521 2725 1658 2758 volebat
1676 2735 1751 2766 par-

1041 2769 1199 2802 ticulam.
1214 2769 1338 2801 clai-ko
1353 2771 1456 2801 delet.

1089 2814 1207 2844 s‘nrren
1214 2838 1220 2843 .
1243 2813 1302 2845 alii
1324 2815 1458 2845 forban.

1090 2858 1264 2890 Exercitus
1294 2869 1504 2901 comparare.
1537 2856 1598 2890 alii
1629 2859 1756 2889 exerei-

1041 2905 1127 2933 tum.
