1946 3261
186 222 245 265 62
600 218 684 262 DE
717 215 920 260 BELLO
954 213 1247 257 GALLICO.

184 348 355 407 adjecta
393 343 593 403 planicie,
641 343 854 386 altissimis
894 341 1114 384 montibus
1152 339 1346 396 undique
1397 338 1662 382 continetur.

187 409 335 457 Quum
351 404 420 446 hic
442 403 485 445 in
504 402 611 445 duas
631 411 776 461 partes
793 401 966 444 flumine
987 399 1276 447 divideretur,
1293 397 1476 440 alteram
1494 405 1665 454 partem

183 466 275 523 ejus
295 462 379 505 vici
403 461 542 504 Gallis
571 461 794 510 concessit,
825 460 1022 508 alteram,
1054 473 1233 501 vacuam
1261 456 1318 498 ab
1338 456 1422 498 illis
1450 455 1664 503 relictam,

185 520 438 566 cohortibus
456 519 512 563 ad
532 519 808 563 hiemandum
828 517 1059 562 adtribuit.
1109 517 1223 559 Eum
1242 515 1387 558 locum
1406 513 1521 557 vallo
1539 514 1665 556 fossa-

185 597 273 639 que
293 579 494 622 munivit.

245 640 288 681 2.
324 639 471 688 Quum
500 636 592 679 dies
621 636 903 679 hibernorum
933 633 1179 692 complures
1207 633 1455 676 transissent
1477 631 1666 674 frumen-

186 705 369 754 tumque
411 713 462 740 eo
505 695 772 753 comportari
810 693 1014 753 jussisset,
1055 692 1201 735 subito
1249 708 1328 750 per
1371 690 1668 749 exploratores

188 757 351 799 certior
371 755 510 798 factus
524 763 612 803 est,
644 770 697 796 ex
717 770 766 796 ea
789 762 915 811 parte
938 751 1038 800 vici,
1071 767 1199 808 quam
1225 750 1363 793 Gallis
1383 757 1666 798 concesserat,

188 830 334 858 omnes
381 822 513 858 noctu
563 813 814 861 discessisse,
855 819 1125 866 montesque,
1168 809 1244 866 qui
1286 807 1604 866 impenderent,
1644 823 1670 849 a

186 873 371 916 maxima
396 870 679 915 multitudine
703 870 980 912 Sedunorum
1011 878 1055 914 et
1079 868 1377 925 Veragrorum
1399 867 1552 908 teneri.
1616 864 1669 906 Id

186 932 355 989 aliquot
385 931 439 973 de
466 930 620 973 caussis
650 929 883 978 acciderat,
915 938 965 969 ut
994 926 1140 970 subito
1165 926 1282 968 Galli
1304 925 1410 967 belli
1433 923 1670 967 renovandi

187 990 458 1049 legionisque
491 987 789 1047 opprimendae
815 987 1038 1030 consilium
1060 994 1287 1044 caperent:
1322 983 1527 1042 primum,
1549 982 1669 1041 quod

187 1049 418 1107 legionem,
450 1063 590 1105 neque
620 1063 713 1088 eam
734 1045 1035 1104 plenissimam,
1067 1043 1275 1086 detractis
1296 1042 1548 1085 cohortibus
1567 1041 1671 1083 dua-

188 1108 270 1150 bus
290 1116 335 1150 et
352 1106 652 1165 compluribus
669 1105 936 1163 singillatim,
957 1103 1032 1160 qui
1051 1110 1312 1145 commeatus
1331 1099 1508 1159 petendi
1528 1115 1673 1142 caussa

189 1166 302 1210 missi
343 1175 482 1214 erant,
516 1164 782 1212 absentibus,
825 1170 1010 1221 propter
1051 1161 1314 1219 paucitatem
1351 1159 1670 1217 despiciebant:

189 1234 285 1267 tum
319 1225 464 1273 etiam,
503 1223 621 1280 quod
660 1230 846 1280 propter
873 1220 1147 1277 iniquitatem
1185 1219 1286 1266 loci,
1326 1233 1461 1274 quum
1503 1217 1584 1274 ipsi
1621 1233 1674 1259 ex

189 1283 409 1327 montibus
439 1282 482 1324 in
510 1281 668 1324 vallem
689 1280 991 1327 decurrerent,
1024 1289 1068 1320 et
1090 1278 1176 1321 tela
1197 1276 1477 1333 conjicerent,
1509 1291 1561 1317 ne
1584 1276 1672 1334 pri-

189 1358 308 1400 mum
347 1340 524 1398 quidem
564 1355 686 1397 posse
721 1339 917 1395 inpetum
956 1353 1081 1378 suum
1120 1335 1319 1377 sustineri
1356 1333 1672 1376 existimabant.

191 1399 461 1447 Accedebat,
496 1397 615 1455 quod
650 1413 747 1439 suos
767 1396 824 1438 ab
855 1412 897 1438 se
918 1395 1079 1437 liberos
1113 1394 1353 1437 abstractos
1378 1392 1579 1435 obsidum
1602 1408 1675 1435 no-

189 1459 303 1502 mine
324 1456 552 1500 dolebant:
588 1464 632 1498 et
655 1454 872 1497 Romanos
905 1469 990 1496 non
1015 1453 1154 1496 solum
1185 1452 1389 1494 itinerum
1411 1467 1570 1501 caussa,
1600 1451 1674 1494 sed

188 1518 320 1561 etiam
338 1517 565 1575 perpetuae
583 1514 868 1572 possessionis,
887 1512 1074 1554 culmina
1094 1511 1276 1570 Alpium
1293 1525 1509 1569 occupare
1528 1511 1675 1553 conari

190 1586 236 1620 et
275 1591 325 1618 ea
363 1575 458 1617 loca
493 1573 700 1616 finitumae
739 1571 973 1630 provinciae
1013 1570 1266 1628 adjungere,
1305 1568 1386 1611 sibi
1426 1585 1676 1627 persuasum

190 1634 425 1679 habebant.
1443 1655 1448 1658 -

250 1695 293 1736 3.
330 1691 411 1734 His
433 1690 599 1733 nunciis
616 1688 821 1747 acceptis,
847 1689 1005 1737 Galba,
1026 1703 1160 1745 quum
1184 1703 1322 1744 neque
1345 1702 1455 1745 opus
1477 1684 1677 1728 hiberno-

191 1768 291 1796 rum
311 1749 656 1806 munitionesque
677 1748 806 1806 plene
827 1755 965 1790 essent
987 1745 1208 1805 perfectae,
1226 1761 1366 1803 neque
1386 1743 1440 1787 de
1459 1744 1678 1786 frumento

193 1811 452 1868 reliquoque
482 1816 723 1850 commeatu
751 1806 851 1849 satis
873 1814 981 1849 esset
1016 1805 1252 1863 provisum,
1285 1803 1422 1861 quod,
1454 1801 1677 1845 deditione

194 1871 311 1913 facta
332 1867 644 1923 obsidibusque
672 1865 877 1923 acceptis,
913 1864 1019 1907 nihil
1045 1863 1101 1905 de
1122 1863 1239 1906 bello
1273 1862 1513 1905 timendum
1535 1861 1679 1903 existi-

195 1936 405 1977 maverat,
440 1925 616 1968 consilio
653 1924 855 1966 celeriter
894 1931 1147 1969 convocato,
1178 1921 1410 1964 sententias
1448 1919 1679 1977 exquirere

197 1986 347 2045 coepit.
412 1985 510 2034 Quo
553 1983 595 2025 in
632 1983 825 2032 consilio,
864 1998 999 2040 quum
1035 1989 1204 2023 tantum
1242 1979 1460 2038 repentini
1496 1978 1683 2037 periculi

232 2054 359 2088 raeter
396 2042 644 2102 opinionem
680 2041 921 2091 accidisset,
959 2057 1007 2082 ac
1042 2040 1128 2097 jam
1163 2040 1304 2082 omnia
1335 2038 1425 2081 fere
1455 2036 1681 2096 superiora

196 2064 293 2148 lima
313 2101 595 2146 multitudine
614 2109 881 2143 armatorum
900 2099 1119 2157 completa
1139 2098 1508 2157 conspicerentur,
1541 2111 1682 2153 neque

198 2161 390 2206 subsidio
412 2159 567 2205 veniri.
586 2175 725 2217 neque
744 2167 1004 2201 commeatus
1024 2157 1276 2216 supportari
1297 2154 1538 2198 interclusis
1559 2153 1682 2196 itine—

200 2222 321 2266 ribus
339 2226 527 2279 possent,
538 2234 678 2276 prope
692 2218 779 2276 jam
796 2217 1027 2276 desperata
1039 2216 1192 2267 salute,
1203 2213 1419 2259 nonnullae
1435 2211 1682 2271 hujusmodi

203 2332 372 2374 Scaligero
386 2330 531 2364 restituit
544 2330 632 2361 Oud.
644 2340 662 2360 e
677 2330 774 2360 codd.
788 2336 821 2361 et
834 2331 908 2361 edd.

203 2378 333 2421 primis.

251 2424 419 2454 Flumine.
466 2418 605 2450 Orosius
622 2420 654 2456 6,
670 2421 700 2449 8.
725 2417 825 2449 habet
841 2424 910 2450 tor-

202 2472 303 2499 rente.
348 2465 484 2496 Graecus
498 2462 625 2494 omisit.

254 2511 304 2542 Ad
327 2508 554 2541 hiemandum.
602 2505 712 2536 Vax-ba
742 2505 815 2536 ha‘c
844 2505 909 2536 11110

206 2554 441 2586 transtulerunt
455 2549 657 2582 Ciacconius
675 2555 709 2580 et
724 2550 911 2580 Hotoman-

976 2328 1066 2361 tituit
1083 2329 1236 2359 Ondvnd.
1252 2326 1327 2358 110111
1344 2329 1511 2364 sustineri,
1534 2325 1593 2357 alii
1611 2335 1683 2358 sus-

974 2377 1088 2405 tinere.
1113 2373 1199 2404 istud
1216 2371 1352 2403 rectius.

1023 2416 1418 2449 Act-edebat—tlolebanh
1431 2415 1574 2446 Causam
1582 2413 1667 2445 hanc
1674 2436 1683 2453 ,

975 2472 1116 2502 eamque
1133 2460 1221 2491 haud
1239 2458 1342 2490 dubie
1367 2457 1595 2496 gravissimam
1614 2467 1680 2498 prae

975 2504 1096 2537 ceteris
1113 2510 1205 2540 ura-ot
1222 2504 1291 2534 Jul.
1305 2503 1392 2534 (1³15.
1412 2514 1444 2544 p.
1457 2505 1509 2534 54.
1535 2501 1584 2532 M.

1025 2550 1201 2580 Irinernm.
1220 2548 1266 2578 Ita
1278 2546 1357 2578 boni
1369 2547 1467 2578 codd.
1477 2544 1534 2578 alii
1543 2547 1680 2584 ititoerix,

208 2609 286 2638 nus3
306 2607 382 2630 nam
398 2596 430 2627 in
446 2595 544 2627 MSS.
561 2600 594 2626 et
607 2595 684 2625 edd.
700 2599 780 2624 vett.
797 2592 910 2633 inepte

209 2642 319 2683 posita
347 2646 440 2672 crant
473 2645 548 2670 ante
580 2637 719 2670 verbum
751 2640 911 2669 com-assir.

211 2686 372 2723 Quaedam
395 2685 449 2715 ed.
472 2688 611 2714 reeentt.
636 2688 671 2713 ut
692 2685 725 2712 et
747 2680 911 2722 metaphr.

209 2730 266 2761 Gr.
282 2728 418 2760 omnino
435 2727 629 2767 omiserunt.
654 2726 704 2757 M.

257 2775 346 2804 Eam
372 2774 503 2813 plene‘xs.
548 2771 656 2801 Codd.
681 2775 714 2800 et
738 2768 814 2799 edd.
833 2772 914 2798 vett.

209 2824 289 2850 mm..
316 2816 405 2856 quod
433 2824 680 2856 nonnumquam
703 2811 836 2844 additur
859 2822 914 2842 su-

212 2859 387 2904 perlativo.
414 2860 454 2889 Y.
472 2859 562 2890 Oud.

259 2904 470 2945 Singillatim.
507 2901 715 2943 singulorum
755 2899 914 2937 militum,

211 2948 268 2993 qui
285 2945 408 2988 singuli
423 2946 657 2977 discesserant.
681 2946 730 2976 M.

257 2995 378 3027 Suum.
414 2991 444 3025 Ε
460 2991 557 3024 codd.
573 2995 608 3024 ct
622 2990 697 3024 edd.
711 2988 831 3032 priscis
845 2998 913 3024 res-

976 2593 1064 2634 1111011
1083 2591 1227 2634 przetulit
1242 2591 1372 2623 Clarke.

1024 2638 1104 2667 Sibi.
1150 2636 1225 2667 1100
1251 2636 1292 2666 ad
1317 2635 1350 2665 τὸ
1373 2634 1558 2675 mljunqere
1583 2630 1681 2664 refert

980 2680 1131 2711 Vossius.

1023 2727 1112 2765 Opus
1127 2725 1255 2755 hibern.
1269 2724 1542 2762 munin‘mwsque.
1559 2719 1684 2751 exaedi-

977 2768 1088 2799 ficatio
1108 2768 1331 2799 tabernarum.
1352 2767 1400 2798 M.
1418 2767 1469 2795 “Eu
1485 2762 1530 2794 διὰ
1547 2762 1626 2798 δυοῖν,
1647 2771 1682 2795 111

976 2812 1051 2843 Civ.
1073 2814 1100 2845 1.
1117 2814 1169 2842 90.

1026 2857 1296 2888 Iis-istimarernr.
1336 2851 1558 2886 nocentiores
1573 2854 1685 2883 emisti-

981 2906 1096 2931 maret.

1025 2944 1179 2976 (lomilio.
1214 2943 1268 2977 Sic
1286 2942 1385 2976 codd.
1402 2948 1435 2975 et
1449 2941 1526 2975 edd.
1541 2946 1609 2973 vet.
1623 2939 1685 2974 alii

979 2989 1130 3021 concilio.
