1946 3261
15 1224 16 1228 „
5 966 18 1212 -μ--π-..ἒ

417 542 510 618 c,
589 484 935 622 mm
1016 547 1570 630 cAESAms

697 748 1286 812 COMMENTARII

574 941 686 993 DE
739 942 1037 996 BELLO
1087 943 1401 998 CIVILI.

725 1270 916 1316 LIBER
950 1269 1218 1318 PRIMUS.

800 1458 1157 1488 ARGUMENTUM·

228 1520 311 1564 Cap.
331 1522 359 1552 l.
382 1520 493 1553 Causa
525 1526 560 1553 et
585 1520 682 1563 origo
714 1520 799 1554 belli
828 1522 956 1554 civilis.
1005 1523 1055 1554 De
1085 1522 1208 1555 litteris
1234 1523 1382 1556 Caesaris
1407 1524 1449 1557 ad
1474 1524 1638 1559 Senatum
1654 1536 1723 1560 non

268 1565 419 1605 retertur,
434 1565 647 1598 obstantibus
667 1566 812 1598 Lentulo
827 1566 908 1598 Cos.
923 1573 956 1597 et
972 1566 1148 1608 Scipione.
1195 1572 1228 1600 2.
1251 1568 1363 1600 Caesar
1376 1570 1564 1602 exercitum
1579 1570 1719 1612 jubetur

267 1610 449 1643 dimittere.
490 1613 520 1641 8.
546 1610 687 1642 Senatus
700 1611 871 1652 Pompeio
887 1619 1007 1652 aperte
1019 1612 1111 1643 favet
1125 1618 1281 1651 coactus,
1294 1613 1543 1655 refragantibus
1557 1614 1723 1648 Tribunis

268 1654 396 1697 plebis.
441 1658 473 1687 4.
501 1655 687 1697 Pompeius
702 1666 738 1687 se
753 1656 879 1687 Caesmi
898 1656 1066 1688 infensum
1083 1657 1245 1688 ostendit.
1292 1662 1323 1690 5.
1348 1659 1382 1689 S.
1398 1658 1439 1690 C.
1463 1659 1608 1691 Videant
1622 1658 1722 1694 Coss.

268 1700 446 1738 Praetores,
472 1698 618 1731 Tribuni
645 1700 770 1742 plebis,
795 1711 837 1732 ne
851 1699 934 1741 quid
961 1702 1004 1732 R.
1021 1701 1061 1732 P.
1083 1701 1276 1733 detrimenti
1294 1703 1420 1744 capiat.
1468 1705 1499 1734 6.
1525 1704 1717 1738 Provinciae

265 1743 491 1787 Pompeianis
518 1744 723 1777 commissa».
782 1745 869 1776 Tota
900 1745 997 1777 ltalia
1027 1745 1181 1778 delectus
1213 1746 1396 1779 habentur.
1455 1748 1487 1779 ⁷.
1521 1748 1646 1789 Caesar,
1675 1750 1718 1782 de

263 1789 413 1821 militum
429 1790 604 1821 voluntate
620 1795 744 1821 certus.
791 1791 914 1822 8-10.
943 1789 1137 1822 Ariminum
1153 1791 1274 1822 tendit.
1319 1791 1494 1824 Tribunos
1509 1792 1622 1835 plebis
1634 1805 1718 1827 con-

260 1834 368 1873 venit,
386 1844 507 1876 pacem
525 1844 660 1866 servare
675 1839 793 1866 tentat.
823 1836 833 1865 l
848 1837 873 1866 l.
899 1835 1017 1876 Iniqua
1032 1835 1233 1867 conditione
1248 1836 1407 1878 Pompeii
1426 1838 1552 1879 rejecta
1565 1845 1713 1881 occupat

258 1878 443 1915 Arretium,
461 1879 651 1917 Pisaurum,
667 1879 810 1918 Fanum,
826 1880 1013 1912 Anconam.
1065 1882 1116 1912 12.
1142 1880 1314 1922 Iguvium.
1331 1887 1403 1913 toto
1423 1881 1551 1915 Piceno
1566 1883 1713 1916 dilectus

263 1923 379 1955 habet.
429 1925 480 1955 13.
503 1923 651 1956 Auximo
668 1924 808 1966 potitur.

215 1969 302 2011 Cap.
324 1970 375 2000 14.
402 1969 513 2000 Roma
527 1968 687 2011 trepidat.
735 1967 922 2011 Pompeius
935 1979 977 2001 ex
991 1968 1074 2001 urbe
1090 1970 1239 2003 excedit.
1284 1969 1450 2003 Lentulus
1463 1976 1582 2014 aperto
1594 1972 1712 2006 aerario

258 2012 357 2055 sugit,
386 2013 588 2054 gladiatores
611 2013 756 2046 Caesaris
779 2012 905 2055 Capuae
932 2020 1054 2046 armat.
1105 2017 1155 2046 15.
1179 2014 1295 2047 Caesar
1317 2016 1482 2047 Asculum
1509 2017 1646 2059 recipit.
1668 2027 1711 2050 ex

257 2056 447 2089 dilectibus
462 2057 685 2099 Pompeianis
699 2070 777 2090 suas
790 2059 957 2090 cohortos
968 2064 1083 2101 auget.
1119 2061 1168 2091 16.
1191 2059 1338 2091 Corsinii
1353 2060 1491 2092 obsidet
1507 2061 1712 2102 Domitium,

256 2101 316 2144 qui
368 2102 417 2133 17.
440 2102 576 2134 Frustra
604 2112 624 2133 a
658 2103 828 2145 Pompeio
869 2103 1041 2135 auxilium
1078 2103 1176 2146 petit.
1238 2106 1289 2135 18.
1312 2104 1555 2138 Sulmonenses
1582 2105 1707 2140 Caesari

258 2152 374 2189 portas
398 2147 569 2189 aperiunt.
626 2148 674 2179 19.
697 2147 848 2180 Corsinii
879 2148 1079 2190 trepidatur.
1136 2151 1189 2180 20.
1218 2148 1394 2181 Domitius
1420 2151 1535 2191 fug-am
1564 2152 1711 2184 moliens

256 2190 439 2233 inpeditur.
484 2195 539 2231 21,
563 2195 616 2223 22.
643 2192 694 2223 De
711 2192 874 2224 tradendo
889 2192 1020 2234 oppido
1050 2192 1175 2235 agitur.
1233 2196 1287 2226 23.
1311 2193 1364 2225 Eo
1391 2194 1514 2226 tradito
1545 2196 1706 2239 Pompeii

256 2236 370 2268 Duces
393 2235 508 2269 Caesar
526 2235 682 2268 dimittit.
706 2236 832 2268 milites
854 2243 1066 2269 sacramento
1089 2237 1213 2279 adigit.
1238 2237 1271 2269 in
1287 2238 1450 2280 Apuliam
1476 2240 1604 2272 transit.
1650 2243 1706 2274 24.

250 2280 437 2323 Pompeius
457 2281 530 2324 ipse
545 2280 763 2313 Brundisium
777 2281 876 2323 sugit,
906 2281 1026 2324 copias
1039 2282 1224 2321 contrahit,
1247 2293 1377 2322 servos,
1399 2289 1555 2326 pastores
1580 2293 1704 2321 armat.

256 2325 542 2367 Pompeianorum
572 2325 729 2358 cohortes
757 2327 800 2358 ad
829 2325 998 2358 Caesarem
1023 2332 1206 2367 transeunt,
1227 2327 1289 2370 qui
1312 2338 1430 2360 rursus
1448 2329 1491 2360 de
1515 2339 1600 2371 pace
1623 2342 1703 2363 cum

252 2370 420 2412 Pompeio
436 2381 554 2402 coram
567 2381 668 2412 agere
683 2370 791 2413 cupit.
837 2374 893 2403 25.
918 2371 1019 2404 Hune
1034 2370 1150 2404 Caesar
1163 2371 1339 2405 Brundisii
1353 2372 1501 2406 obsidet.
1540 2375 1595 2406 26.
1612 2375 1704 2409 Con-

251 2414 406 2456 loquium
419 2421 642 2448 recusantem.

207 2460 294 2502 Cap.
318 2460 373 2492 27.
396 2459 584 2501 Pompeius
610 2460 862 2502 Dyrrhachium
889 2460 1070 2502 transjicit.
1116 2463 1171 2493 28.
1195 2461 1395 2495 Brundisini
1421 2473 1458 2495 se
1480 2462 1605 2496 Caesari
1625 2466 1700 2496 red-

248 2505 343 2536 dunt.
400 2506 455 2535 99.
479 2504 546 2536 Hic
574 2504 781 2547 Hispaniam
808 2504 1013 2536 confirmare
1037 2504 1168 2537 statuit.
1221 2508 1276 2544 30,
1300 2508 1355 2538 31.
1381 2506 1410 2538 Ε
1437 2507 1590 2540 Sardinia
1616 2508 1698 2541 Cot·
1764 2534 1771 2541 .

247 2555 317 2581 tam
335 2547 501 2587 Valerius,
526 2559 546 2581 e
561 2548 682 2582 Sicilia
709 2550 873 2582 Catonem
899 2548 1003 2580 Curio
1028 2548 1138 2591 ejicit,
1164 2549 1342 2583 Tuberoni
1371 2552 1404 2584 in
1430 2551 1547 2584 Africa
1572 2553 1699 2586 resistit

245 2593 370 2625 Varus.

207 2639 291 2681 Cap.
316 2640 370 2668 3‘2.
393 2636 507 2670 Caesar
532 2637 654 2670 Romae
671 2638 706 2671 in
723 2638 846 2671 Senatu
863 2638 906 2669 de
927 2647 1013 2679 pace
1039 2637 1122 2680 agit.
1142 2638 1277 2681 legatos
1302 2640 1345 2672 ad
1370 2639 1577 2682 Pompeium
1603 2641 1697 2674 mitti

244 2682 376 2716 suadet.
422 2684 476 2715 33.
500 2681 723 2723 Legationem
738 2694 840 2715 nemo
856 2682 1012 2724 suscipit.
1049 2682 1165 2716 Caesar
1179 2683 1213 2715 in
1230 2682 1375 2716 Galliam
1392 2684 1591 2716 ulteriorem
1608 2685 1697 2719 abit.

251 2729 303 2760 34.
327 2726 475 2759 Domitii
490 2737 591 2758 suasu
615 2727 774 2759 Massilia
790 2733 906 2769 portas
925 2726 1052 2760 Caesari
1077 2728 1221 2766 claudit,
1247 2728 1306 2770 qui
1353 2732 1407 2761 35.
1428 2729 1561 2760 Frustra
1574 2738 1652 2762 eam
1672 2742 1696 2763 a

244 2771 340 2805 bello
355 2772 561 2804 dehortatur.
608 2773 661 2803 36.
681 2771 855 2804 Domitius
869 2771 1059 2804 Massiliam
1075 2771 1245 2815 pervenit.
1260 2773 1347 2804 hanc
1364 2773 1478 2804 Caesar
1491 2773 1694 2816 obpugnare

246 2822 354 2859 parat.
401 2818 454 2848 37.
479 2817 660 2857 Pyrenaeos
687 2817 794 2848 saltus
818 2822 977 2857 occupat.
1023 2818 1078 2848 38.
1101 2817 1259 2850 Afranius
1283 2823 1318 2848 et
1337 2817 1503 2856 Petreius,
1532 2818 1693 2862 Pompeii

244 2860 378 2904 Legati,
407 2860 609 2903 Hispaniam
635 2860 803 2893 obtinent.
847 2862 992 2893 39-42.
1015 2860 1103 2893 Cum
1127 2861 1170 2894 iis
1195 2866 1342 2893 certatur
1356 2861 1517 2903 pluribus
1545 2863 1690 2906 proeliis.

244 2909 388 2938 43—52.
413 2904 636 2938 Potissimum
650 2906 693 2937 ad
709 2906 851 2937 Ilerdam
866 2904 998 2938 bellum
1013 2905 1152 2948 geritur.
1197 2909 1251 2938 53.
1277 2906 1349 2938 Res
1365 2905 1496 2938 Afranii
1512 2911 1547 2939 et
1561 2908 1690 2941 Petreii

242 2960 414 2994 prosperae
423 2957 542 2994 gestae,
559 2951 707 2985 Romam
721 2949 898 2992 nuntiatae,
923 2951 1209 2995 Pompeianorum
1225 2957 1340 2995 partes
1362 2951 1514 3029 firmasntss
1555 2954 1610 2993 54,
1634 2958 1677 2987 55
