1946 3261
178 319 307 349 naves
327 305 613 350 conscendere
639 306 793 364 jubet;
826 303 1051 363 expeditos
1072 313 1222 348 autem
1249 305 1510 350 ex·evocatis
1533 305 1666 366 sagit-

179 364 300 408 tariis
322 365 712 423 funditoribusque
753 380 874 408 raros
909 364 953 407 in
983 378 1110 405 muro
1143 364 1431 422 turribusque
1451 365 1662 424 disponit.

181 423 276 466 Hos
311 434 432 469 certo
472 425 598 482 signo
639 440 844 468 revocare
876 421 1119 471 constituit,
1153 439 1290 480 quum
1323 439 1468 467 omnes
1507 424 1670 469 milites

174 498 305 526 naves
323 481 684 528 conscendissent:
729 491 863 542 atque
885 482 935 524 iis
955 480 1159 539 expedito
1189 481 1287 525 loco
1316 482 1516 526 actuaria
1546 483 1666 528 navi-

177 541 250 601 gia
269 543 494 601 relinquit.

231 601 304 643 28.
339 601 606 650 Brundisini,
657 600 1022 658 Pompeianorum
1070 597 1260 641 militum
1309 599 1478 658 injuriis
1529 609 1671 662 atque

171 659 307 761 insius
329 660 528 720 Pompeii
548 660 822 704 contumeliis
845 657 1052 718 permoti,
1086 657 1266 701 Caesaris
1286 659 1416 702 rebus
1436 659 1664 706 favebant.

195 727 345 776 taque,
399 720 575 778 cognita
618 719 814 778 Pompeii
854 717 1137 778 profectione,
1181 718 1540 775 concursantibus
1579 719 1667 763 illis

169 788 305 835 atque
340 779 383 821 in
403 795 456 821 ea
477 795 525 822 re
546 780 782 838 occupatis,
817 779 954 837 vulgo
986 793 1041 821 ex
1073 776 1199 820 tectis
1218 776 1548 835 significabant:
1583 795 1666 837 per

169 851 279 894 quos
300 853 349 881 re
369 839 561 897 cognita,
587 839 732 882 Caesar
750 839 882 881 scalas
905 837 1051 896 parari
1071 836 1317 895 militesque
1338 837 1499 880 armari
1515 836 1664 895 jubet,

167 910 222 939 ne
263 913 398 955 quam
434 898 496 941 rei
529 898 727 957 gerendae
758 897 1014 940 facultatem
1045 896 1255 939 dimittat.
1323 895 1557 954 Pompeius
1576 897 1664 940 sub

169 963 342 1000 noctem
381 973 510 1001 naves
545 957 690 1002 solvit.
755 957 843 1008 Qui
877 965 1003 1000 erant
1034 956 1080 998 111
1114 971 1242 998 1111110
1277 955 1484 999 custodiae
1521 971 1671 999 caussa

166 1015 399 1067 conlocati,
437 1033 488 1060 eo
518 1017 659 1076 signo,
682 1017 803 1076 quod
833 1023 1113 1065 convenerat,
1154 1024 1420 1059 revocantur
1462 1015 1668 1075 notisque

163 1072 392 1119 itineribus
422 1076 479 1119 ad
501 1092 630 1121 naves
651 1076 906 1119 decurrunt.
974 1075 1158 1124 Milites,
1182 1076 1334 1133 positis
1355 1074 1496 1125 scalis,
1514 1089 1667 1119 muros

170 1133 460 1186 adscendunt;
493 1136 567 1180 sed
588 1136 743 1180 moniti
762 1153 788 1180 a
810 1134 1096 1185 Brundisinis,
1129 1142 1180 1177 ut
1210 1135 1376 1178 vallum
1401 1150 1562 1178 caecum
1583 1134 1669 1178 fos'-

172 1208 328 1251 sasque
356 1205 557 1246 caveant,
579 1197 824 1240 subsistunt
857 1196 918 1246 et,
941 1195 1073 1253 longo
1107 1193 1263 1237 itinere
1294 1195 1353 1238 ab
1385 1193 1450 1237 his
1483 1195 1668 1237 circum-

170 1251 312 1303 ducti,
349 1254 404 1297 ad
435 1264 615 1314 portum
648 1256 911 1315 perveniunt
932 1253 1128 1312 duasque
1162 1269 1290 1297 naves
1312 1270 1412 1297 cum
1433 1253 1665 1303 militibus,

168 1327 268 1369 quae
286 1313 343 1356 ad
360 1314 494 1357 moles
512 1315 694 1358 Caesaris
708 1315 995 1364 adhaeserant,
1017 1313 1186 1372 scaphis
1200 1314 1495 1372 lintribusque
1510 1313 1667 1374 depre-

169 1369 382 1422 hendunt,
411 1374 697 1432 deprehensas
717 1375 957 1433 excipiunt.

230 1431 302 1475 29.
339 1433 501 1483 Caesar,
543 1435 623 1476 etsi
644 1434 699 1477 ad
720 1450 841 1493 spem
878 1430 1134 1476 conficiendi
1154 1429 1321 1489 negotii
1356 1429 1542 1473 maxime
1563 1446 1668 1489 pro-

173 1490 326 1539 babat,
363 1493 525 1535 coactis
558 1494 741 1536 navibus
773 1508 891 1536 mare
923 1491 1108 1534 transire
1145 1498 1190 1532 et
1228 1489 1487 1547 Pompeium
1524 1489 1665 1547 sequi,

172 1550 293 1608 prius
314 1565 445 1607 quam
467 1549 541 1592 ille
562 1566 650 1591 sese
670 1550 968 1592 transmarinis
989 1548 1162 1590 auxiliis
1179 1547 1482 1591 confirmaret:
1519 1555 1666 1592 tamen

170 1610 263 1667 ejus
285 1609 347 1651 rei
366 1624 533 1651 moram
568 1608 865 1665 temporisque
893 1606 1263 1664 longinquitatem
1294 1607 1495 1656 timebat,
1527 1607 1666 1663 quod,

172 1668 370 1711 omnibus
405 1666 563 1709 coactis
602 1666 799 1716 navibus,
840 1665 1072 1722 Pompeius
1108 1672 1366 1722 praesentem
1407 1664 1665 1710 facultatem

167 1726 418 1785 insequendi
449 1727 515 1769 sui
532 1725 772 1768 ademerat.
835 1723 1208 1780 Relinquebatur,
1248 1730 1299 1764 ut
1329 1739 1383 1764 ex
1415 1723 1667 1782 longinqui-

169 1786 320 1831 oribus
351 1786 604 1845 regionibus
639 1784 798 1827 Galliae
836 1782 1069 1840 Picenique
1104 1790 1149 1824 et
1187 1797 1213 1824 a
1240 1781 1356 1824 freto
1376 1797 1505 1825 naves
1527 1792 1670 1827 essent

166 1846 479 1905 exspectandae.
544 1844 595 1888 Id
618 1853 805 1904 propter
836 1843 935 1886 anni
968 1850 1142 1901 tempus
1174 1841 1358 1900 longum
1388 1850 1524 1901 3111116
1545 1838 1670 1901 111116,Ὶ

166 1906 309 1949 (11111111
349 1906 597 1949 videbatur.
662 1904 836 1947 Interea
873 1910 1068 1947 veterem
1108 1901 1365 1951 exercitum,
1406 1901 1519 1944 duas
1560 1901 1665 1945 His-

171 1965 320 2025 panias
355 1964 619 2013 confirmari,
655 1964 861 2021 (quarum
898 1962 1038 2004 altera
1071 1968 1166 2003 erat
1207 1959 1403 2003 maximis
1443 1960 1664 2004 beneficiis

174 2024 373 2084 Pompeii
393 2024 615 2081 devincta)
646 2023 822 2072 auxilia,
856 2021 1106 2080 equitatum
1126 2019 1289 2079 parari,
1328 2019 1519 2063 Galliam
1541 2019 1664 2064 Itali-

172 2100 331 2142 amque
350 2083 532 2133 tentari,
552 2098 596 2125 se
615 2083 810 2132 absente,
830 2081 1023 2126 nolebat.

220 2178 276 2210 Eoe
295 2179 450 2210 evocatis.
490 2175 640 2218 Respice
669 2176 711 2207 ad
739 2186 816 2217 cap.
849 2178 880 2214 3,

172 2227 207 2255 et
225 2224 274 2254 17.

223 2266 384 2310 Εατρριίἱιο
414 2267 497 2305 loco,
532 2276 551 2297 e
579 2275 646 2307 quo
672 2264 774 2296 facie
812 2263 883 2295 sine

174 2311 372 2345 difficultate
387 2314 422 2342 61
436 2309 590 2353 periculo
606 2309 780 2341 discedere
802 2319 884 2350 pos-

175 2361 259 2388 sent.
285 2357 336 2388 M.

223 2402 369 2433 Caecum.
384 2410 418 2431 v.
447 2400 518 2431 Ind.
564 2400 629 2431 Sed
651 2399 782 2430 vallum
800 2402 884 2439 puto

173 2444 318 2477 abusive
344 2444 435 2475 dici:
460 2449 512 2475 est
539 2444 633 2476 enim
660 2444 763 2481 fossa,
794 2452 884 2484 pone

175 2499 278 2531 quarn
295 2487 432 2529 stipites
447 2488 547 2520 defixi
564 2493 672 2520 erant.
694 2486 763 2518 vid.
779 2497 812 2518 6.
830 2488 884 2517 27.

174 2535 265 2575 Ergo
282 2533 384 2564 habet
398 2531 658 2564 similitudinem
676 2542 753 2563 cum
775 2531 883 2570 vallo,

175 2579 212 2611 h.
228 2589 260 2609 e.
278 2577 367 2609 fossa
382 2582 416 2608 et
441 2587 574 2618 aggere,
599 2588 669 2618 quo
691 2580 802 2607 castra
825 2580 884 2606 aut

176 2622 308 2664 oppida
323 2621 425 2662 vulgo
441 2621 636 2663 cinguntur.
661 2621 712 2652 M.
746 2621 884 2651 Festus:

179 2669 314 2700 Coecam
327 2667 460 2697 vallum
474 2666 606 2704 dicitur,
631 2669 665 2696 in
683 2675 747 2706 quo
772 2674 887 2706 praea-

176 2713 245 2744 cuti
256 2711 333 2753 pali
344 2716 444 2742 terra>
457 2710 566 2751 adfixi
590 2710 701 2741 herbis
716 2709 767 2740 vel
787 2708 886 2749 fron·

177 2756 279 2787 dibus
295 2755 507 2787 occuluntur.
557 2753 648 2784 Plut.
665 2753 698 2784 in
715 2753 839 2794 Pomp.
851 2762 884 2784 c.

180 2802 233 2831 62.
261 2798 351 2831 nihil
368 2800 412 2829 de
426 2800 527 2836 vallo,
552 2798 655 2829 modo
668 2798 709 2828 de
723 2798 885 2839 stipitibus

177 2843 340 2886 loquitur.
387 2842 532 2875 Vossius
558 2842 677 2874 mallet
700 2842 804 2874 vallos
819 2851 884 2874 coe-

171 2899 234 2920 cos.

999 2175 1024 2205 ‚4
1047 2173 1148 2215 freto.
1183 2171 1346 2206 Davisius
1370 2172 1576 2206 Gaditanum
1597 2173 1664 2206 sre-

950 2224 1034 2258 tum,
1053 2218 1147 2249 Oud.
1164 2217 1314 2249 Siculum
1327 2217 1499 2261 intelligit.
1538 2219 1660 2250 Poste-

951 2263 1020 2294 rius
1036 2262 1256 2294 verisimilius
1279 2268 1329 2294 est
1347 2262 1437 2301 ideo,
1450 2262 1533 2305 quia
1548 2263 1663 2295 Caesat

950 2308 998 2346 (c.
1025 2311 1085 2345 25)
1113 2306 1233 2348 copias
1260 2307 1293 2338 in
1323 2307 1479 2340 Siciliam
1504 2307 1658 2345 miserat,

951 2353 1039 2383 unde
1051 2362 1242 2384 reversuras
1258 2362 1363 2384 naves
1377 2362 1468 2384 nunc
1483 2357 1664 2395 exspecta·

952 2396 1020 2428 bat.
1043 2397 1094 2428 M.

1001 2442 1187 2483 Hispanias
1199 2442 1404 2482 confirmari,
1426 2447 1465 2473 ut
1478 2445 1571 2473 tanto
1586 2450 1660 2472 cer-

951 2485 1018 2517 tius
1033 2485 1066 2516 in
1084 2484 1245 2526 Pompeii
1261 2485 1328 2517 fide
1344 2490 1592 2527 permanerent.
1605 2486 1658 2517 M.

998 2531 1114 2562 Altera
1129 2529 1296 2570 (citerior)
1321 2532 1479 2562 mimis
1497 2530 1664 2570 beneficiis

950 2573 1045 2614 (inde
1057 2585 1077 2606 a
1093 2574 1187 2607 bello
1202 2574 1425 2614 Sertoriano).
1450 2575 1574 2606 Cellar.
1606 2573 1661 2604 De

951 2619 1065 2657 rebus,
1091 2620 1134 2650 ad
1165 2618 1386 2650 Brundisium
1416 2618 1532 2660 gestis,
1567 2616 1659 2649 conf.

953 2663 1128 2695 Plutarch.
1144 2661 1179 2693 111
1196 2663 1366 2705 Pompeio
1380 2673 1410 2694 c.
1430 2664 1481 2693 62.
1501 2663 1553 2694 63.
1585 2662 1657 2703 Ap-

952 2707 1047 2750 pian.
1062 2706 1103 2738 C.
1120 2710 1152 2745 2,
1172 2709 1225 2738 39.
1242 2718 1275 2749 p.
1289 2710 1366 2739 452.
1389 2707 1480 2748 Fuga
1496 2705 1658 2747 Pompeii

952 2754 1129 2794 prudenter
1165 2751 1370 2792 reprehensa
1407 2756 1459 2783 est
1493 2760 1515 2783 a
1545 2749 1660 2782 Dione

950 2797 1044 2830 Cass.
1058 2797 1183 2835 41,13.
1206 2796 1258 2828 Μ.
