1946 3261
697 233 814 277 LIB.
880 233 1016 276 CAP.
1050 232 1235 274 55-57.
1614 230 1698 274 457

219 360 452 420 inposuisse
499 361 653 411 oneris,
700 361 953 420 ampliorem
997 360 1222 418 pecuniam
1272 359 1473 418 imperat.
1557 356 1701 414 AEque

220 429 367 463 autem
391 420 682 463 Romanorum
703 420 911 463 dilectum
934 419 1138 468 instituit,
1163 435 1284 476 quos,
1309 435 1361 460 ex
1382 416 1580 460 omnibus
1601 431 1702 459 con-

220 479 421 522 ventibus
442 479 701 536 coloniisque
728 479 1007 536 conscriptos,
1042 478 1325 520 transmarina
1357 476 1511 519 militia
1533 482 1702 533 perter-

219 538 343 588 ritos,
385 537 440 580 ad
473 538 730 580 sacramenti
765 537 1075 580 redemtionem
1106 537 1307 578 vocabat.
1374 536 1590 594 Magnum
1622 533 1702 576 hoc

220 597 306 638 fuit
327 597 534 653 vectigal,
574 597 709 654 majus
744 604 890 639 tamen
922 595 1102 638 creabat
1123 594 1281 636 odium.
1349 594 1430 635 His
1454 593 1583 636 rebus
1605 607 1702 635 con-

218 655 359 704 fectis,
381 663 522 697 totum
557 655 795 697 exercitum
818 655 992 697 lustrat.
1059 653 1284 710 LegioneS,
1310 668 1414 709 quas
1444 652 1487 694 in
1509 651 1703 694 Africam

218 713 431 756 ducturus
452 722 562 763 erat,
588 722 632 755 et
653 714 811 755 auxilia
833 714 970 756 mittit
991 712 1045 755 ad
1067 712 1300 770 trajectum
1321 725 1330 751 :
1366 711 1473 768 ipse,
1509 710 1701 760 classem,

218 787 350 829 quam
393 772 595 829 parabat,
655 780 706 814 ut
755 772 1002 830 inspiceret,
1067 770 1284 829 Hispalim
1333 768 1501 810 accedit
1554 768 1703 825 ibique

217 838 441 879 moratur;
475 838 713 889 propterea
733 830 853 890 quod
875 831 1067 874 edictum
1099 839 1191 872 tota
1213 827 1439 886 provincia
1468 842 1703 885 proposue-

217 897 302 938 rat,
341 897 407 939 ut,
438 890 598 947 quibus
621 891 822 948 pecunias
844 890 1110 948 imperasset,
1152 904 1291 945 neque
1330 886 1628 934 eontulissent,
1659 902 1702 928 se

217 947 401 991 adirent.
468 949 574 998 Quae
596 949 792 992 evocatio
815 948 1090 991 vehementer
1114 963 1258 991 omnes
1280 945 1491 988 turbavit.

275 1007 346 1048 57.
381 1006 563 1050 Interim
596 1008 648 1050 L.
675 1008 833 1057 Titius,
867 1007 944 1064 qui
972 1024 1022 1049 eo
1046 1015 1241 1064 tempore
1262 1005 1485 1047 Tribunus
1516 1003 1706 1045 militum

214 1064 259 1107 in
280 1066 450 1125 legione
474 1067 709 1109 vernacula
740 1067 900 1115 fuerat,
934 1066 1109 1109 nunciat
1139 1066 1266 1114 fama,
1300 1064 1510 1122 legionem
1542 1062 1705 1104 tricesi-

215 1140 344 1177 mam,
367 1141 496 1182 quam
522 1126 576 1174 Q.
604 1126 773 1167 Cassius
798 1125 988 1183 Legatus
1009 1125 1137 1168 simul
1157 1123 1361 1173 ducebat,
1394 1138 1530 1181 quum
1553 1121 1607 1163 ad
1629 1136 1706 1178 op-

216 1183 367 1241 pidum
392 1183 568 1242 Leptim
589 1193 729 1226 castra
751 1183 945 1233 haberet,
975 1183 1182 1227 seditione
1204 1183 1335 1231 facta,
1367 1179 1707 1224 Centurionibus

216 1241 384 1298 aliquot
406 1243 567 1292 occisis,
603 1243 679 1299 qui
708 1243 830 1301 signa
853 1243 949 1285 tolli
974 1258 1058 1286 non
1079 1242 1376 1300 patiebantur,
1407 1239 1640 1282 discessisse
1662 1246 1707 1281 et

217 1300 272 1342 ad
294 1301 524 1343 secundam
544 1302 758 1359 legionem
779 1302 1062 1351 contendisse,
1081 1317 1177 1359 quae
1198 1300 1252 1343 ad
1271 1301 1431 1342 fretum
1449 1298 1534 1341 alio
1552 1298 1708 1339 itinere

219 1359 477 1402 ducebatur.
563 1360 754 1418 Cognita
796 1376 858 1408 re,
900 1370 1033 1403 noctu
1082 1376 1179 1402 cum
1220 1359 1414 1416 quinque
1455 1356 1709 1400 cohortibus

219 1418 689 1461 undevicesimanorum
708 1419 950 1476 egreditur,
966 1434 1087 1461 mane
1106 1419 1320 1476 pervenit.
1374 1417 1444 1458 Ibi
1459 1431 1558 1457 eum
1577 1415 1706 1463 diem,

218 1485 283 1524 ut,
298 1478 405 1534 quid
421 1487 642 1536 ageretur,
664 1478 947 1535 perspiceret,
965 1486 1174 1527 moratus,
1191 1477 1451 1519 Carmonam
1467 1472 1706 1517 contendit.

222 1535 325 1584 Hic,
362 1552 497 1593 quum
534 1536 647 1594 legio
684 1537 824 1586 XXX,
868 1545 911 1578 et
942 1536 1090 1579 XXXI
1126 1544 1170 1578 et
1203 1535 1398 1577 cohortes
1431 1541 1621 1590 quatuor
1654 1548 1709 1574 ex

218 1594 371 1651 quinta
392 1595 559 1653 legione
582 1603 786 1652 totusque
809 1595 1074 1638 convenisset
1095 1594 1330 1652 equitatus,
1356 1593 1495 1642 audit,
1518 1599 1708 1649 quatuor

269 1715 438 1755 AEque—
454 1725 550 1756 quos.
586 1714 703 1745 Lectio
720 1719 770 1744 est
788 1714 926 1745 incerta.
998 1713 1121 1754 Leptin
1149 1718 1257 1754 putat.
1305 1712 1581 1754 Oudendorpius,
1606 1712 1708 1744 dictis

223 1759 289 1790 Pro
304 1769 398 1800 aeque
414 1759 537 1799 legitur
553 1769 665 1800 quem,
689 1759 741 1789 vel
764 1761 926 1800 equitum,

220 1803 274 1833 vel
291 1803 405 1843 vulgo,
423 1813 521 1843 aequa
538 1804 688 1834 rarione.-
717 1813 778 1843 pro
806 1803 929 1834 Roma-

221 1856 342 1878 norum
361 1847 484 1878 habent
498 1846 637 1888 quidam
657 1847 770 1877 Romoe
785 1859 798 1883 ;
821 1846 905 1877 falso
921 1859 927 1876 :

222 1901 301 1921 nam
317 1887 410 1921 ci'ves
434 1891 610 1922 Romanos
639 1890 672 1921 in
703 1890 930 1921 conventibus

221 1940 254 1965 et
269 1935 415 1966 coloniis
429 1935 605 1976 Hispaniae
621 1934 842 1975 conscripsit:
869 1945 930 1975 pro

222 1989 304 2020 quos
331 1989 455 2017 rursus,
482 1989 635 2020 quosque.
667 1978 800 2009 Vitium
822 1985 872 2010 est
897 1979 929 2009 in

222 2022 330 2054 verbo
347 2033 450 2063 oeque.
482 2024 532 2054 M.
562 2023 683 2053 Clarke
697 2027 806 2053 servat
826 2024 933 2057 Quem

223 2071 337 2098 autem
355 2067 595 2098 Romanorum.
620 2065 737 2097 Davis.
754 2068 842 2100 Quin
855 2069 932 2097 item

225 2111 269 2142 R.
297 2110 362 2140 Sed
378 2110 468 2150 vulg.
485 2111 576 2151 quod
594 2109 722 2141 habent
735 2109 816 2141 boni
830 2111 931 2141 codd.

225 2153 316 2185 idem
329 2153 450 2184 reddit.

273 2198 499 2229 Comensibus.
514 2196 583 2227 vid.
597 2197 669 2228 Ind.

274 2243 522 2273 Trammarz’na
535 2243 670 2279 militia,
684 2241 716 2273 in
726 2241 930 2273 Africa.vid.

223 2297 255 2318 c.
274 2287 324 2316 51.
352 2286 401 2316 M.

274 2331 394 2361 Totum
408 2331 602 2360 eaeercitum.
648 2328 746 2361 Libri
762 2328 858 2368 boni,
872 2340 932 2361 no-

223 2385 303 2406 vum
326 2383 432 2405 exerc.
461 2374 519 2404 sed
543 2373 650 2404 altera
676 2373 781 2405 lectio
807 2373 931 2405 melior

223 2424 285 2450 est.
315 2418 366 2448 M.

271 2463 422 2494 szciat
444 2460 598 2501 (Cassio)
613 2461 724 2503 fama,
745 2462 818 2493 sola
838 2463 930 2492 fama

222 2506 389 2547 inpulsus,
421 2515 456 2536 re
486 2515 552 2536 non
582 2506 770 2547 explorata.
834 2505 930 2536 Vidit

222 2560 359 2582 sensum
385 2548 557 2581 Davisius:
589 2550 648 2590 qui
676 2561 741 2583 non
764 2549 930 2589 viderunt,

222 2600 260 2625 ut
274 2591 451 2630 Cellarius,
467 2592 504 2624 hi
520 2593 713 2625 ediderunt:
744 2595 826 2625 Titio
842 2604 930 2626 nun-

221 2639 404 2680 ciacfama.
416 2638 465 2668 M.
490 2637 659 2669 Emendat
672 2639 785 2670 locum
795 2637 930 2678 egregie

223 2682 334 2714 Jurin.
357 2682 512 2722 legendo,
543 2692 619 2713 eam
641 2681 886 2721 (vernaculam)
909 2693 931 2714 a

221 2728 348 2769 leyione
362 2727 539 2757 tricesima.

270 2771 413 2812 Leptim.
461 2768 515 2799 Sic
532 2770 632 2800 codd.
679 2769 744 2800 Sed
758 2769 876 2811 Leptis,
893 2774 929 2801 ut

222 2825 323 2846 nemo
340 2813 460 2850 nescit,
481 2812 603 2844 Africae
620 2813 699 2844 urbs
715 2813 798 2844 fuit:
829 2814 873 2844 cf.
891 2814 929 2846 B.

223 2859 263 2890 C.
279 2863 311 2897 2,
328 2861 380 2890 38.
427 2859 518 2899 Ergo
536 2867 621 2889 unus
636 2857 733 2897 dicit,
750 2858 928 2898 legendum

224 2913 297 2934 esse
330 2904 481 2944 le'pam;
512 2902 608 2940 alter,
638 2902 807 2943 Ilurqim;
838 2901 929 2934 alius

223 2946 326 2981 etiam
364 2947 398 2979 in
437 2945 606 2989 Hispania
643 2945 746 2979 fuisse
780 2946 931 2989 aliquam

998 1769 1018 1789 a
1036 1757 1266 1798 XVesselingio
1289 1758 1332 1788 ad
1350 1757 1513 1789 Antonini
1537 1757 1647 1788 itiner.
1674 1768 1707 1798 p.

1001 1804 1057 1833 411
1085 1802 1290 1839 admonitus,
1318 1802 1455 1843 Loepam
1478 1801 1617 1833 maluit:
1647 1812 1710 1842 po-

998 1851 1080 1877 terat
1096 1847 1233 1884 addere,
1252 1845 1396 1877 Suritam
1418 1847 1459 1877 ad
1478 1845 1573 1876 illum
1592 1846 1708 1876 locum

999 1890 1148 1921 voluisse
1167 1889 1234 1932 legi
1254 1891 1397 1931 Loepem.
1437 1889 1543 1928 Quid,
1560 1888 1587 1920 si
1603 1889 1707 1920 fatea-

1000 1945 1083 1972 mur,
1092 1945 1153 1965 nos
1165 1934 1314 1965 nescire?
1332 1935 1381 1965 An
1394 1935 1493 1974 plane
1500 1944 1635 1964 necesse
1645 1939 1706 1971 est,

1001 1985 1051 2017 ut,
1066 1978 1124 2009 ubi
1143 1978 1227 2009 nihil
1246 1984 1356 2019 potest
1369 1977 1468 2016 effici,
1485 1983 1593 2008 tamen
1609 1978 1708 2018 quid-

998 2023 1049 2054 vis
1079 2023 1245 2054 tentetur?
1268 2023 1318 2052 M.
1367 2023 1510 2063 Loepam
1539 2031 1706 2062 maynam

1000 2067 1143 2098 Ptolem.
1163 2070 1194 2101 2,
1210 2067 1241 2096 4.
1260 2066 1374 2103 habet,
1391 2076 1468 2107 quae
1484 2065 1619 2096 videtur
1630 2075 1706 2096 esse

999 2112 1088 2152 Ilipa
1106 2109 1280 2141 Strabonis
1297 2110 1334 2140 L.
1352 2111 1383 2141 3.
1402 2121 1437 2150 p.
1458 2111 1529 2141 141.

1051 2155 1430 2185 Undevicesimanorum.
1475 2153 1584 2195 Legio
1601 2154 1707 2185 unde-

1000 2197 1161 2229 vicesima
1187 2208 1256 2229 non
1283 2198 1409 2238 adfuit3
1439 2198 1497 2228 sed
1524 2199 1566 2236 11,
1590 2199 1705 2238 XXX,

1001 2243 1085 2273 XXI
1101 2247 1135 2273 et
1153 2242 1195 2272 V.
1211 2248 1248 2273 ut
1263 2247 1354 2283 patet
1373 2253 1391 2273 e
1406 2252 1481 2282 cap.
1497 2245 1550 2272 53.
1584 2242 1704 2275 Scribe

999 2286 1113 2327 itaque
1143 2297 1221 2317 cum
1252 2286 1386 2327 Lipsio,
1415 2288 1707 2318 unetvicesimano-

998 2341 1089 2369 rum,
1104 2330 1154 2361 uti
1169 2332 1258 2372 apud
1273 2330 1385 2361 Tacit.
1396 2332 1481 2362 Ann.
1499 2332 1526 2368 l,
1545 2332 1597 2361 37.
1618 2331 1703 2362 Oud.

999 2375 1083 2406 Sunt
1100 2374 1396 2414 unetvicesimani,
1417 2373 1543 2406 milites
1559 2374 1705 2415 legionis

1000 2418 1116 2460 primae
1140 2425 1173 2450 et
1191 2418 1373 2457 vicesimae,
1400 2423 1436 2449 ut
1451 2418 1636 2450 secundani
1653 2418 1705 2450 di-

997 2469 1129 2501 cuntur,
1147 2469 1181 2494 et
1197 2463 1277 2495 alia.
1303 2464 1353 2495 M.

1045 2508 1230 2549 Eqrede'tur
1252 2506 1402 2539 Cassius.
1449 2505 1583 2538 Monuit
1611 2506 1703 2538 Oud.

1044 2597 1149 2628 Mane
1160 2597 1324 2639 pervenit.
1370 2594 1523 2626 Jurinius
1540 2593 1706 2627 interserit

999 2640 1132 2681 Leptin.

1046 2686 1259 2716 Carmonam.
1307 2683 1361 2714 Sic
1386 2683 1511 2724 Scalig.
1534 2694 1574 2714 ex
1591 2695 1706 2716 emen-

998 2727 1133 2760 datione
1166 2727 1373 2759 Rhellicani.
1434 2727 1545 2768 Vulgo
1581 2729 1706 2761 Carbo-

998 2783 1092 2810 nam,
1123 2774 1322 2809 Carbonem,
1356 2772 1556 2803 Narbonem.
1602 2773 1656 2804 Cf.
1673 2784 1705 2806 c.

1047 2861 1100 2892 Ea:
1129 2862 1249 2902 quinta
1277 2861 1415 2902 leye'one.
1462 2860 1510 2891 Ita
1536 2860 1654 2892 Davis.
1672 2867 1706 2893 et

997 2903 1120 2936 Clarke
1143 2915 1185 2935 ex
1199 2905 1299 2937 codd.
1343 2904 1536 2947 Legebatur
1557 2906 1654 2948 prius
1676 2911 1707 2940 et

1005 2950 1024 2980 P
1034 2972 1042 2982 0
1056 2950 1150 2991 legio.
