1946 3261
287 220 370 265 606
495 224 515 236 ²
567 219 892 265 MANTISSA
932 212 1490 262 OBSERVATIONUM

343 349 541 390 Σουέλλαν
562 346 642 395 τὸν,
665 344 776 386 uncle
799 342 1028 386 Reimarus
1049 357 1201 385 nomen
1224 336 1314 384 viri'
1334 342 1537 385 restituit.
1589 342 1754 401 Polyae-

340 420 418 447 nus
439 407 481 451 8,
505 404 577 454 23,
602 402 642 443 5.
666 401 799 445 habet
823 401 1099 450 Κασόλαυλον,
1129 410 1355 459 conrupte.
1422 401 1592 443 Mentio
1628 400 1754 458 hujus

341 463 474 520 Regis
495 462 544 504 fit
566 461 683 518 apud
703 461 963 503 Galfredum
999 460 1246 502 Monmuth.
1282 461 1324 501 in
1364 459 1479 501 Hist.
1524 459 1755 501 Britonum

340 521 392 563 L.
422 522 459 563 1.
483 537 525 578 p.
544 521 617 562 25.
641 520 710 562 ed.
736 519 869 562 Paris.
889 527 933 560 et
955 518 1006 561 L.
1031 519 1075 561 4.
1099 535 1134 560 c.
1156 519 1198 560 2.
1218 519 1272 561 ed
1291 518 1499 561 Commel.
1522 533 1566 576 p.
1583 517 1656 560 25.
1679 517 1754 560 ubi

337 579 522 636 epistola
548 579 639 637 ejus
670 578 727 620 ad
749 578 796 621 J.
822 578 1052 627 Caesarem,
1081 585 1197 619 certe
1226 592 1311 619 non
1339 577 1542 634 genuina.
1606 576 1758 619 Multo

336 639 474 680 minus
493 637 797 695 antiquitatem
829 636 966 693 spirat
995 636 1176 694 epistola
1197 635 1369 694 Regum
1404 636 1637 678 Scotorum
1663 635 1757 678 Pic-

338 705 570 756 torumque
589 696 758 739 nomine
779 694 833 736 ad
850 695 1061 737 Caesarem
1083 695 1261 752 scripta,
1283 693 1403 752 apud
1426 693 1454 736 J
1460 694 1531 737 oh.
1558 693 1752 737 Fordun.

340 755 392 798 L.
412 755 455 799 2.
521 754 844 798 Scotochronici
864 753 905 795 in
928 753 1108 796 Collect.
1130 753 1213 795 Th.
1241 753 1384 795 Galei.

281 814 326 864 5,
353 814 419 858 12.
453 814 632 857 annulis
641 813 818 872 ferreis.
882 811 1106 854 Bentleius
1123 812 1293 869 conjicit
1314 811 1509 854 clavulz's.

281 872 326 923 5,
353 873 418 915 13.
451 873 560 915 alter
574 872 776 928 angulus
811 870 1113 920 Marklandus,
1138 872 1356 913 referente
1376 869 1591 920 Bentleio‚
1613 885 1754 914 mone-

335 933 414 975 bat
433 931 520 990 leg.
540 932 686 982 altior,
708 930 734 972 i.
757 946 796 972 e.
816 930 951 987 magis
968 929 1343 987 septemtrionalis.

279 993 322 1043 5,
350 992 417 1045 15,
447 989 703 1047 perterritis.
788 989 950 1031 Forsan
996 988 1281 1045 praetentatz‘S.
1320 1004 1362 1030 v.
1409 987 1646 1031 Burmann.
1693 986 1750 1031 ad

341 1049 470 1095 Ovid.
496 1051 604 1093 Met.
630 1047 815 1097 14‚189.
881 1047 1038 1105 Veget.
1075 1048 1113 1098 1,
1148 1047 1190 1089 8.
1222 1048 1304 1090 tiro
1334 1046 1542 1090 eoeercz‘tz‘o
1572 1054 1753 1105 praeten-

341 1111 511 1154 tanetus.
574 1107 694 1150 Oud.

279 1170 323 1221 5,
351 1171 416 1213 18.
450 1175 580 1224 atque
605 1182 654 1209 eo
683 1165 849 1223 inpetu.
912 1165 1131 1225 Ejicienda
1151 1164 1237 1208 haec
1258 1173 1386 1223 putat
1408 1165 1630 1208 Bentleius
1656 1172 1754 1224 post

340 1230 598 1271 Gruterum.

279 1288 323 1337 5,
345 1288 417 1329 21.
448 1285 603 1328 locum.
669 1283 849 1327 Retinet
873 1282 992 1326 Oud.
1016 1283 1087 1326 Cf.
1111 1293 1156 1326 et
1180 1282 1360 1326 Salmas.
1395 1283 1450 1326 ad
1480 1281 1669 1327 Tertull.
1698 1281 1755 1326 de

336 1345 490 1405 pallio,
547 1377 555 1386 .
585 1343 682 1386 193.

279 1406 322 1457 5,
344 1405 414 1447 227.
448 1403 503 1445 Ιια
533 1418 602 1445 ere
622 1417 664 1445 se
680 1415 796 1445 nunc
816 1410 901 1444 etc.
962 1402 989 1444 J
997 1401 1109 1443 urin.
1137 1401 1197 1444 ita
1218 1401 1361 1444 locum
1390 1399 1540 1459 refingi
1569 1399 1750 1443 suadet:

335 1463 492 1508 hahere
522 1475 640 1504 nunc
674 1475 718 1503 se
748 1460 961 1502 rationem
999 1459 1158 1518 officii:
1195 1475 1278 1518 pro
1319 1460 1541 1517 beneficiis
1573 1457 1756 1502 Caesar-22³

334 1537 508 1566 ‘monere
534 1519 749 1563 Titurium
764 1537 777 1562 :
807 1534 887 1576 pro
907 1518 1098 1575 hospitio
1122 1534 1256 1562 orare.

276 1584 319 1634 5,
341 1583 413 1626 28.
449 1579 699 1638 quantasvis
712 1592 910 1635 magnas.
975 1577 1120 1621 Bentl.
1142 1579 1337 1634 quamvis
1355 1592 1557 1636 magnas.

278 1644 322 1694 5,
344 1642 417 1684 35.
449 1640 498 1683 in
530 1639 752 1682 adversum
785 1651 843 1679 os.
908 1636 987 1679 Nil
1009 1637 1264 1680 mutandum
1293 1639 1547 1695 pronuntiat
1569 1635 1683 1680 Oud.
1707 1634 1751 1679 in

336 1698 555 1743 addendis.

280 1761 323 1810 5,
344 1760 417 1801 38.
451 1771 590 1814 neque
623 1763 789 1799 noctem
823 1763 908 1798 etc.
973 1754 1183 1797 Praemitti
1201 1756 1328 1813 jubet
1348 1755 1494 1798 Jurin.
1517 1756 1614 1807 iter,
1635 1763 1686 1797 ut
1713 1753 1750 1806 l,

335 1818 404 1860 26.
428 1816 471 1867 7,
494 1816 536 1858 9.
554 1815 629 1858 sed
650 1830 732 1858 non
753 1829 918 1856 necesse
936 1821 999 1855 est
1016 1822 1237 1856 auctorem
1259 1829 1427 1872 semper
1444 1813 1606 1857 chorda
1626 1812 1750 1857 ober-

336 1892 431 1920 rare
452 1874 615 1918 eadem.

279 1938 322 1987 5,
344 1936 416 1978 43.
451 1933 729 1990 demigrandi
760 1945 927 1974 caussa.
992 1931 1228 1989 Exponunt
1248 1930 1471 1974 deserendi
1490 1944 1644 1974 caussa
1663 1943 1753 1972 cas-

339 2003 403 2038 tra
421 2011 435 2045 ;
466 1992 539 2036 sed
562 1992 641 2035 hoc
663 2007 714 2034 ne
733 1990 825 2034 fieri
847 1989 1021 2048 quidem
1048 1998 1237 2048 poterat,
1261 1990 1409 2032 inclusi
1433 1990 1597 2048 quippe
1619 1989 1749 2032 fuere.

337 2054 475 2096 Recte
493 2059 636 2094 monet
658 2050 872 2097 Jurinius,
891 2049 1027 2091 verba
1044 2065 1140 2105 quae
1156 2057 1413 2107 sequuntur,
1444 2050 1519 2090 sect
1544 2061 1672 2105 paene
1699 2061 1755 2089 ne

336 2112 565 2169 respiceret
583 2109 755 2166 quidem
773 2108 1016 2165 quisquam,
1040 2107 1263 2150 referenda
1283 2124 1370 2150 esse
1390 2107 1445 2150 ad
1461 2106 1754 2166 inpedimenta

339 2181 383 2215 et
404 2172 599 2212 fortunas
615 2170 940 2225 conflagrantes.
1006 2166 1106 2209 Non
1125 2182 1230 2224 ergo
1262 2166 1460 2215 dubium,
1494 2165 1601 2223 quin
1635 2163 1753 2207 aliud

337 2231 405 2273 hic
440 2228 652 2286 scriptum
675 2226 819 2268 fuerit.
884 2225 1135 2268 Ciacconius
1161 2225 1404 2291 suspicatur
1433 2221 1751 2279 restinguendi,

339 2291 367 2332 J
373 2288 536 2331 urinius
558 2284 770 2336 demendi,
798 2284 1066 2335 detrahendi,
1099 2284 1363 2341 aclmfizemli,
1391 2293 1440 2325 ut
1461 2299 1499 2325 c.
1523 2283 1597 2324 33.
1660 2279 1752 2323 Ad-

338 2347 527 2392 dendum
560 2344 674 2387 foret
698 2343 943 2400 quicquam.
1006 2342 1117 2385 Mihi
1141 2343 1200 2385 N.
1222 2342 1273 2385 L.
1329 2342 1490 2385 Forsan
1508 2340 1755 2396 demigrare

338 2405 591 2465 simpliciter
613 2410 676 2445 est
697 2401 789 2443 loco
808 2402 974 2444 cedere.

282 2470 325 2519 6,
354 2468 390 2509 l.
423 2461 625 2507 Consulis
662 2469 942 2503 sacramento.
1009 2461 1104 2503 Vox
1147 2460 1348 2503 Con-§ulis
1396 2460 1536 2518 glossa
1576 2456 1753 2500 videtur

343 2522 556 2568 Bentleio.

285 2587 327 2636 6,
351 2585 390 2626 5.
424 2581 539 2639 quod
555 2585 782 2622 meruerat.
821 2577 1010 2621 Faernus
1025 2578 1316 2636 conjectabat,
1333 2577 1447 2636 quod
1460 2577 1508 2620 in
1522 2591 1620 2620 eum
1639 2580 1747 2618 erat.

346 2644 524 2686 Graecus
541 2638 595 2681 de
616 2638 768 2680 merito
785 2635 884 2680 odio
905 2636 1022 2679 nihil.

287 2698 518 2758 Congredi,
540 2697 681 2740 animo
713 2695 902 2755 pacifico
965 2696 1035 2738 Sic
1058 2695 1185 2754 plane
1208 2695 1358 2738 Livius
1384 2697 1457 2746 38,
1479 2695 1547 2738 25.
1612 2695 1746 2737 Corn-

345 2761 494 2817 Nepos
525 2757 631 2800 Dat.
668 2756 735 2797 11.
765 2763 811 2796 et
845 2754 1000 2797 Cicero
1031 2755 1200 2812 passim.
1263 2754 1442 2797 Nodum
1475 2759 1676 2811 quaerunt
1706 2751 1749 2793 in

343 2819 485 2875 scirpo
507 2815 651 2858 Bentl.
677 2822 722 2856 et
741 2813 768 2856 J
776 2813 952 2863 urinius,
970 2829 1157 2870 quorum
1173 2813 1240 2857 hic
1260 2811 1441 2857 dubium
1462 2820 1620 2862 movet,
1637 2810 1749 2854 alter

343 2874 545 2920 substitui
563 2873 689 2930 jubet
711 2873 768 2916 ad
799 2871 866 2914 Tr.
890 2871 1142 2930 confugere.
