1946 3261
0 3080 3 3091 l

4 3112 9 3120 ι

0 3122 22 3188 l.

2 3198 6 3211 st

0 3236 21 3251 μ,

683 161 801 209 LIB.
835 161 921 209 ΙΙΙ.
984 162 1125 210 CAP.
1157 162 1348 209 74-76.
1667 163 1760 211 393

265 299 364 338 tum
398 298 664 347 servaretur,
696 302 742 338 et
782 310 912 354 quam
951 294 1160 339 serissime
1199 294 1291 354 ejus
1327 291 1546 354 profectio
1580 306 1764 354 cognos‹

266 361 458 406 ceretur,
493 354 752 398 conclamari
782 355 939 413 jussit;
986 355 1222 412 statimque
1262 370 1458 413 egressus
1494 361 1542 398 et
1580 354 1763 398 novissi-

265 429 385 457 mum
421 425 580 472 agmen
618 424 876 458 consecutus
912 414 1115 459 celeriter
1150 429 1203 456 ex
1237 422 1475 471 conspectu
1514 421 1759 458 castrorum

263 472 474 516 discessit.
539 473 699 531 Neque
749 490 854 517 vero
904 473 1149 532 Pompeius,
1195 473 1371 530 cognito
1421 472 1600 516 consilio
1647 473 1759 533 ejus,

263 547 430 575 moram
451 531 586 574 ullam
607 533 662 575 ad
694 532 1008 591 insequendum
1031 531 1208 575 intulit:
1253 531 1329 574 sed
1363 531 1511 574 eadem
1540 540 1757 591 spectans,

261 591 297 634 si
325 591 480 634 itinere
502 590 698 649 inpedito
733 593 992 650 perterritos
1031 589 1360 651 deprehendere
1396 603 1556 648 posset,
1594 592 1756 636 exerci-

262 659 358 693 tum
378 666 401 692 e
434 651 584 693 castris
610 650 763 694 eduxit
784 651 1122 710 equitatumque
1151 649 1361 710 praemisit
1389 649 1447 691 ad
1477 649 1759 696 novissimum

258 724 418 768 agmen
435 709 780 759 demorandum;
813 726 954 768 neque
987 710 1188 767 consequi
1222 708 1386 768 potuit,
1419 707 1540 766 quod
1566 710 1758 755 multum

256 767 464 827 expedito
505 768 661 812 itinere
702 778 992 813 antecesserat
1026 770 1188 813 Caesar.
1261 768 1366 818 Sed,
1399 782 1537 825 quum
1575 776 1758 814 ventum

258 836 369 871 esset
388 826 446 870 ad
467 827 628 871 flumen
656 828 900 879 Genusum,
938 828 1059 888 quod
1093 829 1198 888 ripis
1232 836 1328 871 erat
1359 825 1580 885 inpeditis,
1613 842 1758 871 conse·

255 896 386 931 cutus
406 888 628 945 equitatus
644 889 891 932 novissimos
910 888 1065 947 proelio
1078 888 1316 931 detinebat..
1370 885 1489 929 Huic
1501 902 1598 929 suos
1611 886 1759 931 Caesar

255 946 426 1004 equites
442 947 649 1006 obposuit
666 949 979 1008 expeditosque
995 948 1299 1006 antesignanos
1311 945 1541 989 admiscuit
1554 946 1759 1003 quadrin-

255 1014 426 1065 gentos,
441 1007 517 1064 qui
532 1015 703 1050 tantum
718 1008 1019 1067 profecerunt,
1043 1016 1110 1059 ut,
1132 1006 1326 1065 equestri
1345 1005 1504 1064 proelio
1516 1005 1758 1058 commisso,

254 1065 472 1124 pellerent
489 1082 635 1108 omnes
659 1067 994 1124 compluresque
1020 1066 1333 1118 interficerent,
1355 1065 1435 1123 ipsi
1457 1064 1692 1109 incolumes
1712 1082 1757 1109 se

256 1125 312 1169 ad
331 1139 487 1183 agmen
511 1124 773 1183 reciperent.

315 1184 386 1228 76.
422 1184 638 1228 Confecto
673 1184 794 1245 justo
836 1183 993 1229 itinere
1029 1183 1121 1244 ejus
1159 1183 1262 1236 diei,
1303 1182 1423 1244 quod
1464 1193 1759 1245 proposuerat

305 1334 415 1368 Quam
448 1335 623 1365 serissime.
671 1333 715 1365 Et
748 1332 821 1365 haec
852 1332 971 1372 lectio,

254 1384 356 1411 recte.
374 1377 510 1418 opinor,
524 1384 575 1410 est
590 1377 634 1410 ab
647 1376 838 1410 editoribus
851 1378 974 1409 effecta

256 1435 274 1453 e
293 1423 458 1464 scriptura
473 1423 571 1454 codd.
588 1428 730 1464 septem,
745 1422 779 1454 in
797 1421 850 1453 his
862 1421 971 1453 bono-

253 1478 340 1504 rum,
359 1466 418 1508 qui
436 1466 563 1498 babent
581 1478 689 1509 quam
703 1469 887 1498 suetissime
901 1479 914 1504 ;
940 1465 972 1497 in

253 1512 377 1544 ceteris
395 1511 491 1542 MSS.
513 1517 566 1542 est
591 1522 633 1543 ne
657 1513 816 1543 citissima
834 1513 906 1549 ejus
918 1522 972 1553 pr.

252 1557 345 1597 quod
363 1555 665 1597 interpretamento
687 1555 800 1587 simile
826 1554 972 1594 videtur,

253 1608 311 1633 aut
329 1600 387 1632 alii
406 1599 597 1631 recensioni
612 1606 736 1631 textus.
761 1599 969 1639 Exemplum

256 1644 414 1677 adverbii
430 1646 591 1676 serissime
603 1655 621 1675 e
640 1643 731 1675 Plin.
751 1643 845 1675 ll.N.
868 1645 971 1681 15,17

252 1689 418 1722 Cellarius
434 1689 585 1731 protulit.
621 1689 671 1720 M.
710 1689 806 1720 Leid.
835 1699 903 1719 sec.
927 1698 970 1719 ve

251 1736 418 1767 citissime.
449 1734 499 1765 Ex
510 1734 624 1772 glossa
641 1734 767 1765 forsan.

302 1780 516 1811 Conclamari
531 1788 621 1809 vasa.
639 1778 710 1809 vid.
727 1778 799 1809 lud.
842 1777 884 1808 Iit
902 1777 968 1809 lioc

251 1828 302 1856 est
318 1823 402 1856 'mnu
420 1822 570 1855 militare.
589 1822 791 1854 institutum.
819 1823 869 1853 M.

299 1869 433 1900 Eadm
471 1868 576 1907 (nunc
614 1869 769 1908 quoque)
806 1871 969 1909 spectant,

250 1923 328 1955 qua=
343 1923 476 1954 semper
500 1911 635 1943 solebat
656 1919 820 1954 spectare.
867 1912 969 1942 Cous.

251 1969 283 1990 c.
303 1960 344 1989 85
363 1956 436 1989 init.
486 1956 587 1995 Quod
602 1966 716 1988 autem
734 1957 848 1988 Caesar
871 1955 970 1994 dicit,

254 2002 459 2044 Pompeium
477 2001 551 2032 sinc
570 2011 665 2032 mora
691 2008 841 2033 secutum
867 2011 939 2031 esse
957 2012 966 2039 ;

251 2052 370 2078 contra
394 2057 433 2077 ca
459 2046 599 2077 Sueton.
641 2045 731 2084 (Jul.
752 2056 829 2086 cap.
847 2045 904 2083 38)
932 2052 967 2076 et

253 2090 320 2123 Dio
336 2090 475 2122 Cassius
489 2091 560 2129 (41.
576 2089 634 2128 52)
643 2095 788 2128 narrant,
807 2089 966 2130 Pompei-

252 2146 307 2166 um
340 2145 406 2166 non
438 2140 593 2166 secutum
625 2145 711 2173 esse,
742 2134 888 2176 ideoque
918 2133 965 2164 ab

252 2179 328 2221 ipso
355 2179 486 2211 Caesare
512 2178 773 2220 reprehensum:
799 2177 832 2209 id
849 2189 868 2209 e
886 2178 966 2209 Plu-

250 2224 369 2257 tarcho
385 2224 490 2263 (Caes.
506 2234 585 2265 cap.
613 2224 670 2263 39)
697 2222 880 2265 dijudicari
903 2232 966 2264 po-

249 2275 326 2300 test.
352 2269 482 2310 Nempe
499 2267 684 2300 Suetonius
699 2274 732 2299 et
748 2266 815 2299 Dio
834 2266 964 2303 volunt,

251 2313 468 2355 Pompeium,
484 2312 580 2345 finito
598 2312 736 2354 proelio,
751 2323 786 2344 se
804 2311 836 2343 in
854 2317 962 2343 castra

249 2357 433 2399 recepisse.
450 2368 510 2389 nec
526 2358 737 2399 sttyientilms
754 2367 796 2388 ea·
810 2358 880 2388 acie
896 2362 963 2388 sta-

247 2403 310 2434 tim
328 2402 513 2442 institisse3
537 2402 593 2433 sed
610 2401 725 2433 Caesar
748 2401 899 2442 loquitur
921 2400 962 2431 de

249 2448 315 2485 his,
330 2458 407 2489 quae
423 2447 479 2478 die
497 2457 562 2478 uno
575 2452 632 2477 aut
647 2446 783 2478 duobus
799 2451 873 2488 post
884 2456 964 2476 eve-

247 2498 380 2525 nerunt.
405 2491 483 2523 }i.e.
498 2490 705 2532 Pompeium
732 2489 858 2522 Caesari
890 2489 962 2521 alio

243 2538 465 2579 proficiscenti
496 2541 527 2567 et
555 2541 671 2567 castra
697 2538 842 2567 moronti
865 2534 964 2566 insti-

247 2581 348 2613 tisse:
373 2590 581 2623 quamquam
604 2590 672 2611 non
694 2579 849 2621 gnaviter
865 2578 963 2610 insti-

245 2626 298 2657 tit.
313 2625 382 2657 vid.
398 2632 432 2657 c:
449 2627 502 2656 77.
520 2625 570 2656 M.
597 2623 665 2655 Alii
682 2628 890 2666 aspectans.
906 2623 960 2655 Cf.

246 2681 279 2702 c.
296 2674 350 2703 85.
367 2676 400 2702 et
419 2669 549 2700 Hirtius
567 2669 602 2701 b.
619 2669 674 2700 Al.
695 2671 722 2700 l.

295 2717 420 2747 Itinere
441 2714 599 2756 inpedito.
634 2712 689 2745 Sic
714 2713 804 2744 Oud.
822 2724 841 2745 e
858 2714 960 2746 codd.

248 2759 374 2792 Levan.
395 2759 508 2800 Vulgo
524 2760 640 2790 itinere
655 2759 815 2799 inpeditos
827 2764 870 2791 et.

296 2806 482 2837 Genusum.
514 2801 664 2835 Distinxi
689 2802 772 2834 olim
787 2813 867 2834 cum
886 2803 961 2844 plu·
995 2834 998 2836 ,

246 2848 343 2882 ribus
361 2850 533 2882 Genusum
549 2858 568 2879 a
588 2848 740 2888 Pam-aso
757 2859 765 2878 ε
786 2847 871 2889 jam,
887 2847 961 2879 Cae-

248 2894 331 2927 saris
358 2893 537 2927 itineribus
562 2902 603 2924 ac
632 2891 752 2925 castris
767 2892 961 2926 accuratius

1037 1330 1213 1375 inspectis,
1228 1330 1342 1365 minus
1355 1332 1492 1372 dubito,
1509 1333 1704 1375 Panyasum
1721 1340 1757 1368 et

1037 1378 1211 1409 Genusum
1229 1379 1388 1409 eumdem
1400 1388 1537 1410 amnem
1548 1389 1636 1414 esse,
1645 1380 1756 1413 altero

1037 1422 1210 1454 vocabulo
1238 1421 1392 1454 fortassis
1419 1429 1599 1464 conrupto.
1659 1425 1756 1457 Idem

1036 1466 1226 1498 Ciacconio
1249 1472 1282 1498 et
1309 1466 1343 1498 in
1374 1466 1511 1499 schedis
1539 1467 1582 1498 ad
1612 1467 1753 1501 Livium

1035 1510 1105 1548 (11,
1125 1511 1194 1550 30).
1240 1511 1361 1542 Fulvio
1393 1511 1518 1543 Ursino
1549 1510 1663 1544 visum
1691 1519 1754 1545 est.

1037 1555 1148 1586 Prima
1175 1562 1283 1587 castra
1308 1556 1440 1587 fuerunt
1452 1556 1495 1587 ad
1512 1557 1643 1596 Apsum
1657 1558 1754 1600 (cap.

1038 1600 1090 1630 13]
1108 1611 1115 1629 ε
1133 1599 1236 1631 altem
1250 1601 1291 1631 acl
1308 1599 1586 1641 Asparagium(c.
1603 1602 1657 1632 30.
1670 1603 1753 1640 41):

1035 1643 1134 1674 tvi-tia
1156 1645 1198 1675 ad
1226 1643 1501 1684 Dyrrhachium:
1527 1644 1615 1675 unde
1632 1646 1755 1686 pulsus

1034 1689 1160 1727 (Eesar,
1183 1689 1375 1720 transducto
1392 1689 1568 1720 Genusum
1586 1689 1752 1730 exercitu,

1036 1731 1068 1763 in
1088 1732 1263 1764 veteribus
1280 1732 1354 1764 suis
1369 1732 1485 1764 castris
1509 1739 1627 1766 contra
1641 1735 1751 1777 Aspa-

1035 1777 1167 1818 ragium
1184 1777 1361 1817 consedit3
1377 1784 1412 1809 at
1430 1777 1616 1819 Pompeius
1629 1777 1663 1810 in
1680 1779 1753 1813 suis

1030 1823 1073 1852 ad
1093 1822 1331 1863 Asparagium.
1345 1828 1412 1853 tam
1440 1822 1643 1864 propinquis
1661 1824 1750 1865 Dyr-

1033 1866 1194 1899 rhachio.
1211 1872 1246 1897 ut
1258 1865 1386 1898 milites
1403 1867 1434 1898 in
1452 1866 1562 1906 priora
1578 1872 1687 1899 castra
1698 1880 1751 1900 re-

1033 1918 1215 1946 currerent,
1240 1910 1392 1942 sarcinas
1409 1910 1541 1942 relictas
1559 1912 1751 1953 repetituri.

1036 1954 1140 1987 vides
1156 1955 1218 1994 sic,
1236 1957 1410 1987 Genusum
1429 1955 1514 1986 inter
1538 1955 1749 1996 Dyrrhachi-

1033 2010 1089 2031 um
1104 2007 1139 2031 et
1155 2002 1286 2041 Apsum
1303 2011 1391 2037 esse,
1408 2000 1467 2031 ubi
1492 2005 1525 2031 et
1552 2001 1748 2042 Panyasum

1031 2045 1239 2076 l‘tolemaeus
1267 2044 1393 2085 posuit.
1445 2045 1570 2076 Cellar.
1612 2045 1678 2077 Sed
1711 2046 1750 2078 in

1030 2099 1133 2129 opere
1148 2088 1380 2130 geographico
1399 2087 1440 2119 T.
1457 2089 1482 2120 1.
1500 2092 1533 2127 2,
1553 2091 1602 2127 13,
1621 2091 1654 2121 6.
1671 2100 1747 2123 rur-

1029 2144 1086 2163 sus
1110 2132 1291 2168 distinguit
1315 2133 1490 2165 Genusum
1514 2143 1534 2164 a
1565 2134 1718 2175 Panyaso
1737 2147 1748 2167 ε

1026 2177 1208 2217 distinguit
1230 2177 1331 2209 etiam
1363 2176 1556 2209 Palmerius
1579 2177 1613 2209 in
1636 2179 1747 2212 Graec.

1027 2228 1098 2253 ant.
1120 2224 1147 2259 l,
1165 2226 1220 2253 22.
1238 2233 1270 2264 p.
1293 2224 1365 2260 133,
1391 2227 1425 2252 et
1450 2222 1516 2254 hoc
1536 2221 1670 2256 videtur
1685 2235 1745 2255 ve-

1027 2276 1113 2297 rum.
1154 2266 1248 2299 Situs
1263 2277 1344 2307 ergo
1372 2265 1553 2298 fluminum
1576 2267 1743 2310 deinceps

1025 2316 1076 2342 est
1118 2310 1174 2342 hic
1195 2323 1202 2342 :
1257 2310 1473 2353 Dyrrhachio
1516 2311 1652 2344 venitur
1697 2314 1743 2344 ad

1027 2355 1233 2396 Panyasum,
1260 2355 1306 2387 ab
1337 2356 1403 2388 hoc
1431 2356 1475 2387 ad
1502 2357 1644 2397 Apsum.
1662 2356 1743 2389 inde

1023 2400 1274 2475 fad-Genusum.
1293 2400 1344 2433 M.
1383 2399 1602 2433 D'Anvillius
1618 2401 1665 2433 nil
1683 2403 1743 2434 de-

1050 2450 1112 2476 nlt-

1071 2490 1206 2523 Justum
1220 2491 1284 2522 iter
1299 2489 1376 2522 diei.
1409 2488 1646 2522 Guischardus
1662 2489 1738 2522 Μέ-

1026 2533 1154 2566 moires
1169 2534 1335 2577 critiques
1352 2539 1387 2565 et
1404 2533 1612 2575 historiques
1641 2535 1684 2566 T.
1707 2537 1736 2566 1.

1027 2589 1061 2620 p.
1083 2581 1154 2612 102.
1168 2579 1239 2618 (vel
1257 2590 1290 2621 p.
1307 2581 1350 2611 40
1369 2580 1423 2610 ed.
1448 2580 1566 2610 formae
1584 2579 1738 2621 majoris,

1025 2625 1115 2665 sqq.)
1139 2624 1263 2655 refutat
1288 2634 1359 2659 ρος,
1387 2623 1446 2664 qui
1473 2634 1493 2654 e
1517 2622 1663 2663 Vegetio
1685 2625 1736 2663 (l,

1027 2669 1063 2707 9)
1078 2668 1297 2704 concludunt,
1323 2667 1445 2705 viginti
1477 2667 1635 2699 millibus
1655 2678 1737 2709 pas-

1025 2724 1137 2747 suum.
1166 2718 1226 2744 aut
1249 2711 1372 2753 viginti
1404 2719 1550 2753 quatuor
1580 2711 1736 2745 millibus

1024 2757 1220 2789 absolutum
1267 2767 1341 2787 esse
1375 2756 1504 2798 justum
1550 2755 1618 2788 diei
1659 2756 1737 2790 iter.

1026 2802 1188 2834 Ostendit
1206 2801 1320 2839 igitur.
1337 2801 1466 2842 justum
1483 2800 1554 2832 diei
1583 2801 1647 2834 iter
1661 2813 1738 2834 esse

1024 2847 1108 2879 satis
1125 2857 1285 2888 magnum
1298 2844 1361 2877 viae
1378 2844 1527 2887 spatium
1544 2856 1604 2887 pro
1621 2847 1735 2889 spatio

1024 2891 1108 2930 diei,
1123 2891 1208 2929 sive,
1235 2896 1271 2923 ut
1285 2889 1396 2924 verbis
1420 2890 1493 2932 ejus
1518 2895 1613 2924 utar:
1640 2891 1739 2925 Isac-
