1992 3271
264 248 314 290 16
644 245 742 313 ’ΒΕ
776 243 977 301 BELLO
1011 243 1306 288 GALLICO.

255 373 454 431 gionibus
474 380 517 413 et
538 370 586 412 iis
602 370 800 419 ducibus,
818 370 894 428 qui
915 370 997 413 iter
1016 378 1321 428 cognoverant,
1339 385 1550 413 summum
1566 371 1614 428 ju
1648 386 1721 412 um

255 431 411 474 montis
430 428 681 471 adscendere
705 428 856 486 jubet;
894 429 1000 487 quid
1021 430 1085 471 sui
1105 429 1268 471 consilii
1285 429 1355 479 sit,
1378 429 1578 471 ostendit.
1617 386 1722 487 Ipse

252 490 305 532 de
336 497 491 546 quarta
531 487 681 544 vigilia
714 487 862 529 eodem
894 488 1062 536 itinere,
1091 504 1179 545 quo
1212 487 1352 530 hostes
1385 488 1538 537 ierant,
1568 487 1622 529 ad
1650 503 1721 529 eos

252 545 487 594 contendit,
500 546 829 603 equitatumque
847 562 1014 588 omnem
1034 555 1132 588 ante
1153 562 1195 588 se
1216 546 1366 588 mittit.
1412 546 1460 588 P.
1478 545 1721 594 Considius,

252 605 329 662 qui
369 604 431 645 rei
470 604 667 646 militaris
704 604 984 661 peritissimus
1011 604 1253 646 habebatur
1289 613 1332 646 et
1368 605 1411 646 in
1446 605 1638 646 exercitu
1668 602 1719 644 L.

253 662 405 729 Sullae,
439 670 484 728 et
514 670 663 720 postea
695 662 740 704 in
775 662 840 704 Μ.
869 662 1013 705 Crassi
1047 663 1203 713 fuerat,
1238 679 1336 705 cum
1372 661 1722 721 exploratoribus

249 728 549 778 praemittitur.

307 779 379 822 22.
413 779 559 821 Prima
579 778 690 827 luce,
712 795 847 836 quum
868 795 1056 822 summus
1077 796 1197 822 mons
1216 796 1241 822 a
1269 780 1322 822 Τ.
1346 779 1536 821 Labieno
1559 787 1721 821 tenere-

249 845 338 886 tur,
362 837 452 895 ipse
479 837 535 879 ab
564 837 751 879 hostium
782 838 930 880 castris
960 854 1045 880 non
1075 838 1245 895 longius
1282 838 1382 880 mile
1411 847 1454 879 et
1475 837 1722 895 quingentis

250 895 445 953 passibus
465 896 645 944 abesset,
678 911 831 952 neque,
862 905 912 938 ut
939 906 1088 954 postea
1108 913 1161 938 ex
1183 897 1367 954 captivis
1393 896 1622 953 comperit,
1644 903 1723 936 aut.

247 954 383 1011 ipsius
402 954 624 1003 adventus,
657 962 733 996 aut
754 953 948 1003 Labieni,
970 955 1168 1012 cognitus
1189 964 1319 997 esset:
1358 954 1586 997 Considius
1607 969 1721 1010 equo
1744 955 1749 962 ‘

247 1012 429 1055 admisso
460 1013 515 1054 ad
545 1029 642 1054 eum
676 1012 893 1060 adcurrit;
927 1014 1049 1062 dicit,
1081 1023 1285 1063 montem,
1318 1029 1446 1071 quem
1474 1029 1499 1054 a
1530 1011 1721 1053 Labieno

248 1072 453 1129 occupari
481 1070 685 1119 voluerit,
717 1071 774 1112 ab
795 1070 990 1114 hostibus
1012 1072 1173 1120 teneri;
1206 1072 1249 1114 id
1270 1088 1311 1114 se
1333 1088 1358 1113 a
1391 1070 1570 1113 Gallicis
1591 1069 1720 1111 armis

245 1138 379 1186 atque
401 1129 639 1186 insignibus
655 1132 914 1185 cognovisse.
962 1131 1105 1172 Caesar
1126 1146 1220 1172 suas
1241 1129 1386 1188 copias
1408 1130 1450 1171 in
1472 1129 1719 1187 proximum

245 1188 400 1230 collem
429 1187 647 1236 subducit,
683 1187 817 1229 aciem
844 1189 1034 1231 instruit.
1100 1188 1330 1238 Labienus,
1359 1196 1410 1230 ut
1438 1197 1530 1229 erat
1551 1187 1590 1229 ei
1612 1201 1720 1244 prae-

245 1255 421 1304 ceptum
442 1262 467 1287 a
490 1246 673 1294 Caesare,
705 1261 756 1287 ne
779 1247 983 1303 proelium
1004 1247 1308 1295 committeret,
1330 1247 1408 1288 nisi
1430 1246 1563 1303 ipsius
1584 1244 1720 1302 copiae

245 1320 386 1403 prope
407 1304 596 1346 hostium
625 1312 763 1345 castra
786 1304 885 1344 visae
906 1314 1060 1350 essent,
1080 1314 1128 1343 ut
1149 1304 1336 1359 undique
1359 1319 1443 1345 uno
1465 1312 1660 1360 tempore
1678 1303 1721 1344 in

276 1372 386 1404 ostes
426 1363 600 1420 inpetus
631 1361 769 1408 fieret,
810 1368 955 1401 monte
997 1368 1210 1416 occupato
1243 1369 1412 1402 nostros
1444 1360 1722 1418 exspectabat

244 1421 490 1478 proelioque
522 1419 778 1460 abstinebat.
845 1417 994 1458 Multo
1022 1417 1206 1474 denique
1227 1418 1295 1458 die
1324 1433 1403 1475 per
1423 1419 1721 1475 exploratores

248 1478 392 1520 Caesar
414 1477 634 1534 cognovit,
657 1484 700 1517 et
720 1483 910 1517 montem
932 1491 957 1516 a
977 1475 1062 1516 suis
1085 1475 1236 1524 teneri,
1259 1483 1303 1517 et
1336 1476 1561 1518 Helvetios
1583 1485 1721 1519 castra

244 1536 440 1585 movisse,
459 1545 503 1577 et
518 1534 786 1582 Considium,
805 1533 959 1575 timore
978 1533 1277 1591 perterritum,
1293 1534 1411 1591 quod
1429 1550 1513 1577 non
1531 1535 1719 1582 vidisset,

279 1611 327 1636 ro
349 1595 440 1636 viso
460 1593 541 1634 sibi
563 1592 841 1634 renunciasse.
904 1591 970 1633 Eo
991 1592 1075 1640 die,
1105 1608 1193 1648 quo
1215 1601 1456 1641 consuerat,
1488 1592 1719 1635 intervallo

244 1611 386 1695 iiostes
412 1652 608 1708 sequitur
632 1660 676 1692 et
697 1649 814 1692 milia
833 1665 1034 1708 passuum
1056 1649 1140 1691 tria
1159 1650 1216 1691 ab
1237 1666 1387 1693 eorum
1411 1651 1559 1693 castris
1580 1659 1719 1693 castra

245 1719 384 1769 ponit.

303 1770 373 1811 23.
410 1765 621 1810 Postridie
658 1766 747 1824 ejus
773 1766 873 1815 diei,
910 1766 1027 1823 quod
1058 1766 1229 1809 omnino
1261 1766 1442 1809 biduum
1476 1776 1717 1825 supererat,

244 1843 381 1885 quum
399 1826 590 1867 exercitu
611 1825 877 1866 frumentum
910 1824 1051 1867 metiri
1091 1834 1330 1882 oporteret,
1364 1835 1408 1867 et
1440 1826 1557 1883 quod
1590 1842 1615 1868 a
1647 1826 1718 1868 Bi-

244 1887 410 1934 bracte,
425 1884 588 1942 oppido
611 1883 853 1925 AEduorum
873 1883 999 1940 longe
1021 1885 1205 1926 maximo
1226 1900 1274 1925 ac
1295 1884 1601 1942 copiosissimo,
1632 1899 1717 1927 non

242 1944 428 2002 amplius
466 1942 641 1984 milibus
685 1957 887 2000 passuum
923 1941 1079 1984 XVIII
1119 1943 1285 1990 aberat,
1323 1943 1385 1983 rei
1424 1943 1716 1984 frumentariae

243 2001 592 2062 prospiciendum
644 2001 919 2049 existimavit,
967 2000 1051 2042 iter
1101 2001 1156 2043 ab
1200 2000 1411 2043 Helvetiis
1462 2002 1621 2043 avertit
1669 2017 1718 2043 ac

717 2111 790 2142 ΚΝ.
818 2122 850 2152 p.
869 2113 942 2142 ὅθί).
1006 2121 1070 2159 pm
1082 2115 1232 2153 proelore.
1257 2110 1371 2141 Ursini
1390 2109 1586 2141 sententiam
1615 2109 1718 2141 Davi-

243 2114 332 2145 mius
356 2113 412 2151 (de
435 2124 496 2143 usu
514 2117 547 2142 ct
562 2117 670 2153 praest.

1012 2166 1082 2185 srus
1113 2165 1204 2185 suam
1230 2154 1322 2184 fecit.
1351 2155 1399 2184 JI.
1444 2154 1542 2194 Apud
1570 2153 1718 2185 Vaillant

243 2167 385 2199 quorum
419 2157 620 2196 scriptorum
655 2156 751 2186 locos
779 2154 944 2185 Cellarius

238 2203 307 2244 jam
325 2199 502 2238 indicavit)
523 2210 542 2229 e
566 2199 688 2236 numis,
709 2205 860 2239 tempore
876 2200 944 2229 Au-

243 2245 332 2286 gusti
356 2243 615 2285 antiquioribus,
631 2244 856 2280 ostenderunt,
880 2242 944 2273 eti-

242 2299 296 2320 am
319 2287 435 2319 liberae
452 2287 650 2327 reipublica‘·
665 2292 762 2317 aetatc
778 2285 879 2316 fuisse
896 2286 944 2316 le-

242 2339 339 2373 gatos
356 2336 586 2372 pr0,praetore‚
607 2329 677 2370 qui,
694 2336 728 2360 ut
745 2330 943 2370 Spanhemii

242 2376 356 2407 verbis
377 2380 458 2411 utar,
480 2374 566 2408 vice,
594 2380 784 2414 primorum,
803 2373 865 2403 sub
885 2384 943 2403 au-

243 2419 362 2461 spiciis
402 2418 613 2459 proconsulis
639 2423 697 2448 aut
727 2416 943 2456 imperatoris,

242 2462 326 2505 parti
356 2461 520 2493 exercitus
555 2467 613 2492 aut
649 2460 831 2501 provinc-ize
861 2471 940 2500 prw-

242 2513 347 2538 erant.
391 2506 457 2537 Cui
480 2504 701 2545 descriptioni
717 2504 872 2544 congruit
888 2516 939 2541 ca,

241 2562 315 2592 quae
335 2551 403 2591 jam
427 2554 502 2581 ante
528 2549 559 2580 in
585 2547 697 2579 L‘rsini
713 2553 790 2578 nota
809 2548 849 2577 ad
868 2547 900 2577 11.
920 2548 941 2578 Ι.

244 2593 418 2635 proposita
434 2600 515 2630 erat,
529 2594 584 2622 sed
601 2591 733 2623 auctior
755 2601 817 2621 una
836 2599 939 2631 parto:

243 2638 539 2677 sa=ilice1,leg211u111
550 2637 677 2667 amm-ate
684 2636 870 2675 proconsule
880 2635 909 2665 nl
917 2635 942 2664 i-

241 2692 308 2722 quo
346 2681 483 2711 missum
507 2679 635 2710 dictum
660 2677 766 2709 videri
796 2678 940 2717 legatum

243 2735 303 2765 pro
321 2731 472 2764 praetore.
519 2725 565 2755 Ac
592 2722 669 2753 talis
684 2721 748 2752 fuit
763 2721 944 2755 Labienus,

243 2768 388 2801 etiamsi,
400 2769 488 2808 quod
509 2768 578 2808 jam
598 2764 856 2805 Oudendorpius
870 2765 943 2795 ani-

243 2811 429 2848 madvertit,
466 2810 637 2841 Labienus
672 2809 751 2840 aliis
785 2808 943 2839 omnibus

242 2855 329 2887 locis
345 2854 546 2894 simpliciter
561 2855 688 2890 legatus
701 2852 842 2883 (Yaesaris
857 2851 942 2882 dici-

243 2903 305 2937 tur,
333 2900 462 2928 madeo
479 2898 573 2928 locus
589 2903 701 2927 noster
717 2897 813 2937 plane
829 2895 941 2935 singu-

242 2941 334 2980 laris,
351 2952 402 2972 res
428 2951 505 2971 vero
525 2941 595 2981 ipsa
612 2951 676 2972 non
693 2947 785 2970 extra
807 2949 941 2969 omnem

242 2985 487 3018 dubitatione-m
503 2984 613 3024 positu
628 2984 789 3014 rideatur.
827 2983 859 3013 ln
873 2993 943 3012 me-

242 3030 352 3071 taphr.
375 3030 432 3060 Gr.
459 3033 509 3060 cst
536 3025 855 3070 ὁτω-τςκτκγὸς,εἰηε
885 3026 945 3058 illo

1012 2197 1045 2229 in
1068 2199 1141 2229 Nx.
1168 2198 1273 2228 famil.
1306 2207 1364 2228 CN.
1382 2206 1531 2228 MAGNUS
1550 2204 1715 2228 nun—M.

1011 2251 1173 2273 vonum.
1192 2251 1274 2272 LEG.
1290 2250 1359 2272 PRO
1376 2250 1432 2271 PR.

1055 2287 1102 2317 Iis
1117 2286 1264 2317 ducibus.
1280 2285 1333 2315 Al.
1346 2285 1468 2315 iisdem.
1484 2294 1670 2325 perperam.

1056 2333 1137 2361 Ante
1148 2340 1190 2360 se.
1214 2329 1268 2359 Sic
1284 2329 1405 2358 Clarke
1420 2338 1438 2358 e
1454 2328 1549 2360 codd.
1566 2326 1716 2368 Scaliger

1010 2383 1195 2415 pronomen
1211 2376 1381 2402 onusemt.

1054 2419 1094 2447 A.
1115 2418 1246 2448 Gallicis
1255 2418 1367 2447 armis.
1398 2415 1451 2446 Al.
1466 2426 1516 2445 et.

1053 2461 1252 2500 Insiynibus.
1268 2470 1298 2489 v.
1316 2458 1383 2489 ind.
1401 2459 1451 2489 M.

1054 2505 1170 2544 Prope.
1207 2502 1291 2533 Cod.
1326 2502 1437 2532 Oxon.
1465 2507 1607 2544 propter.
1646 2511 1711 2533 non

1007 2548 1106 2579 male.
1123 2546 1169 2577 sic
1187 2552 1219 2576 ct
1241 2546 1313 2576 Liv.
1330 2548 1383 2582 98,
1399 2548 1450 2575 46.

1055 2594 1166 2623 Coesar
1188 2591 1344 2629 coquat-it.
1392 2590 1429 2619 Tb
1453 2591 1562 2621 Caesar
1583 2586 1712 2618 addidit

1009 2635 1122 2665 Daris.
1140 2645 1158 2664 e
1174 2633 1270 2663 codd.

1055 2679 1226 2709 Helvetios.
1241 2677 1285 2707 al.
1302 2678 1413 2708 hostes.

1054 2721 1174 2762 oppida
1192 2721 1392 2751 [Etluorum.
1425 2719 1563 2750 Scilicet
1586 2717 1629 2748 ab
1652 2716 1710 2748 AE-

1009 2765 1083 2795 duis
1114 2763 1325 2805 potissimum]
1371 2765 1482 2794 Ωιι-εἰη·
1509 2764 1709 2792 frumentum

1009 2808 1236 2849 exspectabat.
1259 2807 1313 2837 Cf.
1329 2818 1358 2837 c.
1377 2809 1426 2837 163.
1451 2807 1525 2836 Hoc
1542 2804 1708 2844 oppidum

1010 2851 1260 2891 intelligendum
1278 2856 1337 2882 est.
1353 2861 1429 2880 cum
1447 2848 1644 2879 Plutarchus
1659 2847 1708 2885 (in

1008 2897 1092 2925 Cir-s.
1121 2906 1195 2935 cap.
1217 2894 1281 2932 18.)
1315 2894 1400 2924 lianc
1433 2903 1500 2923 rem
1531 2890 1708 2930 attingsns,

1008 2939 1108 2969 dicit:
1134 2940 1248 2980 Καῖσαξ
1266 2937 1300 2970 εἷς
1313 2937 1395 2967 πέλω
1407 2936 1470 2966 τινὰ
1482 2934 1569 2975 φίλην
1579 2935 1647 2973 ἄγει
1662 2934 1710 2964 τὸν

1009 2982 1144 3025 στεατίν.
1169 2983 1218 3012 M.

1059 3027 1127 3058 lter
1140 3026 1184 3057 al.
1206 3030 1235 3057 ec
1248 3026 1318 3055 iter.
