1946 3261
158 214 243 258 378
607 210 691 256 DE
722 207 927 259 BELLO
959 207 1174 258 CIVILI.

157 340 360 391 demissiS‚
397 345 678 398 praesepserat
700 344 950 395 terramque
980 335 1244 394 adgesserat‚
1278 342 1329 379 ut
1356 349 1514 394 aquam
1533 350 1631 379 con-

156 402 357 446 tinerent.
420 398 575 457 Itaque
606 397 669 440 illi
699 396 936 445 necessario
958 396 1055 442 loca
1074 395 1193 453 sequi
1216 395 1398 442 demissa
1416 411 1466 441 ac
1488 394 1630 452 palus..

153 460 239 502 tria
275 466 319 501 et
352 465 507 516 puteos
538 456 689 500 fodere
729 456 1026 514 cogebantur:
1070 463 1202 512 atque
1224 454 1338 501 hunc
1360 454 1556 497 laborem
1576 453 1632 500 ad

154 515 404 574 quotidiana
445 532 578 575 oper-a
615 515 862 558 addebant:
916 514 991 572 qui
1031 521 1174 563 tamen
1216 514 1356 561 fontes
1393 529 1419 556 a
1455 511 1631 570 quibus-

151 576 251 617 dam
278 575 485 634 praesidiis
507 576 690 623 aberant
712 574 878 629 longius
909 582 955 615 et
985 572 1183 622 celeriter
1212 573 1385 617 aestibus
1415 587 1629 615 exaresce-

150 635 273 678 bant.
357 635 420 678 At
451 634 629 681 Caesaris
658 635 872 677 exercitus
902 631 1067 690 optima
1096 631 1344 680 valetudine
1374 647 1627 689 summaque

147 709 274 751 aquae
303 694 429 753 copia
459 695 697 742 utebatur;
731 702 824 737 tum
855 698 1118 740 commeatus
1148 692 1261 740 omni
1292 707 1449 748 genere
1469 699 1628 749 praeter

146 754 416 798 frumentum
459 752 741 799 abundabat:
792 751 950 810 quibus
988 749 1186 807 quotidie
1217 750 1369 795 melius
1400 749 1626 794 succedere

148 821 320 870 tempus
339 812 634 872 majoremque
654 827 774 870 spem
804 809 1059 856 maturitate
1089 809 1410 855 frumentorum
1440 807 1626 868 proponi

146 871 365 914 videbant.

203 929 275 972 50.
309 929 360 972 In
377 944 490 972 novo
508 944 664 988 genere
681 928 788 972 belli
805 943 925 971 novae
939 927 996 970 ab
1014 925 1210 984 utrisque
1226 924 1419 971 bellandi
1438 925 1627 968 rationes

144 989 492 1047 reperiebantur.
569 987 656 1038 Illi,
679 1004 814 1046 quum
835 989 1026 1033 animum
1047 985 1336 1031 advertissent
1357 1001 1409 1030 ex
1432 985 1623 1044 ignibus,

141 1056 270 1091 nocte
300 1047 499 1091 cohortes
520 1055 685 1090 nostras
717 1046 773 1089 ad
804 1045 1064 1089 munitiones
1096 1046 1327 1095 excubare,
1361 1044 1532 1087 silentio
1550 1043 1622 1088 ad-

142 1107 276 1165 gressi
310 1107 542 1154 universas,
570 1105 686 1151 intra
720 1104 1045 1150 multitudinem
1070 1105 1251 1163 sagittas
1271 1103 1558 1163 conjiciebant
1578 1110 1624 1145 et

140 1182 185 1208 se
214 1165 438 1209 confestim
469 1162 525 1205 a'd
556 1179 653 1206 suos
685 1164 966 1222 recipiebant.
1032 1164 1201 1213 Quibus
1219 1165 1346 1207 rebus
1368 1162 1520 1212 nostri,
1542 1177 1622 1204 usu

140 1224 276 1274 docti,
298 1223 385 1266 haec
406 1221 683 1279 reperiebant
703 1222 910 1274 remedia,
934 1232 985 1266 ut
1015 1222 1102 1266 alio
1130 1223 1226 1266 loco
1260 1223 1380 1281 ignes
1411 1223 1619 1270 facerent,

144 1283 250 1340 [alio
273 1281 571 1335 excubarent}
599 1283 677 1306 *Η

197 1342 267 1384 51.
302 1339 481 1382 Interim
503 1339 664 1381 certior
698 1338 836 1381 factus
861 1337 910 1379 P.
937 1339 1078 1388 Sulla,
1114 1355 1246 1396 quem
1279 1337 1502 1383 discedens
1533 1355 1618 1384 oas-

138 1401 217 1443 tris
251 1400 508 1458 praefecerat
539 1398 698 1446 Caesar,
730 1396 893 1438 auxilio
921 1397 1089 1439 cohorti
1113 1397 1232 1439 venit
1254 1412 1353 1438 cum
1375 1397 1619 1456 legionibus

137 1459 323 1508 duabus,
341 1458 465 1515 cujus
487 1455 679 1499 adventu
701 1455 825 1498 facile
847 1464 946 1497 sunt
969 1455 1131 1514 repulsi
1157 1455 1423 1512 Pompeiani.
1459 1457 1618 1514 Neque

136 1534 241 1562 vero
262 1524 542 1576 conspectum
574 1523 652 1557 aut
689 1515 887 1573 inpetum
917 1523 1165 1559 nostrorum
1192 1513 1419 1563 tulerunt;
1451 1516 1618 1573 primis-

135 1594 221 1635 que
250 1576 444 1634 dejectis,
479 1574 634 1631 reliqui
670 1590 713 1616 se
750 1582 979 1616 verterunt
1015 1582 1060 1615 et
1097 1573 1191 1616 loco
1227 1582 1461 1616 cesserunt.
1526 1574 1613 1619 Sed

133 1637 410 1694 insequentes
442 1642 624 1682 nostros,
658 1648 709 1675 ne
744 1632 914 1690 longius
934 1640 1323 1692 prosequerentur,
1349 1632 1475 1678 Sulla
1495 1649 1618 1677 revo-

952 1729 995 1760 Ιη
1022 1739 1105 1759 not-o
1132 1738 1250 1770 qenere
1278 1728 1365 1761 bem.
1409 1727 1508 1761 Conf.
1533 1740 1610 1771 cap.

133 1742 216 1773 any.
231 1731 311 1762 vall.
323 1739 401 1772 quae
414 1732 570 1770 poterant
583 1738 655 1759 esse
668 1727 748 1758 loco
763 1737 838 1768 spe·
905 1773 945 1804 ιη
996 1773 1038 1804 Μ

135 1785 249 1813 cuum,
266 1773 393 1805 habere
411 1783 506 1804 usum
522 1778 555 1803 et
571 1772 641 1803 vim
658 1781 838 1814 specuum.

137 1820 266 1860 Specus
295 1824 408 1850 autem
435 1817 467 1848 in
492 1817 533 1847 de
551 1817 589 1848 B.
608 1817 705 1847 Alex.
723 1826 800 1857 cap.
819 1820 837 1847 5

135 1868 169 1894 et
186 1865 204 1893 6
221 1868 294 1893 sunt
310 1868 438 1894 meatus
453 1859 676 1898 subterranei,
691 1860 837 1892 canales.

138 1906 284 1938 Cf.1,iv.
306 1909 355 1944 10,
378 1908 426 1936 10.
475 1905 626 1936 Fortasse
662 1914 743 1946 ergo
771 1904 836 1935 hoc

136 1950 234 1989 dicit,
258 1956 435 1991 angustam
452 1949 575 1980 vallem
600 1948 704 1980 fuisse
734 1947 838 1979 veluti

135 2000 282 2026 menium
310 2005 337 2025 s.
369 1994 534 2031 canalem,
565 2004 623 2034 per
649 2003 749 2034 quem
780 1998 839 2024 aut

136 2045 255 2080 sponte
272 2038 453 2079 proflueret
467 2048 566 2079 aqua,
578 2048 596 2068 e
612 2036 785 2068 montibus
803 2036 836 2068 in

136 2083 259 2114 vallem
275 2082 407 2122 delata3
437 2088 507 2120 aut,
535 2087 604 2112 arte
627 2081 741 2122 adjuta
769 2081 837 2112 fos-

135 2127 249 2167 sisque
268 2126 393 2165 ductis,
409 2125 552 2157 derivari
571 2132 694 2166 posset.
741 2125 785 2156 Et
802 2131 837 2156 ut

136 2171 292 2202 inaltcro
317 2170 394 2201 loco
420 2181 540 2212 specus
566 2169 835 2210 interscpiuntur‚

134 2215 181 2247 ita
195 2215 228 2246 h.
242 2214 263 2245 l.
281 2214 537 2255 praescpiuntur‚
552 2214 785 2247 obstruuntur.
796 2224 836 2245 ne

135 2270 219 2300 aqua
238 2257 393 2299 profluat.
442 2258 606 2289 Putabam
624 2258 740 2290 etiam.
757 2268 833 2299 spe-

133 2314 212 2334 cum
240 2303 379 2333 fortassc
402 2301 581 2333 cisternam
599 2314 624 2333 s.
642 2302 754 2332 lacum
769 2302 835 2343 sig-

133 2347 270 2378 nificare
287 2357 397 2387 possc,
415 2346 559 2386 ideoque
583 2357 690 2386 aquas
706 2345 737 2376 in
761 2347 833 2378 val-

132 2391 235 2429 libus,
264 2390 313 2422 uti
343 2390 374 2421 in
407 2388 570 2425 cisternis.
601 2390 771 2421 coniectas
799 2398 832 2421 ct

132 2440 316 2477 praescptas
331 2444 416 2465 csse.
462 2433 526 2465 Scd
553 2443 660 2474 neque
675 2435 831 2475 exempla

129 2479 268 2511 alterius
309 2478 519 2520 significatus
559 2477 682 2515 habeo,
721 2487 830 2520 neque

131 2523 281 2555 sustineo
298 2533 366 2554 rem
381 2521 532 2553 definire.
559 2522 609 2553 M.

179 2568 358 2605 I’roesidiae's,
373 2565 470 2605 locis,
483 2565 541 2598 ubi
556 2564 713 2607 praesidia
723 2572 828 2604 crant,

129 2617 163 2642 ut
180 2622 210 2642 c.
227 2614 281 2642 45.

175 2656 299 2690 Quibus
313 2659 400 2696 quar.
423 2655 497 2685 mel.
529 2659 624 2696 temp.
653 2654 824 2685 succedere

124 2703 195 2738 (an,
211 2700 360 2731 accedere
373 2699 402 2737 ἔ)
429 2715 474 2720 -
495 2699 648 2730 wldeham
670 2697 825 2736 (Caesari-

125 2743 211 2781 ani).
246 2743 373 2784 Nempe
389 2743 575 2774 accedebat
589 2749 722 2783 tompus
737 2752 823 2773 mes-

125 2787 182 2818 sis.
222 2788 269 2818 M.
314 2787 346 2817 ln
379 2787 478 2817 codd.
511 2787 688 2819 subterere.
729 2785 823 2818 Unde

125 2831 213 2861 Oud.
268 2830 456 2871 suspicatur
506 2831 572 2874 leg.
616 2841 824 2864 succurrere.

124 2875 237 2907 Benu.
253 2874 374 2907 subire.

951 1817 1053 1848 Nocte
1067 1832 1112 1838 —
1125 1817 1303 1850 excubare.
1340 1817 1416 1848 Hoc
1433 1827 1452 1848 e
1467 1827 1608 1850 consue-

904 1859 1020 1891 tudine
1047 1867 1209 1902 perpetua
1235 1867 1351 1892 notum
1371 1861 1471 1894 fuisse
1490 1868 1606 1894 monet

903 1903 1058 1935 Jurinius
1083 1911 1114 1936 ct
1139 1904 1203 1946 legi
1222 1905 1292 1937 vult
1309 1906 1366 1939 ubi
1383 1912 1473 1939 nocte
1490 1922 1534 1929 —
1548 1917 1607 1938 ec-

901 1950 1075 1980 cubarent.

947 1993 1106 2032 Adqressi
1120 1995 1303 2026 nteit-orsas.
1334 1993 1388 2025 Sic
1402 1995 1503 2026 codd.
1520 1995 1602 2027 boni

900 2041 933 2068 ct
967 2037 1044 2068 cdd.
1084 2044 1150 2068 vet.
1187 2039 1275 2070 unde
1315 2037 1429 2071 Davis.
1465 2039 1606 2080 conjicit

897 2083 1030 2122 cqressi.
1078 2081 1147 2113 Alii
1180 2082 1306 2113 liabent
1333 2082 1475 2120 mirer-ri,
1511 2085 1602 2124 quod

898 2124 1026 2166 recepit
1051 2124 1211 2167 Scaliger.
1258 2127 1292 2158 lu
1309 2126 1388 2159 aliis
1404 2133 1454 2159 est
1470 2130 1603 2161 unico·-

898 2180 985 2201 sam..

945 2215 1046 2245 Intra
1062 2215 1232 2247 multitud.
1273 2215 1333 2247 alii
1349 2217 1444 2249 inter.
1462 2216 1602 2248 Hotom.

896 2260 945 2289 v'n.
972 2257 1127 2290 Jurinius
1154 2258 1223 2291 ita:
1255 2261 1361 2292 silent.
1389 2262 1513 2300 ear-essi
1535 2261 1599 2293 ad—

896 2312 1010 2334 versus
1037 2305 1130 2343 {ques
1155 2305 1247 2336 itura
1277 2306 1498 2337 ‚nunnionem
1522 2314 1598 2345 ως.

895 2357 991 2378 ‘'onn-

942 2391 1013 2422 Ale'o
1037 2391 1250 2423 excubarent.
1290 2391 1374 2424 Herc
1406 2392 1508 2425 verba
1535 2392 1598 2425 ab·

897 2440 973 2466 sunt
987 2435 1031 2466 ab
1049 2435 1212 2467 omuibus
1235 2435 1333 2466 codd.
1363 2442 1398 2468 et
1423 2437 1501 2472 edd.
1527 2442 1595 2469 aut.

895 2479 937 2510 Et
953 2479 1103 2520 adparet,
1132 2490 1211 2511 cum
1235 2490 1253 2509 e
1277 2480 1364 2512 serie
1381 2491 1505 2519 rerum,
1521 2487 1593 2514 tum

892 2533 933 2554 cx
947 2523 1027 2554 aliis
1043 2523 1280 2564 scriptoribus,
1297 2530 1333 2556 ut
1346 2524 1504 2567 Appiano
1517 2524 1593 2557 Civ.

892 2572 924 2601 2.
943 2569 995 2598 60.
1013 2578 1048 2608 p.
1067 2570 1142 2599 455.
1191 2567 1300 2599 Dione
1331 2569 1425 2601 Cass.
1457 2572 1508 2602 41.
1539 2571 1592 2601 ⁵0.

891 2611 1073 2643 Plutarcho
1090 2611 1176 2644 Caes.
1193 2623 1273 2653 cap.
1292 2614 1346 2644 89.
1363 2614 1520 2654 quaedam
1534 2612 1591 2647 hic

892 2655 1023 2687 deesse.
1043 2657 1092 2687 M.
1111 2655 1327 2688 Desideratur
1341 2668 1433 2689 sane.
1447 2669 1516 2699 quo
1531 2656 1593 2690 ab·

895 2699 969 2731 ierit
994 2700 1105 2731 Caesar
1140 2707 1174 2732 et
1211 2699 1345 2733 initium
1389 2701 1592 2743 inruptionis

894 2743 1187 2786 Pompeianorum.
1227 2743 1334 2777 Uncis
1350 2745 1479 2778 inclusa
1493 2744 1590 2778 addi-

892 2787 980 2819 disse
997 2788 1104 2819 Aldus
1119 2788 1261 2820 videtur.

939 2833 1026 2864 Aua:-
1041 2834 1165 2865 cohorti
1181 2837 1279 2867 venit.
1304 2834 1354 2866 De
1371 2834 1433 2867 hac
1448 2834 1588 2866 cohorte

893 2875 961 2907 vid.
985 2875 1123 2909 Sueten.
1141 2876 1212 2909 Jul.
1231 2879 1282 2909 68.
1327 2879 1492 2922 Denique,
1517 2888 1588 2911 una

891 2926 989 2953 εει-ιω
1001 2922 1136 2964 legionis
1147 2923 1272 2955 cohors.
1295 2922 1345 2955 M.
