1946 3261
741 148 861 194 LIB.
894 144 976 193 VI.
1039 144 1180 194 CAP.
1210 147 1403 198 39-43,

317 282 477 341 praeter
509 293 629 336 spem
660 276 887 322 incolumis
915 277 959 321 in
990 285 1131 323 castra
1160 279 1387 337 pervenit3
1419 296 1520 340 pars
1549 297 1577 326 a
1603 283 1808 332 barbaris

313 346 610 381 circumventa
630 338 776 397 periit.

372 394 443 436 41.
480 397 704 446 Germani,
748 398 978 456 desperata
1015 397 1339 456 expugnatione
1380 409 1637 454 castrorum,
1677 403 1803 462 quod.

312 461 483 498 nostros
515 456 604 514 jam
641 456 879 500 constitisse
915 455 960 498 in
995 455 1309 500 munitionibus
1340 457 1566 512 videbant,
1608 479 1709 506 cum
1743 480 1800 508 ea.

312 513 475 569 praeda,
510 531 642 573 quam
663 516 704 558 in
726 515 844 557 silvis
863 516 1168 573 deposuerant,
1199 524 1319 558 trans
1346 516 1547 562 Rhenum
1569 538 1658 565 sese
1680 538 1804 566 recee

311 582 487 629 perunt.
552 575 618 617 Ac
640 583 789 617 tantus
810 574 894 616 fuit
911 575 1042 617 etiam
1059 583 1158 633 post
1175 574 1406 619 discessum
1422 576 1611 622 hostium
1631 589 1799 634 terror,

310 639 360 672 ut
400 647 452 673 ea
490 642 633 683 nocte,
667 649 803 690 quum
835 633 888 675 C.
923 633 1169 677 Volusenus
1198 633 1350 677 missus
1379 651 1479 679 cum
1508 638 1710 695 equitatu
1738 642 1798 687 ad

307 698 448 732 castra
471 692 671 741 venisset,
693 691 822 734 fidem
838 708 923 735 non
942 693 1123 742 faceret,
1145 692 1290 736 adesse
1310 710 1407 737 cum
1426 694 1633 739 incolumi
1656 698 1798 744 Caesa-

307 764 399 792 rem
429 751 640 794 exercitu.
712 752 785 793 Sic
814 752 1007 794 omnium
1035 752 1197 795 animos
1227 752 1359 796 timor
1389 767 1796 814 praeoccupaverat,

307 817 375 858 ut,
409 825 530 867 paene
559 811 750 853 alienata
778 820 937 860 mente,
966 810 1120 854 deletis
1148 811 1349 855 omnibus
1376 813 1512 872 copiis
1543 815 1792 873 equitatum

305 875 477 935 tantum
499 886 544 912 se
565 886 619 913 ex
638 870 743 928 fuga
765 870 990 928 recepisse,
1018 870 1228 921 dicerent,
1260 886 1418 929 neque,
1448 872 1654 918 incolumi
1672 892 1794 920 exer-

302 936 408 977 citu,
455 929 697 973 Germanos
737 938 880 972 castra
921 930 1257 988 obpugnaturos
1297 931 1427 974 fuisse
1464 934 1794 980 contenderent.

306 987 449 1036 Quem
468 988 669 1031 timorem
692 989 876 1031 Caesaris
897 989 1109 1032 adventus
1129 989 1320 1032 sustulit.

363 1047 435 1088 42.
471 1046 690 1091 Reversus
711 1048 800 1097 ille,
823 1057 1003 1091 eventus
1024 1048 1130 1092 belli
1151 1063 1236 1092 non
1258 1048 1477 1107 ignorans,
1500 1066 1650 1102 unum,
1673 1054 1796 1112 quod

302 1104 502 1149 cohortes
531 1124 583 1150 ex
612 1109 801 1151 statione
829 1117 874 1150 et
905 1107 1107 1165 praesidio
1137 1116 1277 1151 essent
1307 1110 1484 1159 emissae,
1515 1120 1711 1168 questus,
1737 1128 1793 1158 ne

301 1164 476 1207 minimo
497 1167 674 1224 quidem
697 1182 799 1208 casu
820 1167 965 1209 locum
987 1167 1175 1224 relinqui
1196 1166 1410 1218 debuisse,
1439 1170 1630 1213 multum
1650 1172 1794 1216 fortu-

301 1239 400 1266 nam
421 1224 464 1267 in
494 1225 720 1283 repentino
742 1225 929 1268 hostium
950 1225 1142 1269 adventu
1166 1227 1358 1285 potuisse
1378 1227 1612 1279 indicavit;
1648 1231 1793 1277 multo

301 1283 433 1325 etiam
455 1285 655 1342 amplius,
678 1284 798 1341 quod
820 1299 938 1342 paene
962 1286 1019 1327 ab
1040 1285 1135 1344 ipso
1159 1285 1277 1328 vallo
1301 1288 1529 1345 portisque
1545 1298 1791 1336 castrorum

301 1342 513 1386 barbaros
533 1344 775 1386 avertisset.
841 1343 1039 1392 Quarum
1061 1344 1254 1387 omnium
1283 1360 1429 1388 rerum
1456 1347 1637 1390 maxime
1657 1349 1792 1392 admi-

300 1402 484 1445 randum
507 1403 757 1450 videbatur,
781 1401 899 1459 quod
925 1402 1152 1450 Germani,
1183 1402 1260 1459 qui
1289 1419 1340 1446 eo
1371 1405 1551 1449 consilio
1584 1405 1790 1452 Rhenum

302 1462 579 1509 transierant,
612 1471 662 1504 ut
695 1460 964 1518 Ambiorigis
992 1460 1096 1504 fines
1127 1461 1522 1518 depopularentur,
1559 1464 1615 1507 ad
1646 1476 1791 1512 castra.

301 1521 601 1564 Romanorum
632 1520 785 1568 delati,
815 1521 1136 1577 optatissimum
1166 1520 1415 1579 Ambiorigi
1436 1523 1692 1568 beneficium
1713 1527 1791 1572 ob-

302 1580 497 1623 tulerint.

356 1639 429 1682 43.
464 1641 627 1688 Caesar,
655 1654 804 1681 rursus
839 1637 893 1680 ad
928 1636 1142 1680 vexandos
1176 1637 1320 1680 hostes
1353 1637 1591 1695 profectus,
1627 1657 1790 1701 magno

300 1708 454 1742 coacto
497 1715 677 1742 numero
718 1714 771 1740 ex
808 1696 1017 1739 finitumis
1056 1696 1325 1746 civitatibus,
1369 1697 1412 1740 in
1453 1713 1602 1742 omnes
1640 1710 1792 1759 partes

299 1758 498 1802 dimittit.
580 1759 740 1800 Omnes
773 1757 855 1799 vici
891 1766 1026 1815 atque
1059 1756 1202 1799 omnia
1239 1755 1437 1806 aedificia,
1472 1773 1571 1815 quae
1603 1760 1793 1819 quisque

299 1828 602 1877 conspexerat,
634 1816 1001 1860 incendebantur:
1048 1815 1196 1874 praeda
1216 1832 1270 1858 ex
1290 1815 1490 1860 omnibus
1508 1816 1612 1861 locis
1631 1821 1792 1879 ageba-

301 1886 400 1920 tur:
434 1878 652 1922 frumenta
681 1892 766 1920 non
797 1875 937 1919 solum
968 1891 994 1917 a
1023 1884 1148 1918 tanta
1178 1874 1462 1918 multitudine
1487 1875 1800 1934 jumentorum-

299 1938 694 1996 atquefhominum
734 1934 1118 1984 consumebantur,
1167 1935 1239 1978 sed
1278 1935 1409 1978 etiam
1450 1935 1550 1978 anni
1591 1945 1790 1997 tempore

300 2005 434 2057 atque
472 1998 684 2041 imbribus
723 1995 1078 2054 procubuerant;
1131 2002 1197 2044 ut,
1235 1994 1267 2037 si
1309 1993 1385 2052 qui
1426 1993 1557 2038 etiam
1594 1996 1638 2040 in
1680 2013 1791 2057 prae-

348 2093 394 2124 Αι-
406 2091 604 2133 ίαηίιικῇιὶε.
629 2089 698 2122 Alii
718 2090 769 2122 Ae.
781 2090 872 2131 quod
889 2088 1008 2120 Davis.

301 2137 419 2178 reponi
432 2137 542 2179 jubet.

351 2182 471 2214 Fidem
486 2181 700 2222 uon-faceret.
723 2178 889 2210 canterus
905 2182 936 2217 2,
957 2180 1007 2210 18.

289 2227 397 2268 fidem
412 2237 477 2257 non
495 2227 643 2257 haberet.
655 2234 697 2255 ex
710 2223 811 2255 codd.
824 2222 1008 2254 nonnullis.

298 2271 400 2302 male.
447 2270 639 2302 Dicendum
662 2269 753 2300 enim
781 2268 879 2306 foret,
904 2268 1008 2299 Imbe-

296 2320 381 2347 rent.
427 2315 466 2345 Τὸ
475 2314 715 2356 fidemjuoeret
731 2313 787 2344 hic
803 2317 854 2343 est
863 2321 1009 2353 persua-

295 2360 397 2391 deret.

348 2405 468 2436 Adesse
487 2405 668 2436 Caesarem.
692 2400 1005 2432 Hotomannushuc

297 2448 399 2479 refert
428 2448 543 2480 locum
573 2458 591 2479 e
623 2448 763 2478 Sueton.
801 2446 871 2477 Jul.
894 2456 926 2477 c.
951 2448 1004 2478 58.

301 2495 426 2531 Caesar,
449 2493 631 2524 obsessione
652 2496 841 2522 castrorum
864 2492 899 2521 in
923 2491 1005 2522 Ger-

296 2539 416 2568 mania
429 2539 604 2575 nunciata,
617 2538 844 2578 perstationes
859 2535 1004 2566 hostium

303 2582 431 2613 Gallico
463 2581 582 2613 habim
617 2581 803 2621 penetrarit
840 2578 886 2609 ml
916 2589 1003 2610 suos.

298 2625 341 2656 Et
357 2625 512 2656 videntur
526 2623 630 2655 verba
643 2623 708 2654 huc
725 2622 911 2654 referenda.
935 2623 1002 2654 Sed

294 2669 477 2701 Suetonius
490 2668 624 2708 erravit,
648 2677 726 2698 cum
751 2669 787 2698 in
813 2667 1002 2698 Germania

297 2713 404 2746 dixit:
431 2724 508 2745 nam
533 2723 553 2744 a
577 2710 769 2749 Germanis,
790 2709 849 2751 qui
866 2710 900 2742 in
919 2710 1000 2742 Gal-

295 2757 377 2790 liam
394 2758 607 2795 transierant,
625 2761 737 2787 castra
760 2759 835 2786 sunt
851 2755 1000 2794 obsessa,

294 2812 359 2833 non
377 2809 491 2834 autem
508 2802 541 2834 in
558 2800 748 2833 Germania.
771 2800 822 2831 M.

341 2848 544 2890 Equitaeum
566 2850 708 2878 tantum.
733 2844 799 2876 hoc
821 2847 956 2876 tantum
978 2854 999 2875 e

290 2901 353 2922 suo
369 2891 490 2924 codice
504 2897 537 2922 et
552 2889 668 2923 Ursini
690 2888 818 2933 adjecit
837 2887 1000 2931 Scaliger.

289 2937 410 2970 Posset
423 2937 558 2969 abesse.

1124 2088 1274 2119 Eventus
1298 2088 1373 2119 belli
1395 2097 1464 2119 non
1478 2090 1654 2129 iynoram.
1678 2097 1791 2132 norat,

1076 2142 1179 2173 quam
1202 2132 1286 2164 varii
1310 2138 1422 2164 essent
1443 2137 1477 2163 et
1500 2132 1621 2166 incerti
1644 2142 1788 2168 eventus

1077 2175 1176 2214 belli,
1192 2186 1318 2217 eosque
1333 2186 1398 2208 non
1415 2186 1488 2207 esse
1513 2176 1547 2208 in
1570 2178 1668 2211 ducis
1690 2179 1784 2213 mili-

1077 2226 1216 2262 tumque
1246 2226 1425 2262 potestate,
1460 2230 1527 2253 non
1558 2223 1668 2256 caveri
1699 2235 1785 2266 prae-

1076 2264 1252 2306 viderique
1269 2276 1382 2307 posse,
1406 2274 1468 2296 nec
1491 2276 1626 2307 semper
1645 2269 1784 2310 culpam

1077 2309 1278 2341 contrahere
1292 2308 1412 2348 alicui,
1436 2309 1466 2341 si
1489 2311 1622 2343 adversi
1646 2312 1782 2346 fuerint.

1077 2353 1196 2385 Noluit
1215 2365 1297 2396 ergo
1320 2354 1448 2387 milites
1472 2365 1552 2387 suos
1574 2366 1785 2399 magnopere

1074 2398 1330 2449 reprehendere.
1353 2399 1405 2431 M.
1452 2399 1518 2431 Pro
1534 2401 1696 2441 iynorans
1717 2401 1779 2434 alii

1071 2453 1227 2484 zynavw.

1119 2488 1220 2525 Casu,
1235 2485 1409 2519 casui.Cf.
1430 2488 1458 2523 1,
1477 2488 1528 2519 16.
1553 2488 1602 2519 M.

1117 2532 1296 2564 Indicavic.
1318 2531 1384 2564 hoc
1401 2531 1533 2574 praesert
1546 2531 1636 2563 Oud.
1650 2532 1710 2565 alii
1717 2536 1780 2576 ju-

1070 2575 1201 2608 dicavit.

1116 2621 1302 2652 Averetsset.
1317 2618 1377 2650 alii
1394 2623 1594 2652 avertissem.

1114 2665 1274 2696 Rhenum
1304 2665 1523 2696 transierant.
1560 2663 1631 2696 vid.
1658 2675 1689 2697 c.
1722 2669 1778 2700 35.

1113 2753 1308 2785 obtulerint.
1330 2751 1432 2793 vulgo
1449 2751 1650 2786 obtulerant.

1113 2797 1179 2829 Sed
1193 2799 1307 2828 etiam.
1353 2796 1388 2827 In
1414 2795 1524 2827 Oxou.
1545 2797 1639 2830 deest
1659 2803 1777 2840 etiam,

1066 2847 1104 2874 ut
1123 2841 1167 2873 sit
1189 2846 1223 2872 et
1244 2839 1345 2872 alibi.
1377 2839 1419 2872 V.
1440 2842 1469 2879 l,
1489 2842 1528 2873 18
1538 2846 1574 2874 et
1589 2845 1644 2876 43.
1671 2844 1777 2880 Conf-

1072 2885 1246 2919 Drakenb.
1261 2885 1306 2917 ad
1318 2883 1398 2918 Liv.
1413 2888 1447 2924 2,
1462 2886 1495 2918 6.
