1946 3261
271 190 358 234 664

329 327 434 360 pone,
464 318 595 356 praeter,
624 311 678 344 Af.
701 312 756 343 ⁷3.
785 315 910 353 praeter
938 310 990 341 vel

290 361 293 363 ’
329 371 442 402 prope,
464 359 519 389 Af.
534 359 576 388 73

289 405 402 437 Prora
415 406 533 439 erecta,
553 399 670 437 altior,
692 401 724 437 3,
744 399 780 428 13

290 449 459 479 ,prorum-e
481 445 693 478 munitiones,
714 441 848 473 diruere
863 439 991 472 vallum

332 495 365 520 et
379 498 547 530 aggerem,
570 489 602 525 3,
617 487 658 516 20

289 533 454 572 Prosequi
465 532 614 571 aliquem
627 529 736 559 verbis
749 528 901 568 benique,
917 528 948 561 2,
963 527 994 554 5.

337 586 400 617 pro
416 572 584 615 persequi,
609 576 640 611 5,
656 574 689 603 9.
711 574 744 610 8,
759 573 814 602 41.
837 569 877 600 C.
899 569 993 607 1369.

334 621 376 650 A.
391 622 433 649 25

293 664 502 703 Prospectus,
522 660 628 698 locus,
655 658 742 690 unde
767 654 919 698 prospici
935 663 997 696 po·

333 710 412 744 test,
435 706 476 737 A.
496 706 534 734 15

294 749 441 786 Proteri,
464 747 609 789 pedibus
624 743 812 777 conculcari
817 766 836 782 ‚.
849 745 880 780 8,
895 745 938 773 48

294 793 512 828 Proterritus,
528 794 560 828 5,
572 793 623 821 58.
649 789 739 820 idem
753 787 843 828 quod
862 787 999 818 territus

336 841 369 867 et
386 837 424 866 in
431 835 558 875 fugam
572 835 736 873 conjectus

296 879 513 914 Proturbare,
527 875 748 917 propellendo
764 874 947 909 removere,
969 874 1000 909 2,

343 924 394 952 19.
418 926 453 951 ut
465 921 549 961 pede
561 918 765 961 proturbare
779 919 929 957 aliquem

296 965 496 1001 Proventus,
518 962 551 994 id
565 963 657 1004 quod
673 962 720 998 fit,
733 960 871 996 accidit,
893 967 1002 994 casus,

339 1007 368 1038 C
406 1011 438 1045 2,
461 1009 514 1037 38.
539 1007 716 1047 superioris
745 1004 901 1042 temporis
922 1011 1003 1041 pro-

338 1056 470 1087 mentur,
479 1059 553 1089 quae
569 1049 599 1079 ei
612 1053 712 1078 antea
725 1045 870 1077 feliciter
880 1053 1002 1075 evene-

339 1099 424 1132 rant,
447 1095 478 1132 7,
493 1094 549 1123 29.
594 1091 647 1122 Sic
670 1101 721 1121 res
742 1090 905 1131 provenit,
925 1097 1000 1127 quae

341 1146 502 1178 prospere
531 1134 642 1172 cessit,
674 1133 757 1163 Tac.
784 1134 868 1162 Ann.
898 1133 924 1168 1,
947 1131 1001 1160 20.

339 1180 399 1211 ubi
418 1178 553 1209 Ernesti
575 1177 728 1217 quaedam
754 1174 911 1215 exempla
931 1172 1004 1204 col-

339 1222 435 1262 legit.
481 1221 546 1252 Sed
575 1222 606 1258 7,
638 1222 690 1250 80.
720 1224 769 1250 est
801 1215 1003 1257 simplic-iter

338 1270 481 1296 eventus

298 1310 480 1341 Providere
496 1306 643 1348 aliquid,
658 1315 786 1341 curare,
800 1308 838 1334 ut
854 1302 948 1340 adlit,
973 1305 1004 1339 2,

341 1356 373 1382 2.
396 1363 414 1382 e
432 1350 616 1392 longinquo
631 1348 758 1385 videre,
781 1349 814 1383 7,
831 1348 870 1375 30

301 1397 496 1429 Provincias
509 1392 679 1432 (munera)
692 1391 829 1431 partiri,
845 1391 880 1426 8,-
895 1390 934 1418 35

300 1439 483 1472 Ρνουοίανε
498 1449 514 1468 e
530 1437 632 1473 silvi-s,
657 1438 689 1472 2,
707 1434 743 1463 19

299 1485 420 1518 Prout,
442 1482 481 1512 C.
500 1483 531 1517 3,
545 1481 582 1509 61

298 1528 472 1562 Pron-ime,
505 1525 546 1554 de
575 1528 728 1562 tempore
749 1517 921 1560 praeterito
944 1527 1007 1548 nu-

343 1568 504 1610 perrimo,
531 1569 558 1605 l,
574 1569 615 1596 ‘24

303 1615 485 1645 Proximus
499 1610 574 1647 (ad)
589 1618 696 1645 mare,
713 1608 743 1644 3,
754 1607 772 1635 7

302 1656 483 1688 Publicare
496 1656 661 1693 Reqnum,
670 1651 744 1690 lege
757 1653 908 1689 ereptum
918 1646 1007 1685 Regi

346 1698 516 1730 vindicare
532 1695 665 1736 Populo
679 1694 832 1724 Romano
845 1698 878 1722 et
890 1690 1007 1722 aerario

346 1742 517 1777 addicere,
538 1740 579 1771 C.
595 1743 628 1777 2,
641 1741 682 1769 25

304 1787 441 1818 Publice
454 1785 617 1825 polliceri,
638 1789 803 1812 consensu
822 1783 856 1809 et
871 1776 1008 1809 nomine

347 1828 454 1859 totius
468 1825 628 1863 civitatis,
653 1827 682 1862 1,
701 1825 739 1854 16

304 1872 475 1907 Publicus,
503 1868 562 1910 qui
593 1877 731 1899 munere
764 1864 904 1906 publico
933 1863 1009 1894 fun-

347 1915 450 1954 gitur,
467 1915 498 1952 6,
517 1914 568 1943 13.
592 1911 620 1942 si
635 1920 714 1941 vera
728 1908 829 1940 lectio
844 1913 905 1939 est.
924 1907 1009 1948 pub-

350 1960 466 1995 licum,
480 1955 646 1990 aerarium,
666 1953 706 1984 C.
723 1957 756 1989 2,
775 1954 814 1982 18

308 2001 456 2038 Pudens,
470 1998 690 2034 verecundus,
704 1995 743 2026 C.
760 1999 791 2032 2,
807 1996 842 2023 31

307 2045 482 2083 Purgatus
499 2043 613 2079 alu-ui,
628 2043 822 2075 excusatus,
840 2039 867 2073 l,
883 2039 924 2066 98

309 2087 424 2118 Purus
451 2095 601 2126 campus,
627 2083 731 2114 nullis
759 2079 936 2112 arboribus
961 2089 1012 2110 ar-

351 2129 501 2161 bustisve
517 2127 670 2166 confitus,
692 2126 743 2158 Af.
763 2126 799 2155 19

311 2260 527 2295 Quadratum
541 2267 676 2297 aqmen,
699 2256 730 2292 8,
746 2256 765 2284 8

312 2305 423 2339 Quam
430 2308 505 2334 ante
515 2299 714 2342 positivum,
723 2308 789 2337 qua
796 2308 827 2328 m
836 2298 912 2335 lace,
920 2299 951 2335 6,
962 2299 1015 2327 26.

355 2357 460 2389 quam
481 2347 624 2386 opimus,
646 2343 691 2372 ΙΙ.
710 2344 761 2371 33.
793 2351 898 2380 quam
921 2351 1018 2380 ‘triaq-

356 2401 434 2428 mzs,
449 2396 609 2430 perquam
623 2394 775 2424 magnus,
791 2384 829 2413 C.
854 2386 880 2420 1,
897 2387 949 2414 55.
973 2384 1019 2414 cf.

359 2436 392 2471 8,
419 2435 469 2463 11.
500 2430 554 2462 Af.
580 2430 634 2459 47.
657 2438 762 2468 quam
791 2426 954 2457 omissum
986 2426 1018 2457 in

360 2473 616 2516 comparatione
631 2477 708 2512 post
725 2471 883 2510 amplius,
898 2473 1021 2507 minus,

361 2525 426 2551 etc.
451 2519 553 2557 4,12.
576 2517 608 2554 8,
632 2516 682 2546 10.
720 2513 759 2544 C.
785 2514 816 2551 3,
830 2514 884 2549 99,
917 2514 971 2544 Af.
993 2516 1021 2551 l,

320 2608 398 2645 Qui,
412 2606 526 2646 siqui,
549 2613 608 2644 pro
624 2601 651 2633 si
666 2600 753 2642 quis,
774 2603 801 2638 1,
817 2602 872 2632 48.
890 2601 921 2638 6,
940 2601 978 2630 13

323 2652 424 2687 Quin,
436 2647 495 2689 qui
510 2657 589 2685 non,
603 2646 692 2686 quod
708 2655 789 2682 non,
805 2645 846 2675 A.
862 2645 879 2673 ¹1

320 2695 515 2729 Quincunoe,
554 2692 586 2726 7,
614 2691 667 2720 73.
713 2689 750 2720 ln
787 2688 891 2728 figura
927 2686 1026 2728 quin-

364 2735 485 2767 cuncis
528 2733 676 2765 maxime
713 2737 884 2773 spectatur
922 2730 1025 2761 series

365 2778 517 2820 plurium
532 2787 654 2814 retum,
675 2775 721 2806 ita
741 2774 903 2815 deinceps
918 2773 1026 2805 collo-

367 2827 534 2860 caturum,
561 2825 599 2853 ut
631 2818 761 2862 ubique
789 2818 894 2861 figura
921 2817 1024 2852 litexae

913 182 1112 227 INDEX

1096 307 1127 338 V
1145 305 1329 357 efficiatur,
1349 312 1424 347 quae
1447 309 1497 337 est
1521 310 1603 337 nota
1623 301 1754 336 numeri

1095 361 1244 392 quinarii

1015 396 1023 399 ”
1058 395 1189 432 Quoad,
1203 395 1323 432 donec,
1337 398 1369 431 4,
1385 395 1434 424 11.
1456 394 1492 423 12

1056 439 1167 476 Quod,
1180 440 1403 470 nunciarunt.
1417 435 1505 476 quod
1520 434 1690 470 haberent,
1711 432 1756 463 H.

1101 483 1156 512 36.
1182 482 1270 521 quod
1287 483 1366 518 mas-1,
1383 481 1414 515 7,
1429 481 1483 510 88.
1506 479 1546 509 A.
1567 478 1618 515 11,
1631 477 1687 514 27,
1700 477 1755 506 63.

1102 525 1155 556 Af.
1169 526 1224 554 26.
1239 523 1443 554 redundante
1459 521 1558 563 quod,
1569 524 1607 551 ut
1621 518 1655 549 in
1672 517 1760 560 quod

1100 570 1141 598 si.
1189 567 1287 601 Quod
1312 577 1428 607 quum,
1452 575 1518 606 qua
1539 563 1572 594 in
1587 573 1622 594 re
1644 570 1760 603 quum,

1102 611 1138 642 C.
1157 612 1188 646 3,
1203 612 1256 641 68.
1279 610 1324 640 Η.
1341 612 1396 641 20.
1415 610 1455 639 36
1699 635 1702 637 .

1061 656 1174 689 Quum
1185 656 1350 695 primum,
1363 652 1531 690 simulac,
1544 653 1577 689 2,
1592 653 1625 680 2.
1641 650 1702 688 3,9

1062 786 1214 826 Raptim,
1238 784 1404 822 celeriter,
1425 782 1464 814 C.
1485 784 1513 820 1,
1528 785 1560 813 5.
1584 778 1645 812 ubi
1662 779 1763 820 vulgo

1105 830 1231 868 ruptim

1064 872 1165 907 Rari,
1180 874 1212 907 5,
1231 872 1281 901 16.
1297 880 1425 911 oppon.
1441 870 1581 909 conferti

1063 915 1163 945 Ratio
1186 914 1262 945 belli
1290 912 1469 954 (gerendi),
1492 911 1672 952 disciplina
1692 909 1767 941 bel-

1107 957 1187 994 lica,
1210 960 1244 992 4,
1264 959 1291 988 l.
1314 960 1481 988 rationem
1510 957 1608 993 inire,
1628 954 1767 985 modum

1108 999 1314 1040 excogitare,
1336 1002 1369 1038 7,
1382 1003 1435 1031 24.
1457 1002 1543 1031 ratio
1559 997 1771 1039 insequendi,

1110 1044 1149 1074 C.
1172 1045 1200 1081 l,
1217 1046 1270 1073 30.
1293 1053 1362 1073 non
1377 1046 1508 1083 ‘majore
1523 1044 1652 1074 ratione
1672 1042 1767 1081 (pru-

1110 1086 1234 1125 dentia,
1262 1085 1425 1124 consilio)
1458 1086 1582 1117 bellum
1605 1084 1771 1115 adminis-

1108 1132 1196 1160 trari
1207 1135 1320 1171 potest,
1343 1131 1374 1167 ’7,
1389 1130 1443 1159 21.
1466 1139 1507 1160 ea
1520 1130 1664 1165 ratione,
1681 1126 1770 1164 ideo,

1113 1175 1141 1210 1,
1158 1176 1200 1203 28
1702 1196 1706 1198 ,

1069 1217 1177 1253 Ratis,
1192 1216 1302 1247 trabes
1318 1217 1443 1256 plures,
1457 1215 1490 1246 in
1506 1213 1620 1254 pontis
1631 1213 1769 1244 modum

1107 1259 1245 1299 junctae,
1264 1260 1320 1289 sed
1335 1258 1439 1289 nullis
1455 1256 1597 1289 sublicis
1610 1256 1711 1295 nixae,
1723 1261 1772 1294 ut,

1113 1301 1142 1331 si
1167 1303 1280 1332 nullus
1309 1312 1394 1342 pons
1419 1300 1452 1332 in
1479 1299 1617 1330 flumine
1637 1299 1692 1338 sit,
1713 1299 1771 1331 hic

1112 1345 1336 1385 temporarius
1358 1354 1445 1386 pons
1460 1342 1662 1374 immittatur
1675 1353 1772 1383 aquae

1113 1392 1145 1417 et
1161 1389 1203 1418 ad
1218 1389 1356 1419 alteram
1368 1387 1479 1428 ripam
1494 1390 1683 1424 transnatet,
1700 1388 1728 1424 1,
1740 1388 1772 1424 8,

1118 1433 1168 1461 12.
1191 1431 1236 1462 cf.
1253 1431 1328 1462 Liv.
1344 1433 1398 1469 21,
1411 1433 1454 1462 28

1072 1475 1242 1515 Receptus,
1271 1475 1410 1505 facultas
1438 1473 1634 1512 revertendi,
1663 1475 1695 1510 4,
1717 1474 1770 1504 33.

1112 1524 1280 1559 receptum
1288 1519 1392 1549 habeo
1407 1518 1453 1549 ad
1464 1519 1626 1557 aliquem,
1636 1526 1774 1557 possum

1113 1571 1166 1591 me
1183 1563 1224 1592 ad
1238 1572 1315 1592 eum
1331 1561 1492 1599 conferre,
1506 1560 1544 1591 C.
1567 1563 1594 1598 1,
1613 1562 1624 1590 l

1071 1605 1231 1636 Recidere
1243 1610 1347 1647 potest
1361 1614 1456 1635 casus
1473 1605 1518 1635 ad
1531 1605 1691 1645 aliquem,
1713 1613 1773 1643 po-

1115 1653 1179 1680 test
1202 1648 1234 1679 ei
1259 1659 1310 1680 res
1332 1647 1498 1686 accidere,
1521 1646 1571 1679 rei
1595 1645 1773 1688 expositus

1116 1699 1178 1730 est,
1202 1695 1233 1731 7,
1251 1694 1262 1722 1

1073 1735 1229 1777 Recipere
1244 1746 1288 1773 se,
1302 1734 1391 1766 vires
1407 1734 1578 1775 colligere,
1592 1734 1634 1765 de
1648 1732 1776 1771 saucio,

1117 1782 1148 1817 3,
1170 1783 1200 1811 4.
1232 1779 1383 1809 animum
1407 1778 1580 1821 colligere,
1607 1781 1639 1815 4,
1662 1779 1717 1807 27.
1742 1781 1778 1807 ut

1114 1826 1260 1863 recipere
1274 1832 1306 1852 se
1316 1832 1357 1852 esi·
1368 1831 1504 1862 patore,
1516 1823 1547 1858 2,
1562 1823 1610 1850 12.
1624 1823 1655 1859 4,
1669 1822 1722 1851 34.
1739 1829 1781 1850 ex

1108 1867 1209 1907 fuya,
1222 1868 1254 1901 2,
1270 1867 1321 1896 12.
1338 1866 1369 1901 7,
1380 1866 1420 1894 20
1438 1869 1503 1894 etc.
1516 1865 1661 1904 recipere
1673 1864 1778 1904 defes-

1117 1920 1180 1946 sos,
1195 1918 1358 1945 recreare,
1376 1905 1608 1945 ἀναλαμβάνειν,
1627 1906 1665 1937 C.
1683 1909 1711 1944 l,
1725 1910 1780 1938 45.

1116 1962 1169 1981 res
1184 1953 1297 1992 recipit
1324 1949 1496 1989 (admittit,
1518 1948 1627 1990 capit)
1652 1959 1780 1988 casum,

1119 2000 1232 2035 potest
1245 1994 1374 2024 exitum
1402 1993 1436 2023 in
1458 1998 1633 2033 utramque
1651 1998 1780 2033 partem

1119 2038 1254 2075 habere.
1274 2036 1315 2067 C.
1334 2039 1366 2069 3,
1381 2037 1434 2066 51.
1458 2046 1509 2067 res
1524 2037 1638 2077 recipit
1660 2037 1782 2068 multos

1119 2092 1227 2120 casus,
1249 2079 1404 2121 exposita
1418 2085 1468 2110 est
1483 2078 1598 2110 multis
1612 2078 1782 2110 vicissitu-

1120 2125 1269 2161 dinibus,
1298 2123 1336 2153 C.
1365 2126 1392 2160 1,
1421 2124 1474 2153 78.
1506 2125 1648 2162 recipere
1677 2123 1781 2154 etiam

1120 2174 1181 2206 est,
1201 2168 1234 2199 in
1252 2178 1287 2198 se
1305 2166 1490 2207 suscipere,
1505 2165 1671 2206 polliceri,
1691 2165 1732 2197 C.
1748 2168 1782 2204 3,

1127 2213 1175 2242 17.
1200 2211 1288 2242 unde
1309 2210 1349 2241 C.
1367 2213 1397 2248 3,
1411 2212 1441 2240 8.
1464 2212 1586 2248 recipio
1601 2211 1718 2247 alicui,
1731 2217 1798 2240 re-·

1122 2254 1217 2295 cipio
1255 2254 1287 2284 in
1325 2264 1391 2291 me,
1419 2263 1473 2284 me
1510 2252 1614 2283 alicui
1650 2251 1782 2293 aliquid

1124 2297 1360 2339 praestiturum,
1374 2296 1535 2338 promitto
1547 2294 1653 2327 alicui

1082 2342 1346 2377 Recominmro,
1381 2340 1534 2381 collapsa
1572 2337 1784 2376 reaedificare,

1124 2385 1228 2416 ruinae
1245 2382 1454 2414 detrimentis
1468 2382 1608 2421 mederi,
1628 2381 1667 2414 C.
1683 2385 1716 2421 2,
1736 2384 1784 2413 15.

1128 2428 1252 2468 Synon.
1267 2437 1298 2457 c.
1320 2429 1369 2457 16.
1387 2432 1448 2465 est,
1461 2428 1591 2467 reficere

1087 2472 1256 2503 Redemtio
1294 2472 1512 2507 sacr-mmmm,
1547 2478 1625 2500 cum
1662 2467 1787 2508 aliquis

1127 2513 1363 2545 necessitatem
1386 2511 1553 2544 militandi
1577 2511 1725 2549 redimit,
1744 2513 1785 2543 A.

1091 2601 1252 2641 Recliqe7·e
1265 2598 1435 2639 (reddere)
1453 2601 1639 2639 infirmum,
1652 2602 1684 2636 4,
1699 2599 1731 2628 3.
1751 2601 1788 2627 ut

1129 2646 1281 2683 rediqere
1296 2644 1378 2685 quid
1385 2643 1489 2683 facile
1503 2653 1520 2673 e
1535 2641 1673 2681 difficili,
1686 2643 1718 2680 2,
1734 2639 1808 2672 27.“

1128 2688 1240 2727 νειίἱῃὶ
1253 2685 1405 2727 (repelli)
1423 2689 1460 2716 in
1473 2690 1596 2723 castra,
1615 2685 1659 2716 H.
1680 2686 1730 2715 1⁵.
1752 2689 1789 2714 ut

1129 2732 1240 2771 rediqi
1254 2733 1291 2761 in
1303 2731 1476 2771 oppidum,
1491 2729 1536 2759 H.
1554 2730 1595 2760 34

1088 2775 1266 2806 Redimere
1282 2771 1421 2814 (emere)
1444 2774 1633 2806 amicitiam
1647 2772 1791 2812 alicujus

1133 2823 1237 2851 morte
1251 2818 1401 2855 acterius,
1425 2817 1454 2855 1,
1469 2818 1511 2849 44
