1946 3261
221 212 310 257 332
647 210 731 254 DE
763 207 965 251 BELLO
999 206 1212 251 CIVILI.

223 346 252 365 ⁶⁶
272 338 514 396 interjecto,
558 334 747 378 militum
782 342 944 377 mentes
983 340 1266 385 sanarentur;
1318 333 1462 383 simul,
1510 334 1543 376 si
1589 334 1694 391 quid

221 405 252 424 ‘⁶
276 397 449 455 gravius
469 393 706 444 accidisset,
736 409 892 451 magna
913 393 1193 447 multitudine
1215 392 1388 435 navium
1411 401 1455 436 et
1488 392 1628 435 tutius
1653 403 1698 436 et

223 462 252 480 ‘⁶
275 454 442 496 facilius
462 454 506 496 in
526 453 717 495 Siciliam
737 461 936 510 receptus
955 452 1178 494 da1·etur.’'

279 513 351 553 31.
393 512 547 562 Curio,
596 520 833 568 utrumque
871 511 1105 569 inprobans
1146 509 1387 560 consilium,
1430 517 1459 536 ⁶⁶
1484 517 1698 568 quant-um

222 577 252 595 ‘⁶
275 569 404 613 alteri
424 571 646 613 sententiae
664 571 828 613 deesset
849 569 993 619 animi,
1017 577 1189 613 tantum
1206 568 1335 612 alteri
1351 585 1569 627 superesse
1587 567 1698 611 dice-

221 635 250 654 ‘⁶
274 628 383 679 bat;
414 629 491 673 hos
532 628 790 687 turpissimae
828 628 944 686 fugae
981 629 1192 670 rationem
1220 627 1396 678 habere,
1434 628 1531 670 illos
1567 627 1699 670 etiam

223 693 252 713 ‘⁶
275 687 426 746 iniquo
466 689 563 731 loco
610 687 902 730 dimicandum
939 695 1110 745 putare.
1176 687 1274 736 Qua
1317 688 1475 737 enim‚”
1535 686 1696 744 inquit,

222 752 251 771 ‘⁶
274 746 433 791 fiducia
462 754 507 789 et
536 763 668 805 opere
702 755 747 788 et
777 754 935 788 natura
956 745 1040 788 loci
1060 745 1343 788 munitissima
1361 754 1501 788 castra
1532 761 1697 804 expug-

219 811 250 830 “
274 806 368 848 nari
404 822 526 864 posse
561 805 846 848 confidimus?
875 814 953 847 aut
989 820 1095 846 vero
1122 804 1229 862 quid
1252 804 1517 863 proficimus,
1550 804 1599 854 si,
1629 820 1698 846 ac-

219 870 250 889 “
273 872 402 923 cepto
420 880 577 923 magno
610 864 889 916 detrimento,
912 864 969 906 ab
991 863 1319 922 obpugnatione
1354 872 1596 905 castrorum
1616 862 1698 905 dis-

218 926 249 948 “
273 923 492 966 cedimus?
524 923 645 981 quasi
674 939 759 965 non
787 931 831 964 et
859 923 1042 965 felicitas
1075 938 1223 964 rerum
1242 930 1461 979 gestarum
1484 921 1698 964 exercitus

218 987 249 1007 ‘⁶
272 982 618 1025 benevolentiam
635 981 994 1040 Imperatoribus,
1028 989 1073 1023 et
1102 997 1170 1023 res
1201 980 1391 1023 adversae
1424 980 1538 1029 odia,
1561 979 1699 1022 conci-

219 1046 249 1065 ‘⁶
272 1041 394 1084 lient.
460 1041 717 1083 Castrorum
746 1050 894 1082 autem
915 1040 1101 1083 mutatio
1124 1039 1229 1097 quid
1249 1039 1398 1089 habet,
1422 1039 1499 1081 nisi
1522 1047 1697 1096 turpem

219 1106 249 1124 ⁶⁶
272 1100 423 1158 fugam
440 1107 484 1141 et
500 1098 844 1157 desperationem
866 1099 1055 1141 omnium
1072 1107 1116 1140 et
1133 1098 1437 1140 alienationem
1451 1097 1695 1140 exercitus?

217 1164 247 1183 ‘⁶
274 1159 389 1201 Nam
417 1173 555 1215 neque
577 1157 790 1214 pudentes
811 1157 1019 1215 suspicari
1040 1166 1234 1215 oportet,
1263 1157 1343 1199 sibi
1368 1172 1523 1215 parum
1545 1154 1691 1204 credi3

217 1222 248 1242 ‘⁶
271 1233 413 1274 neque
463 1216 669 1273 inprobos
703 1215 826 1267 scire,
863 1233 951 1259 sese
989 1216 1155 1258 timeri:
1193 1216 1312 1273 quod
1353 1216 1436 1258 illis
1476 1215 1696 1257 licentiam

217 1282 247 1301 ‘⁶
271 1276 401 1319 timor
422 1282 580 1332 augeat
601 1282 747 1316 noster
766 1290 776 1323 ;
810 1275 874 1316 his
894 1275 1035 1316 studia
1057 1274 1294 1317 deminuat.
1360 1272 1492 1323 Quod
1510 1273 1543 1314 si
1560 1273 1696 1328 jam‚'’

215 1333 373 1391 inquit,
397 1340 425 1358 ‘⁶
449 1332 535 1375 haec
557 1333 782 1390 explorata
804 1333 1026 1381 habemus,
1068 1348 1164 1389 quae
1199 1333 1252 1374 de
1283 1333 1498 1375 exercitus
1535 1331 1696 1374 aliena-

216 1399 246 1417 “
270 1393 386 1434 tione
423 1391 646 1439 dicuntur,
681 1407 780 1448 quae
814 1392 988 1448 quidem
1026 1407 1109 1448 ego
1141 1399 1218 1432 aut
1255 1391 1426 1433 omnino
1464 1389 1585 1439 falsa,
1619 1399 1698 1432 aut

217 1457 246 1476 ‘⁶
270 1459 387 1492 certe
408 1450 575 1492 minora
596 1449 797 1507 opinione
821 1466 908 1492 esse
937 1448 1135 1492 confido:
1177 1458 1356 1505 quanto,
1396 1449 1483 1492 haec
1504 1447 1698 1491 dissimu-

215 1516 246 1535 “
271 1509 360 1552 lare
384 1517 428 1551 et
450 1508 688 1559 occultare,
713 1524 845 1565 quam
869 1524 948 1567 per
971 1524 1046 1550 nos
1069 1506 1329 1557 confirmari,
1353 1512 1564 1567 praestat?
1624 1507 1696 1550 An

214 1574 246 1594 ⁶⁶
270 1584 370 1618 non,
407 1567 474 1609 uti
510 1567 702 1625 corporis
731 1567 928 1616 vulnera,
963 1568 1023 1609 ita
1055 1567 1270 1609 exercitus
1298 1566 1568 1610 incommoda
1597 1574 1699 1609 sunt

215 1634 244 1652 ‘⁶
269 1627 468 1685 tegenda,
505 1642 556 1668 ne
587 1641 707 1682 spem
740 1625 996 1668 adversariis
1033 1630 1295 1683 augeamus?
1358 1627 1420 1668 At
1458 1625 1603 1674 etiam,
1647 1632 1698 1667 ut

216 1693 246 1711 ⁶⁶
270 1686 412 1728 media
433 1693 557 1726 nocte
588 1683 925 1741 proficiscamur,
959 1683 1145 1726 addunt:
1182 1699 1270 1741 quo
1291 1685 1513 1742 majorem,
1546 1683 1695 1733 credo,

217 1751 246 1769 ⁶⁶
270 1745 487 1786 licentiam
507 1742 711 1789 habeant,
750 1743 826 1800 qui
858 1759 1037 1801 peccare
1068 1752 1310 1784 conentur:
1349 1757 1533 1799 namque
1552 1742 1697 1800 hujus-

218 1810 247 1827 ‘⁶
271 1803 386 1845 modi
404 1818 471 1844 res
492 1810 569 1843 aut
590 1801 771 1859 pudore,
794 1814 872 1844 aut
894 1811 1012 1843 metu
1035 1810 1255 1850 tenentur,
1279 1802 1439 1858 quibus
1459 1801 1589 1843 rebus
1610 1817 1695 1845 nox

216 1869 245 1887 ‘⁶
270 1862 451 1904 maxime
485 1860 732 1903 adversaria
767 1869 845 1902 est.
910 1861 1055 1910 Quare
1077 1875 1217 1917 neque
1240 1860 1348 1902 tanti
1370 1876 1463 1902 sum
1477 1859 1621 1910 animi,
1644 1869 1697 1902 ut

214 1927 244 1946 ‘⁶
267 1920 355 1963 sine
375 1936 450 1978 spe
470 1927 611 1961 castra
645 1918 935 1978 obpugnanda
956 1934 1171 1967 censeam;
1211 1934 1351 1976 neque
1380 1918 1490 1961 tanti
1513 1919 1694 1967 timoris,

216 1986 246 2005 ‘⁶
269 1988 320 2022 ut
341 1979 430 2037 ipse
452 1977 671 2020 deficiam:
711 1987 843 2035 atque
866 1978 1007 2021 omnia
1043 1977 1164 2035 prius
1196 1978 1457 2036 experienda
1485 1978 1694 2028 arbitror,

218 2046 246 2064 ‘⁶
271 2053 515 2096 magnaque
548 2053 601 2078 ex
630 2045 757 2094 parte
784 2039 873 2096 jam
892 2053 959 2080 me
983 2052 1070 2078 una
1099 2036 1323 2080 vobiscum
1344 2037 1398 2080 de
1420 2052 1466 2078 re
1484 2036 1693 2095 judicium

214 2104 244 2123 ‘⁶
267 2097 486 2139 facturum
507 2094 721 2138 confid0.'‘

272 2155 344 2197 32.
386 2155 572 2197 Dimisso
609 2154 801 2204 consilio,
837 2155 1082 2197 concionem
1117 2154 1302 2196 advocat
1322 2153 1538 2196 militum:
1580 2170 1694 2197 com-

214 2221 440 2262 memorat,
465 2221 493 2239 ⁶⁶
516 2229 604 2270 quo
626 2214 680 2255 sit
701 2229 851 2256 eorum
871 2230 970 2256 usus
991 2214 1136 2257 studio
1157 2213 1213 2255 ad
1245 2212 1486 2256 Corfinium
1521 2213 1690 2256 Caesar:

261 2334 364 2367 Posse'
381 2333 466 2374 conf.
514 2333 552 2363 Tox
574 2343 667 2374 posse
682 2333 795 2364 omisit
821 2334 911 2366 Scal.
982 2333 1128 2365 vossius
1157 2339 1190 2365 et
1217 2331 1336 2363 Davis.
1362 2330 1485 2372 Scalig.
1513 2341 1591 2362 cum
1615 2330 1694 2363 aliis

216 2377 389 2410 revocavit
407 2377 497 2408 Oud.
513 2387 532 2407 e
549 2377 646 2408 codd.
663 2383 695 2407 et
710 2378 785 2408 edd.
804 2389 852 2418 pr.
985 2379 1121 2409 dederat
1136 2381 1269 2409 nostris.

261 2423 442 2455 Pudentem
456 2421 514 2463 qui
533 2426 688 2451 verentur
704 2422 793 2452 male
809 2432 921 2459 agere,
1032 2423 1259 2453 Dissimulare
1274 2426 1303 2452 et
1317 2420 1492 2451 occultare.
1526 2418 1582 2451 Al.
1599 2420 1694 2451 dissi-

215 2467 358 2511 σώφξονες,
390 2463 546 2505 αἰδέμονες.
594 2465 676 2494 Ilaee
701 2464 763 2495 etsi
795 2476 921 2506 pauco·
986 2467 1115 2497 malari
1125 2472 1154 2497 et
1169 2466 1340 2496 occultari.

214 2522 286 2542 rum
304 2510 477 2547 codicum,
495 2507 597 2539 lectio
612 2514 701 2539 certe
717 2510 921 2549 praeferenda
1034 2511 1086 2541 ,4η
1112 2521 1190 2540 mm.
1228 2508 1346 2539 Davi&
1377 2507 1505 2539 mallet.
1538 2508 1579 2539 At
1604 2518 1694 2544 vero,

214 2561 263 2586 est
290 2553 401 2592 altori,
428 2554 617 2595 prudentem.
660 2553 750 2592 Ergo
779 2555 922 2593 improbi
985 2553 1067 2593 quia
1089 2553 1170 2584 edit.
1187 2558 1254 2585 vet.
1303 2555 1353 2583 ,4η
1370 2563 1458 2583 vero.
1482 2550 1599 2582 Nolim
1617 2562 1691 2594 ego,

216 2604 303 2637 sunt,
333 2598 367 2629 iu
393 2597 519 2638 quibus
545 2602 607 2634 est,
631 2602 667 2627 ut
685 2597 759 2637 ipse
777 2597 920 2637 scriptor
987 2597 1032 2628 ob
1051 2597 1257 2638 subsequens
1276 2598 1317 2628 At
1329 2598 1442 2627 etiam.

217 2643 312 2680 dicit,
328 2641 481 2673 licentia.
500 2641 550 2671 M.
575 2639 810 2681 Boniquidam
823 2641 920 2672 codd.
1035 2642 1242 2680 Huiusmodi
1266 2651 1331 2675 res,
1357 2639 1380 2670 i.
1397 2651 1426 2670 e.
1457 2644 1601 2670 conatus
1627 2638 1691 2669 im-

217 2687 343 2718 habent
368 2687 540 2727 pudentes.
588 2684 683 2722 Sunt,
712 2684 837 2725 quibus
862 2684 922 2714 ho-
988 2684 1104 2726 probi.
1156 2683 1581 2723 Tenmzmminpediuntur.
1612 2683 1661 2713 M.

212 2740 273 2762 nor
288 2729 379 2761 cordi
397 2735 457 2767 est,
475 2730 532 2771 qui
551 2733 607 2759 ont
629 2729 675 2759 du
695 2731 787 2770 point
808 2727 924 2760 ιΙἸιοη-
1036 2730 1160 2763 Quum<
1176 2729 1288 2765 rebus,
1316 2726 1434 2768 pudori
1449 2732 1482 2758 et
1497 2726 1614 2758 metui.
1639 2725 1688 2756 M.

214 2785 310 2805 nour⁴
1037 2773 1108 2812 Ipso·
1132 2773 1297 2813 deficiam.
1354 2771 1488 2802 Manut.
1516 2775 1548 2801 et
1573 2768 1689 2801 Ciacc.

264 2819 345 2855 lctis,
380 2815 568 2859 improbis:
607 2817 670 2856 hie,
708 2816 922 2858 pudentibus.
989 2817 1119 2847 malunt
1134 2827 1201 2856 spe.
1239 2815 1314 2846 Non
1331 2825 1427 2856 opus.

217 2862 386 2893 Cla-rhus.
1036 2861 1193 2892 Consilio.
1242 2859 1368 2900 Vulgo.
1408 2859 1556 2891 concilio.
1585 2856 1688 2888 male.

261 2906 383 2937 Noster
398 2917 412 2942 ;
435 2906 495 2936 his.
528 2904 582 2936 Sic
600 2904 774 2936 restituere
791 2915 809 2935 e
827 2904 925 2936 codd.
990 2905 1076 2936 Nam
1091 2903 1274 2947 obponitur
1289 2904 1434 2935 concioni
1449 2902 1605 2934 militum.
