1946 3261
614 175 730 220 LIB.
765 175 800 218 Ι.
864 175 999 219 CAP.
1032 176 1218 220 85-87.
1577 176 1661 222 309

185 307 214 326 “
237 301 508 358 commutari,
537 318 590 347 ne
623 319 675 346 ex
701 304 898 347 Praetura
931 311 975 346 et
1007 303 1265 354 Consulatu,
1298 311 1348 347 ut
1375 317 1559 364 semper,
1590 305 1663 349 sed

183 367 213 386 “
238 377 317 419 per
337 377 496 419 paucos
519 363 696 422 probati
725 371 768 406 et
788 363 915 406 electi
936 362 978 404 in
1001 363 1244 420 provincias
1265 363 1516 407 mittantur:
1551 363 1595 406 in
1616 380 1662 406 se

183 426 213 445 ‘⁶
236 421 375 463 aetatis
408 422 724 465 excusationem
757 421 862 464 nihil
883 421 1043 470 valere,
1075 422 1191 478 quod
1223 422 1519 480 superioribus
1538 422 1666 465 bellis

183 486 211 504 “
237 479 413 536 probati
445 481 500 523 ad
530 480 784 524 obtinendos
815 480 1028 523 exercitus
1049 489 1305 523 evocentur:
1340 482 1383 524 in
1403 498 1446 524 se
1468 496 1554 524 uno
1575 496 1661 524 non

182 545 212 563 “
235 539 414 588 servari,
449 539 569 596 quod
601 539 656 581 sit
687 539 886 583 omnibus
916 538 1067 581 datum
1099 554 1267 596 semper
1302 539 1662 598 ImperatoribuS,

181 603 211 622 “
235 605 299 647 ut,
322 597 451 640 rebus
472 597 655 639 feliciter
677 597 822 655 gestis,
853 606 930 640 aut
950 612 1047 640 cum
1067 595 1228 638 honore
1251 597 1415 655 aliquo,
1444 608 1521 641 aut
1543 607 1662 642 certe

180 662 209 681 “
232 653 321 697 sine
339 654 571 712 ignominia
589 655 766 698 domum
784 664 1062 699 revertantur
1079 655 1405 713 exercitumque
1421 656 1662 701 dimittant.

181 721 210 739 “
237 712 344 761 Quae
378 722 520 757 tamen
550 714 690 756 omnia
724 723 768 757 et
795 731 836 757 se
867 714 1012 757 tulisse
1033 714 1248 771 patienter
1269 722 1313 756 et
1334 730 1421 756 esse
1443 714 1663 766 laturum:

179 780 210 798 ⁴⁶
232 786 370 827 neque
393 787 506 815 nunc
526 773 570 815 id
589 788 734 832 agere,
751 781 802 815 ut
821 775 876 816 ab
895 773 979 815 illis
1000 772 1237 815 abductum
1258 773 1495 815 exercitum
1517 782 1663 818 teneat

179 838 209 857 ‘⁶
232 829 339 888 ipse,
362 831 482 888 quod
510 840 652 874 tamen
685 832 766 875 sibi
796 831 968 875 difficile
990 847 1074 874 non
1095 831 1172 880 sit;
1204 830 1277 874 sed
1299 847 1351 874 ne
1372 830 1435 874 illi
1456 829 1661 883 habeant,

177 898 208 917 ‘'‘
232 904 321 946 quo
343 898 494 933 contra
517 907 559 933 se
581 891 645 933 uti
666 891 842 949 possint.
908 889 1114 940 Proinde,
1143 898 1192 933 ut
1225 898 1334 933 esset
1353 890 1535 942 dictum,
1560 907 1660 950 pro-

176 957 206 975 “
230 948 379 991 vinciis
405 949 664 992 excederent
692 950 1016 1006 exercitumque
1050 949 1340 992 dimitterent:
1374 950 1407 992 si
1427 948 1472 991 id
1497 950 1554 993 sit
1573 950 1663 993 fac-

176 1016 206 1035 “
230 1014 338 1057 tum,
373 1008 620 1050 nociturum
651 1025 693 1050 se
727 1008 907 1051 nemini:
952 1007 1060 1050 hane
1093 1024 1222 1051 unam
1253 1016 1386 1067 atque
1421 1016 1660 1053 extremam

175 1075 204 1094 ‘⁶
230 1066 345 1124 pacis
369 1083 454 1109 esse
477 1066 810 1110 conditionem.’‘

231 1124 302 1167 86.
337 1124 388 1168 Id
417 1141 522 1168 vero
552 1125 762 1168 militibus
783 1125 867 1168 fuit
891 1133 1146 1184 pergratum
1166 1132 1210 1167 et
1227 1122 1488 1181 jucundum,
1519 1132 1570 1167 ut
1602 1143 1656 1170 ex

173 1184 266 1242 ipsa
277 1183 586 1242 significatione
603 1185 747 1243 potuit
765 1185 985 1243 cognosci3
1018 1192 1084 1233 ut,
1098 1183 1173 1242 qui
1190 1183 1357 1241 aliquid
1376 1184 1479 1226 victi
1496 1184 1658 1229 incom-

173 1242 287 1286 modi
309 1244 686 1301 exspectavissent,
705 1243 822 1286 ultro
838 1243 1062 1302 praemium
1080 1242 1284 1285 missionis
1303 1243 1482 1286 ferrent.
1521 1244 1658 1295 Nam,

172 1317 309 1359 quum
331 1302 386 1344 de
406 1302 501 1344 loeo
522 1310 566 1344 et
587 1310 785 1360 tempore
807 1304 898 1360 ejus
920 1302 980 1344 rei
1003 1301 1298 1344 controversia
1318 1301 1577 1345 inferretur:
1611 1313 1659 1347 et

171 1376 275 1403 voce
313 1368 358 1402 et
390 1361 586 1403 manibus
614 1360 802 1403 universi
838 1377 892 1402 ex
922 1360 1055 1408 vallo,
1087 1360 1162 1402 ubi
1193 1360 1491 1410 constiterant,
1526 1361 1656 1420 signi-

171 1418 299 1462 ficare
329 1428 572 1477 coeperunt,
609 1427 638 1445 “
663 1427 714 1461 ut
743 1418 890 1461 statim
921 1419 1263 1468 dimitterentur,
1292 1433 1431 1476 neque
1456 1420 1570 1462 omni
1591 1420 1654 1463 in-

173 1485 202 1504 “
229 1477 438 1536 terposita
458 1477 543 1520 fide
564 1477 737 1520 firmum
757 1495 845 1521 esse
867 1493 1003 1536 posse,
1034 1477 1067 1519 si
1099 1476 1141 1518 in
1171 1477 1290 1519 aliud
1319 1485 1491 1534 tempus
1509 1478 1656 1522 differ-

172 1544 201 1563 “
224 1538 388 1579 retur.”
450 1537 604 1580 Paucis
621 1553 756 1594 quum
777 1546 886 1579 esset
908 1537 950 1579 in
973 1543 1202 1592 utramque
1219 1543 1387 1594 partem
1408 1536 1551 1579 verbis
1570 1536 1656 1581 dis..

169 1604 402 1654 putatum;
443 1611 510 1638 res
530 1595 612 1637 huc
633 1595 884 1644 deducitur,
917 1604 967 1637 ut
998 1595 1042 1643 ii,
1073 1595 1148 1651 qui
1179 1593 1366 1636 habeant
1388 1594 1654 1640 domicilium

156 1662 245 1697 -aut
287 1653 569 1713 possessiones
610 1654 652 1696 in
697 1654 922 1712 Hispania,
960 1651 1136 1701 statim;
1189 1652 1349 1710 reliqui
1388 1653 1442 1695 ad
1486 1653 1654 1698 Varum

168 1713 325 1756 flumen
356 1713 658 1756 dimittantur:
701 1728 754 1755 ne
785 1713 890 1771 quid
921 1712 978 1755 eis
1009 1719 1235 1761 noceatur,
1266 1727 1349 1754 neu
1372 1711 1470 1769 quis
1491 1711 1653 1759 invitus

167 1780 478 1815 sacramentum
495 1772 637 1815 dicere
659 1779 844 1830 cogatur
861 1788 886 1814 a
907 1771 1093 1820 Caesare,
1117 1779 1314 1813 cavetur.

227 1831 297 1873 87.
331 1832 474 1874 Caesar
493 1848 546 1874 ex
565 1848 617 1874 eo
637 1839 848 1889 tempore,
867 1831 972 1873 dum
995 1831 1049 1873 ad
1070 1829 1229 1872 flumen
1250 1829 1416 1872 Varum
1434 1828 1652 1880 veniatur,

167 1907 210 1933 se
234 1891 499 1933 frumentum
519 1891 725 1934 daturum
758 1890 1016 1948 pollicetur:
1052 1888 1176 1931 addit
1205 1888 1350 1937 etiam,
1380 1896 1446 1937 ut,
1486 1895 1516 1914 ‘⁶
1540 1889 1649 1945 quid

167 1957 197 1975 ‘⁶
221 1950 405 2007 quisque
435 1965 584 1992 eorum
622 1949 663 1991 in
697 1949 813 1992 bello
847 1948 1052 1997 amiserit,
1088 1964 1184 2005 quae
1216 1947 1301 1989 sint
1330 1962 1458 2004 penes
1494 1947 1652 1990 milites

167 2016 197 2035 “
221 2025 333 2058 suos,
357 2008 420 2058 iis,
444 2009 519 2067 qui
539 2008 773 2057 amiserint,
796 2008 1107 2051 restituatur:”
1139 2006 1367 2055 militibus,
1387 2021 1512 2064 aequa
1533 2006 1653 2050 facta.

166 2186 237 2216 bns.
267 2191 303 2217 ut
328 2185 426 2227 Hisp.
452 2188 505 2217 39.
533 2188 637 2218 saluti
663 2196 732 2216 sure
755 2188 875 2227 praesi-

167 2231 274 2264 dium.
299 2231 358 2262 ubi
379 2230 437 2263 alii
462 2233 593 2262 salmis.
637 2229 694 2261 Sic
711 2230 750 2260 G.
767 2233 799 2267 5,
818 2232 871 2261 48.

168 2273 325 2306 Oudend.
343 2276 456 2307 mallet
473 2277 638 2307 communi
653 2275 756 2304 saluti
771 2276 871 2305 aua-15-

166 2319 262 2350 lium.
307 2320 419 2351 Bentl.
437 2319 569 2350 mavult
588 2319 789 2361 prcevidenoe
814 2318 868 2348 scd

163 2363 262 2393 codd.
279 2363 404 2395 habent
415 2364 585 2403 praesidia..

213 2408 313 2437 Duas
339 2409 442 2438 bellic.
469 2418 561 2448 prov.

165 2450 324 2482 Africani.
350 2454 521 2483 Davisius.

212 2495 262 2526 Ne
289 2506 330 2526 ea:
353 2497 457 2527 I'rret.
484 2499 514 2526 el
541 2495 640 2526 Com.
672 2504 712 2525 ne.
736 2494 783 2528 hi.
807 2494 865 2535 qui

612 2405 813 2448 Hispaniam
836 2411 869 2437 et

165 2538 328 2571 Praetores
343 2545 376 2571 et
391 2540 557 2571 Consules
571 2539 866 2570 fuissent—Cous.

161 2592 192 2613 c.
210 2585 240 2613 6.
264 2584 316 2615 M.

208 2628 276 2659 Per
303 2638 425 2669 paucos
446 2628 541 2669 prob.
567 2631 596 2659 el
622 2628 724 2658 electi.
770 2627 867 2658 Cous.

162 2670 248 2702 ibid.
272 2673 322 2703 M.

210 2716 250 2747 In
265 2728 297 2747 se
311 2716 554 2748 aetatis—Non
571 2714 700 2746 licebat
712 2720 865 2746 veterano

162 2758 281 2799 militi,
294 2770 354 2801 per
365 2765 495 2791 atatem
508 2759 638 2790 militiae
653 2758 866 2790 vocationem

162 2801 306 2843 habere3
332 2805 388 2835 sed
406 2803 645 2839 evocabantur,
668 2804 770 2833 modo
793 2802 867 2834 Cae-

160 2847 228 2878 sari
240 2858 279 2879 ea
297 2859 330 2879 re
345 2849 503 2879 damnum
518 2849 661 2878 daretur.
689 2846 774 2877 Vide
789 2857 865 2888 cap.

160 2891 192 2921 3.
215 2892 320 2925 Multa·
332 2893 536 2934 umliqve—
550 2894 741 2923 evocantur.
774 2891 864 2933 Ergo

938 2186 983 2216 ml
1011 2185 1202 2217 obtinendos
1226 2188 1388 2217 evercitu<
1415 2192 1479 2223 est,
1509 2187 1586 2219 ideo
1613 2192 1650 2219 ut

942 2229 1126 2270 Pompeius
1143 2230 1265 2261 habere
1282 2231 1390 2271 possit
1410 2232 1580 2263 exercitus
1598 2232 1649 2263 in-

938 2280 1062 2314 tegros,
1079 2284 1184 2316 neque
1203 2280 1314 2305 careat
1332 2274 1384 2313 iis,
1409 2277 1495 2307 unde
1513 2276 1648 2317 possint

937 2319 1105 2348 exercitus
1121 2318 1256 2349 confici.
1280 2319 1331 2350 M.

989 2363 1079 2393 Victi.
1112 2362 1221 2393 Codd.
1237 2361 1471 2404 quidamjusti
1487 2365 1648 2404 veljussi.

989 2407 1091 2437 Ultro.
1138 2406 1203 2437 llic
1234 2406 1390 2438 inseritur
1415 2407 1448 2439 in
1481 2409 1559 2439 edd.
1578 2412 1645 2438 vet.

936 2450 1022 2480 inde.
1039 2450 1097 2481 sed
1113 2449 1146 2481 id
1161 2450 1192 2481 in
1204 2451 1300 2482 codd.
1313 2450 1529 2483 desideratur.
1554 2451 1644 2483 Oud.

935 2494 1112 2534 conjectat,
1130 2495 1292 2535 scriptum
1311 2495 1412 2526 fuisse
1427 2497 1598 2527 ultroneae.

982 2539 1098 2579 Neque
1113 2541 1213 2570 omni.
1260 2538 1327 2570 Alii
1342 2550 1448 2581 neque
1462 2541 1560 2570 enim.
1579 2538 1645 2570 mi-

934 2592 996 2612 nus
1012 2582 1107 2613 bene.

985 2627 1272 2666 Varumflusmen,
1295 2627 1383 2666 quod
1406 2625 1535 2657 ltaliam
1563 2625 1646 2658 Gal-

932 2669 1077 2711 liamque
1123 2669 1185 2700 sub
1231 2671 1376 2711 Alpibus
1417 2669 1643 2702 disterminat.

936 2715 1058 2746 Cellar.

977 2760 1244 2794 Sacramentum.
1309 2755 1363 2788 Sic
1393 2757 1516 2799 optimi
1545 2759 1649 2790 codd.

931 2801 1071 2833 habent.
1102 2801 1171 2831 Alii
1193 2807 1416 2834 mim-amento.
1442 2803 1534 2844 quod
1551 2812 1646 2835 rece-

933 2852 1026 2888 perat
1042 2846 1170 2878 Morus.
1196 2845 1273 2878 Vid.
1291 2845 1361 2877 lnd.
