1992 3271
201 183 259 229 26
609 182 694 226 DE
727 178 930 224 BELLO
962 178 1260 225 GALLICO.

197 310 502 355 contenderent
519 324 530 358 ;
562 307 804 367 praesertim
823 321 960 365 quum
984 307 1206 365 Sequanos
1226 323 1252 350 a
1275 307 1503 353 Provincia
1523 317 1671 354 nostra

199 370 432 413 Rhodanus
452 368 676 410 divideret.
737 366 907 416 Quibus
928 365 1057 409 rebus
1086 381 1217 425 quam
1238 369 1490 411 maturrime
1522 385 1670 413 occur-

200 429 380 472 rendum
398 426 598 485 putabat.
655 425 753 485 Ipse
777 434 922 468 autem
944 424 1191 468 Ariovistus
1212 433 1354 469 tantos
1373 427 1455 469 sibi
1474 429 1669 486 spiritus,

198 496 361 531 tantam
379 485 676 544 adrogantiam
697 492 919 533 sumserat,
937 491 988 525 ut
1008 484 1205 527 ferendus
1222 500 1307 528 non
1328 485 1564 529 videretur.

256 545 327 587 34.
364 544 655 593 Quamobrem
679 543 845 602 placuit
861 542 915 592 ei,
944 550 994 584 ut
1017 542 1072 584 ad
1094 543 1363 586 Ariovistum
1388 544 1553 602 legatos
1573 544 1671 588 mit-

199 611 327 652 teret,
349 602 427 660 qui
447 603 504 645 ab
523 618 574 645 eo
595 602 881 661 postularent,
903 601 969 643 uti
989 601 1179 660 aliquem
1196 603 1339 645 locum
1359 604 1547 646 medium
1563 604 1672 647 utri-

200 677 336 719 usque
364 662 596 719 conloquio
623 661 808 704 diceret:
842 660 952 703 velle
978 676 1065 702 sese
1093 661 1146 703 de
1174 662 1404 719 republica>
1427 672 1471 705 et
1498 662 1672 706 summis

199 720 428 778 utriusque
456 722 586 763 rebus
614 737 713 763 cum
739 736 790 762 eo
817 735 958 778 agere.
1022 719 1076 761 Ei
1098 719 1304 777 legationi
1339 721 1586 764 Ariovistus
1606 737 1672 764 re-

199 779 400 836 spondit:
436 786 464 806 ⁶⁶
503 780 550 821 Si
573 780 679 837 quid
700 778 781 837 ipsi
814 794 839 820 a
873 778 1041 820 Caesare
1070 794 1178 836 opus
1212 787 1336 829 esset,
1370 796 1456 822 sese
1488 780 1543 823 ad
1574 795 1673 822 eum

202 844 231 862 ‘⁶
254 846 488 880 venturum
517 838 669 887 fuisse;
704 838 737 880 si
759 837 867 895 quid
898 837 970 878 ille
1003 853 1045 878 se
1075 837 1196 887 velit,
1230 838 1354 880 illum
1387 839 1441 880 ad
1467 855 1509 881 se
1527 838 1673 881 venire

203 903 232 922 ⁶⁶
256 904 474 954 oportere.
539 896 756 939 Praeterea
774 912 817 938 se
846 911 984 953 neque
1013 895 1100 937 sine
1128 896 1320 938 exercitu
1351 896 1393 940 in
1426 913 1494 940 eas
1527 905 1674 955 partes

203 961 233 981 ‘⁶
259 955 415 997 Galliae
436 954 583 998 venire
602 955 775 1004 audere,
797 970 903 1013 quas
938 954 1080 996 Caesar
1103 955 1366 1012 possideret3
1396 971 1534 1014 neque
1557 971 1674 998 exer-

204 1021 233 1039 “
256 1014 391 1056 citum
422 1014 510 1056 sine
542 1030 699 1072 magno
732 1021 972 1056 commeatu
1005 1021 1137 1070 atque
1166 1014 1440 1057 emolimento
1469 1015 1513 1057 in
1541 1030 1676 1057 unum

204 1080 233 1098 ⁶⁶
256 1073 400 1115 locum
417 1073 668 1115 contrahere
698 1087 845 1130 posse:
879 1071 962 1114 sibi
978 1080 1122 1113 autem
1144 1073 1301 1115 mirum
1331 1073 1482 1123 videri,
1506 1073 1610 1131 quid
1633 1074 1677 1115 in

205 1139 233 1157 ⁶⁶
257 1148 333 1173 sua
368 1131 527 1181 Gallia,
561 1147 691 1189 quarn
724 1131 841 1173 bello
870 1130 1054 1180 vicisset,
1087 1139 1164 1173 aut
1199 1131 1375 1181 Caesari‚
1399 1141 1476 1175 aut
1505 1131 1677 1174 omnino

206 1198 234 1216 ‘⁶
262 1190 434 1248 Populo
457 1190 653 1233 Romano
674 1190 837 1248 negotii
858 1190 1007 1231 esset.'’

263 1250 335 1292 35.
372 1249 452 1291 Η15
484 1249 696 1306 responsis
736 1248 791 1290 ad
833 1248 1047 1290 Caesarem
1091 1247 1254 1295 relatis,
1296 1246 1455 1289 iterum
1490 1247 1545 1289 ad
1581 1264 1679 1290 eum

207 1307 352 1350 Caesar
369 1308 532 1365 legatos
550 1323 647 1349 cum
668 1307 731 1348 his
752 1306 961 1348 mandatis
982 1306 1143 1347 mittit:
1182 1313 1210 1331 ‘⁶'
1232 1306 1446 1354 Quoniam
1464 1313 1586 1348 tanto
1603 1322 1680 1349 suo

207 1373 235 1391 ‘⁶
263 1367 510 1424 Populique
538 1365 723 1407 Romani
754 1364 960 1407 beneficio
992 1364 1200 1412 adfectus,
1235 1378 1372 1420 quum
1394 1363 1438 1406 in
1457 1364 1681 1406 consulatu

208 1432 237 1450 ⁶⁶
261 1441 338 1467 suo
370 1440 446 1466 rex
466 1432 597 1481 atque
628 1423 789 1465 amicus
816 1439 840 1464 a
872 1423 1034 1464 Senatu
1056 1422 1298 1480 adpellatus
1318 1431 1441 1471 esset,
1472 1422 1578 1465 hanc
1599 1423 1682 1465 sibi

208 1490 236 1508 ‘⁶
264 1483 523 1540 Populoque
558 1482 753 1524 Romano
795 1480 980 1539 gratiam
1013 1481 1210 1531 referret,
1245 1489 1294 1522 ut
1323 1480 1366 1523 in
1402 1481 1684 1539 conloquium

209 1549 237 1568 ⁶⁶
259 1541 405 1584 venire
423 1541 628 1584 invitatus
646 1549 919 1597 gravaretur,
941 1555 1080 1597 neque
1091 1540 1143 1581 (le
1163 1540 1376 1582 communi
1395 1555 1441 1582 re
1457 1539 1683 1582 dicendum

209 1608 238 1626 ‘⁶
261 1600 343 1642 sibi
364 1608 408 1642 et
429 1599 771 1656 cognoscendum
791 1607 993 1656 putaret;
1028 1598 1116 1640 haec
1133 1614 1235 1647 esse,
1259 1613 1356 1655 quae
1377 1597 1434 1639 ab
1462 1614 1512 1640 eo
1535 1607 1684 1656 postu-

208 1666 237 1685 ⁶⁶
260 1659 395 1701 laret:
429 1658 635 1715 primum,
669 1673 721 1699 ne
742 1673 872 1715 quam
899 1657 1220 1699 multitudinem
1249 1655 1469 1698 hominum
1498 1657 1685 1723 amplius

209 1725 238 1744 ‘⁶
263 1726 381 1759 trans
411 1716 611 1758 Rhenum
641 1715 683 1758 in
723 1715 912 1757 Galliam
945 1716 1265 1758 transduceret:
1313 1715 1465 1757 deinde
1500 1715 1683 1765 obsides,

209 1785 238 1802 ⁶⁶
263 1791 370 1833 quos
392 1774 571 1817 haberet
591 1774 646 1816 ab
670 1774 837 1824 AEcluis,
857 1774 1053 1816 redderet
1078 1773 1374 1832 Sequanisque
1394 1773 1684 1831 permitteret,

209 1844 238 1862 ‘⁶
264 1842 328 1884 ut,
351 1850 459 1892 quos
488 1833 551 1875 illi
572 1833 795 1882 haberent,
826 1832 1052 1876 voluntate
1073 1832 1164 1891 ejus
1194 1833 1369 1875 reddere
1399 1832 1484 1874 illis
1506 1832 1682 1883 liceret;

259 1978 404 2019 Legyalom
449 1976 502 2007 Al.
523 1977 678 2017 loqueum.
724 1974 795 2006 Alii
811 1973 913 2005 omit-

209 2026 281 2053 tunt
307 2022 371 2052 hoc
394 2020 553 2051 verbum:
589 2025 622 2050 et
651 2024 762 2061 potest
788 2018 913 2050 omitti.

210 2067 260 2097 M.
274 2070 308 2095 ut
323 2065 362 2096 C.
377 2070 408 2103 e,
425 2068 479 2097 20,
497 2066 549 2094 37.

257 2111 397 2140 Diceret.
456 2107 526 2138 Alii
556 2108 718 2147 deliqeret.
753 2116 827 2148 quae
863 2112 914 2138 est

212 2151 456 2193 interpretatio.
495 2152 544 2183 M.
582 2150 634 2182 Cf.
651 2151 752 2182 Gron.
774 2152 815 2183 ad
838 2150 914 2182 Liv.

979 1980 1061 2006 tum.
1100 1974 1140 2005 Et
1159 1975 1245 2006 hanc
1261 1975 1459 2006 sententiam
1477 1975 1599 2018 probo.
1635 1975 1686 2008 De

980 2018 1034 2049 his
1057 2018 1158 2050 etiam
1184 2019 1331 2050 editores
1355 2019 1479 2050 Velloii
1505 2020 1577 2051 Pat.
1591 2020 1633 2051 ad
1657 2023 1685 2058 1,

983 2064 1034 2096 17,
1060 2069 1093 2093 et
1118 2063 1311 2103 nuperrime
1338 2063 1559 2095 Ruhnkenius
1580 2065 1622 2095 ad
1654 2068 1686 2103 2,

982 2108 1035 2140 78.
1066 2107 1216 2149 ejusdem
1246 2107 1434 2148 scriptoris,
1464 2108 1686 2149 disputarunt.

980 2151 1147 2191 Exempla
1171 2151 1279 2185 verbi,
1304 2152 1367 2182 hoc
1394 2152 1496 2182 modo
1520 2152 1685 2193 usurpati.

210 2200 264 2235 25,
286 2199 335 2227 16.

257 2242 484 2276 Emolo'nwnw,
528 2237 657 2275 laboro,
694 2249 811 2280 opera.
871 2238 916 2269 Ut

211 2284 303 2316 enim
327 2286 480 2321 enitiest,
495 2282 630 2313 nitendo
656 2283 830 2322 pervenire
853 2283 917 2313 ali-

211 2339 292 2372 quo,
309 2329 362 2359 vel
378 2327 509 2358 efficere
523 2325 653 2366 aliquid
667 2338 675 2365 3
700 2328 789 2357 visus
803 2332 915 2357 autem

213 2373 364 2406 laborem
380 2377 412 2401 et
429 2381 568 2411 operam
586 2370 749 2409 significat
764 2382 770 2399 :
795 2370 842 2401 510
868 2375 917 2400 est

211 2418 348 2451 emoliri.
372 2414 546 2446 molier-do
565 2414 781 2454 conandoque
800 2425 918 2454 perve-

213 2462 284 2493 nire
299 2459 429 2500 aliquo,
453 2459 585 2489 efficere
601 2456 741 2498 aliquid.
764 2462 797 2487 et
810 2459 919 2489 emoli-

212 2510 362 2538 nterim-m
401 2503 475 2544 ipse
510 2502 618 2533 labor.
671 2500 815 2538 Quidam
853 2501 918 2540 logi

214 2549 404 2581 maluerunt
416 2548 611 2581 molimento,
622 2546 711 2586 quod
726 2555 791 2576 11011
807 2544 920 2575 differ-

214 2600 263 2624 ret
276 2592 319 2623 ab
334 2591 394 2622 illo
407 2591 527 2627 altero,
538 2591 749 2621 emolimento.
773 2589 807 2619 111
822 2590 920 2620 codd.

215 2643 328 2667 autem
355 2636 389 2666 11.
407 2635 430 2665 l.
456 2640 644 2665 constanter
660 2633 782 2673 legitur
796 2634 919 2663 emolu-

215 2686 333 2711 mento.
358 2680 404 2709 Ac
420 2684 534 2719 putant
545 2677 696 2719 plerique
710 2677 921 2717 interpretes,

216 2725 470 2755 emotionem-timi,
507 2728 540 2753 et
576 2722 816 2753 emolumentum
853 2730 920 2751 non

218 2766 325 2807 magis
340 2766 485 2804 differre,
508 2776 607 2806 quam
628 2769 874 2796 monumentum
889 2769 922 2795 et

217 2814 464 2843 monimentum.
497 2816 529 2840 et
560 2819 636 2840 011111
665 2807 922 2839 emolimentum

220 2854 330 2895 primo
341 2853 506 2892 significet
519 2853 731 2884 molitionem
740 2857 923 2893 0151150οΡ-

220 2897 361 2928 tionem.
374 2896 560 2938 significare
571 2897 690 2927 deinde.
704 2895 807 2927 etiam
822 2895 924 2927 effec-

219 2947 291 2973 tum
308 2940 509 2980 molitionis,
523 2942 712 2983 profectum
721 2945 820 2982 atque
836 2939 923 2972 fruc-

975 2195 1045 2236 jam
1072 2195 1237 2226 Gesnerus
1264 2195 1295 2225 in
1325 2195 1431 2226 Thes.
1461 2195 1534 2227 Lat.
1563 2195 1686 2234 Lingu.

982 2239 1161 2277 diligenter
1186 2239 1349 2276 tractavit,
1371 2239 1429 2269 sed
1446 2239 1504 2273 ita.
1521 2244 1557 2270 ut
1583 2240 1686 2271 vellet

980 2284 1222 2315 emolamentum
1239 2282 1353 2320 scribi,
1370 2282 1426 2313 ubi
1441 2288 1528 2314 esset
1541 2283 1688 2321 molitio,

981 2337 1023 2357 ne.
1047 2337 1124 2357 cum
1139 2328 1364 2361 emolimwnto,
1381 2326 1414 2357 11.
1431 2338 1462 2357 e.
1477 2327 1583 2357 fructu
1606 2337 1687 2359 con-

983 2370 1162 2401 fuderetur.
1188 2372 1236 2401 M.
1254 2371 1311 2401 Gr.
1328 2370 1386 2401 int.
1405 2370 1511 2401 reddit
1523 2371 1686 2411 ἀσχολίαν.

987 2416 1172 2446 Molimento
1198 2419 1273 2454 post
1296 2413 1456 2445 Ciaccon.
1487 2414 1591 2446 Faern.
1618 2416 1689 2446 110-

985 2464 1068 2489 tom.
1092 2458 1226 2500 praefert
1247 2458 1423 2489 cellarius.
1469 2458 1503 2489 Id
1525 2459 1684 2490 usitatum

986 2502 1084 2533 Livio
1101 2506 1133 2539 5,
1149 2506 1202 2533 ⁴2¹2.
1227 2503 1280 2539 37,
1299 2503 1349 2531 14.
1372 2509 1405 2532 et
1428 2501 1572 2533 Sisennae
1595 2503 1688 2544 apud

988 2545 1133 2576 Nonium
1147 2550 1178 2579 ⁶2.
1195 2547 1269 2577 564.
1300 2546 1334 2576 ln
1349 2545 1426 2576 loco
1443 2553 1556 2577 nostro
1571 2547 1691 2578 ultima

987 2589 1113 2621 vocalis
1143 2589 1237 2620 vocis
1270 2590 1487 2630 praecodentis
1512 2595 1610 2632 arque
1639 2600 1690 2620 se-

985 2634 1100 2674 quenti
1123 2633 1303 2664 adhaesisse
1328 2633 1457 2665 videtur
1483 2633 1690 2665 J011.Mich.

988 2678 1103 2711 Bruto„
1117 2688 1217 2718 quem
1241 2688 1304 2708 acu
1329 2687 1398 2708 rem
1412 2677 1561 2719 tetigisse
1577 2677 1689 2708 credo.

988 2722 1054 2752 Pro
1063 2723 1276 2753 emolumento
1288 2726 1413 2763 pugnat
1424 2721 1596 2753 Victorius
1610 2721 1689 2752 Var.

988 2764 1079 2795 Lect.
1096 2769 1150 2799 22,
1170 2767 1219 2796 10.

1022 2810 1090 2840 Sibi
1101 2811 1225 2841 mirum
1234 2810 1346 2840 rideri.
1370 2808 1424 2841 Cf.
1433 2808 1522 2841 Flor.
1533 2810 1564 2847 3,
1578 2810 1628 2846 10,
1639 2809 1650 2838 1
1661 2809 1671 2838 1
1682 2831 1690 2839 .

1035 2854 1168 2885 Relatis.
1213 2852 1267 2884 Sic
1290 2854 1346 2884 Gr.
1363 2853 1538 2895 interpres,
1565 2851 1690 2884 Contra

988 2897 1085 2927 codd.
1102 2902 1135 2928 et
1151 2902 1217 2928 vet.
1242 2898 1331 2928 male
1356 2898 1481 2931 habent
1499 2898 1613 2940 legatis
1636 2897 1691 2929 vel

986 2942 1111 2983 leqaeis,
1127 2942 1347 2975 redeuntibus.
