1946 3261
683 203 828 251 LIB.·
866 205 1004 249 CAP.
1044 202 1204 257 16‚317.
1320 263 1326 265 Δ
1398 251 1400 253 .
1589 201 1677 246 433

184 324 331 370 animo.
346 334 422 372 est
450 326 738 383 decertatum,
772 339 824 375 ut
855 347 996 390 neque
1028 327 1570 386 maritumis-nauticisque
1594 327 1680 372 sol-

185 384 313 428 lertia
349 396 482 446 atque
519 406 589 433 ars
628 390 886 450 praesidiumr
908 391 1065 438 ferret;
1108 405 1249 446 neque
1281 404 1462 437 numero
1503 386 1680 430 navium

184 447 490 502 praestantibus
510 450 750 494 multitudo
771 449 1008 509 prodesset,
1038 463 1179 505 neque
1200 448 1299 495 flexi
1319 447 1375 491 ad
1397 447 1608 501 virtutem
1627 461 1681 488 ex

187 512 309 547 tanta
340 507 619 550 multitudine
655 509 737 551 viri
775 509 931 552 virtuti
961 516 1208 551 nostrorum
1240 516 1414 564 possent
1444 505 1679 563 adaequari.

188 561 378 620 Capitur
399 564 480 607 hoc
503 567 661 624 proelio
682 568 1004 625 quinqueremis
1032 582 1119 609 una
1145 574 1190 608 et
1211 565 1386 608 biremis
1411 581 1511 607 cum
1531 564 1680 607 defen-

184 621 352 666 soribus
371 624 695 683 remigibusque
713 636 758 669 et
775 627 1084 686 deprimuntur
1102 635 1205 674 tres,
1220 623 1376 666 nostris
1393 623 1682 676 incolumibus

184 681 402 724 omnibus:
436 683 618 740 reliquae
648 685 941 744 propinquam
975 687 1126 745 fugam
1156 683 1212 726 ad
1235 681 1449 741 oppidum
1480 683 1680 740 capiunt,

184 753 290 795 quas
312 749 602 798 protexerunt
632 759 686 786 ex
707 745 894 787 molibus
919 754 1052 802 atque
1074 742 1262 787 aedificiis
1284 740 1610 790 inminentibus,
1635 749 1682 782 et

182 805 351 842 nostros
372 798 494 842 adire
516 802 699 867 propius
722 803 1058 860 prohibuerunt..

246 856 311 899 17.
349 857 448 901 Hoc
469 875 521 902 ne
542 860 623 902 sib1
643 862 798 919 saepius
819 862 1013 904 accidere
1036 870 1195 920 posset,
1215 860 1330 904 omni
1352 857 1518 901 ratione
1539 857 1683 901 Caesar

180 917 530 960 contendendum
552 919 829 969 existimavit,
855 930 904 963 ut
927 920 1108 962 insulam
1129 920 1393 976 molemque,
1420 916 1476 959 ad
1499 916 1685 960 insulam

181 975 489 1031 pertinentem,
522 976 567 1019 in
594 993 716 1020 suam
754 978 976 1037 redigeret
1006 986 1290 1035 potestatem:
1326 976 1534 1033 perfectis
1568 975 1683 1018 enim

180 1047 335 1092 magna
367 1050 422 1077 ex
449 1044 577 1093 parte
599 1036 908 1080 munitionibus
942 1037 985 1078 in
1007 1035 1189 1095 oppido,
1222 1044 1267 1078 et
1298 1033 1418 1076 illam
1446 1045 1492 1077 et
1528 1035 1685 1077 urbem

180 1106 270 1135 uno
290 1102 490 1152 tempore
524 1096 683 1138 tentari
715 1111 836 1153 posse
869 1094 1130 1138 confidebat.
1198 1094 1298 1143 Quo
1332 1102 1461 1151 capto
1489 1093 1685 1143 consilio,

183 1149 382 1195 cohortes
412 1152 561 1196 decem
595 1163 639 1196 et
672 1154 777 1197 levis
809 1164 1040 1197 armaturae
1065 1154 1242 1203 electos,
1275 1168 1384 1211 quos
1416 1151 1595 1195 idoneos
1629 1169 1685 1195 ex

183 1210 406 1267 equitibus
431 1213 571 1256 Gallis
599 1213 920 1263 arbitrabatur,
954 1214 996 1256 in
1026 1213 1199 1271 navigia
1230 1213 1397 1255 minora
1417 1210 1685 1269 scaphasque

184 1267 375 1327 inponit:
408 1270 508 1314 inde
530 1272 714 1315 alteram
736 1273 885 1316 insulae
907 1282 1077 1331 partem
1098 1271 1350 1315 distinendae
1370 1285 1518 1313 manus
1539 1285 1686 1312 caussa

185 1329 413 1373 constratis
436 1331 618 1374 navibus
638 1331 910 1384 adgreditur,
943 1332 1128 1389 praemiis
1149 1331 1314 1389 magnis
1337 1328 1586 1387 propositis,
1608 1328 1686 1386 qui

187 1387 356 1445 primus
397 1389 581 1432 insulam
622 1391 818 1448 cepisset.
903 1393 967 1433 Ac
1009 1390 1150 1448 primo
1194 1390 1390 1447 inpetum
1434 1397 1686 1430 nostrorum

188 1446 354 1504 pariter
375 1448 693 1492 sustinuerunt:
729 1466 814 1492 uno
837 1450 947 1492 enim
971 1457 1170 1506 tempore
1193 1457 1237 1491 et
1265 1463 1318 1490 ex
1341 1446 1466 1489 tectis
1487 1446 1686 1489 aedificio-

186 1520 285 1548 rum
304 1508 642 1566 propugnabant
662 1517 706 1551 et
724 1509 854 1551 litora
872 1508 1027 1550 armati
1043 1507 1357 1552 defendebanu
1391 1521 1481 1562 quo
1499 1513 1686 1563 propter

188 1565 467 1623 asperitatem
490 1566 575 1609 loci
597 1583 683 1610 non
704 1567 838 1609 facilis
860 1568 1016 1610 nostris
1035 1566 1180 1608 aditus
1201 1565 1418 1612 dabatur;
1451 1574 1495 1606 et
1516 1563 1687 1622 scaphis

188 1623 457 1682 navibusque
480 1625 618 1684 longis
640 1627 833 1683 quinque
854 1626 1074 1669 mobiliter
1094 1634 1138 1667 et
1159 1625 1341 1667 scienter
1364 1623 1584 1681 angustias
1605 1623 1688 1665 loci

190 1683 444 1726 tuebantur.
511 1685 599 1726 Sed
622 1686 711 1735 ubi,
736 1686 925 1743 primum
947 1684 1050 1726 locis
1074 1684 1258 1742 cognitis
1281 1681 1490 1739 vadisque
1514 1690 1687 1739 perten-

188 1741 306 1791 tatis,
341 1743 468 1800 pauci
499 1744 635 1787 nostri
666 1745 707 1787 in
730 1744 858 1787 litore
891 1744 1179 1786 constiterunt
1212 1751 1345 1800 atque
1379 1739 1456 1783 hos
1492 1749 1593 1783 sunt
1614 1739 1689 1782 alii

187 1800 420 1852 subsecuti,
442 1812 776 1862 constanterque
798 1804 840 1846 in
859 1820 946 1852 eos,
969 1802 1045 1860 qui
1067 1802 1108 1844 in
1127 1802 1255 1845 litore
1275 1815 1401 1857 ¹(equo
1423 1799 1688 1849 institerant,

187 1858 386 1918 inpetum
425 1862 645 1912 fecerunt;
696 1878 839 1906 omnes
879 1861 1069 1905 Pharitae
1111 1870 1236 1919 terga
1278 1867 1522 1903 verterunt.
1605 1858 1687 1901 His

241 2031 440 2064 ,Marimmv‘s
453 2035 671 2073 nauticis-que.
711 2031 904 2073 Conf.cap.
973 2036 1051 2062 lem.
1100 2030 1277 2071 Descripta
1309 2035 1359 2059 est
1390 2028 1496 2059 moles
1525 2024 1565 2058 B.
1589 2026 1629 2058 C.
1654 2030 1686 2066 3,

131 2062 139 2065 s
197 2075 248 2106 12.
275 2075 324 2106 M.

242 2120 342 2151 Fleoer:
371 2120 418 2150 acl
442 2122 611 2152 virtutem.
669 2119 826 2151 Davisius
856 2120 906 2151 in·

194 2163 335 2204 geniose
352 2163 510 2205 conjecit,
525 2164 704 2205 legendum
716 2175 802 2202 csse,
815 2166 906 2195 electi

196 2207 243 2238 ad
276 2209 442 2246 virtutem,
475 2208 545 2239 i.e.
571 2213 707 2248 propter
736 2207 904 2243 virtutem,

195 2249 326 2282 ratione
348 2251 496 2290 virtutis,
521 2252 556 2285 εἷς
580 2252 694 2295 ἀξετήν.
743 2251 907 2283 Probavit

195 2295 424 2337 conjecturam
447 2295 605 2328 Clarkius
631 2301 663 2326 et
686 2296 725 2326 B.
743 2296 781 2327 C.
802 2297 833 2333 3,
850 2297 904 2326 81.

195 2341 418 2383 comparavit,
457 2342 548 2372 electi
583 2340 629 2371 ad
664 2342 904 2381 mimia-itatem.

198 2383 248 2414 M.
302 2384 348 2414 To
373 2385 468 2415 eles-li
488 2383 559 2426 jam
584 2384 720 2414 volebat
741 2383 902 2414 ciaccon.

197 2426 305 2458 Codd.
320 2427 516 2470 variiflecti,
531 2429 616 2459 unde
629 2428 827 2470 conjectura
841 2428 902 2458 ista

197 2470 334 2513 egregie
350 2471 509 2503 firmatur.
557 2472 713 2503 Cetei-um
729 2472 821 2513 fleri,
840 2472 904 2502 bo-

197 2525 277 2547 num
305 2525 438 2546 sensum
459 2516 530 2553 dat,
554 2517 620 2548 i.e.
639 2516 768 2547 inducti
784 2522 902 2547 contra

196 2566 330 2591 suetum
345 2570 486 2591 morem.
646 2562 648 2564 ’

240 2604 470 2636 Multitudine.
528 2603 557 2634 E
593 2605 692 2636 codd.
723 2610 799 2645 post
835 2604 900 2635 hoc

195 2648 336 2679 verbum
364 2648 552 2679 addendum
582 2656 633 2680 est
663 2650 818 2680 hostium.
851 2649 901 2679 Μ.

195 2692 232 2723 Id
248 2691 358 2723 visum
377 2691 518 2723 Davisio
533 2697 565 2722 et
581 2692 730 2724 Clarkio.
775 2692 902 2723 Contra

195 2742 311 2768 natum
324 2748 343 2768 e
357 2736 469 2778 glossa
484 2735 597 2768 statuit
612 2737 702 2768 Oud.

245 2782 328 2812 Uri.
365 2781 440 2812 Non
457 2786 583 2812 certum
597 2787 645 2814 est
662 2781 727 2812 hoc
742 2779 899 2819 verbum,

194 2823 222 2856 si
251 2825 352 2856 codd.
376 2830 580 2866 spectentur,
611 2834 643 2857 et
670 2829 779 2866 potest
805 2835 899 2855 com-

190 2871 294 2909 mode
308 2869 443 2901 abesse.
465 2871 518 2901 M.

236 2914 441 2955 Mole‘mque,
473 2913 518 2946 ad
550 2912 698 2945 insulam
727 2915 899 2955 pertinen-

977 2076 1048 2106 11¹2.
1075 2075 1124 2105 ΕΙ.

1022 2120 1063 2150 In
1082 2119 1213 2160 oppida,
1228 2123 1259 2148 et
1275 2118 1369 2148 Illam
1384 2121 1414 2148 er
1429 2118 1558 2149 urbem.
1599 2116 1682 2148 Haec

975 2170 1153 2203 tantopere
1174 2161 1342 2192 variantur
1367 2161 1400 2192 in
1420 2160 1518 2192 libris
1535 2160 1684 2202 scriptis,

975 2214 1009 2237 ut
1026 2208 1067 2237 de
1083 2217 1159 2237 vera
1177 2205 1326 2238 lectione
1347 2212 1499 2236 constare
1522 2213 1684 2245 nequeat:

974 2261 1082 2292 neque
1100 2250 1171 2281 ulla
1195 2249 1298 2280 unius
1321 2249 1452 2280 codicis
1474 2247 1580 2280 lectio
1609 2259 1684 2280 sen-

973 2306 1047 2326 sum
1070 2295 1299 2338 conunodunr
1315 2292 1431 2324 habet.
1477 2293 1565 2324 Nolo
1583 2292 1685 2334 igitur

973 2339 1216 2380 explicationes
1253 2343 1286 2368 et
1325 2337 1576 2368 emendationes
1613 2337 1684 2367 lec-

974 2382 1078 2414 tionis
1102 2383 1238 2414 incertae
1262 2387 1402 2412 tentare.
1429 2382 1478 2412 M.
1525 2381 1681 2413 ,lui-injus

973 2437 1035 2468 pro
1052 2428 1147 2459 illam
1165 2426 1238 2467 'legi
1263 2425 1363 2466 jubet
1389 2427 1536 2457 insvla‘m
1563 2431 1595 2455 et
1621 2435 1681 2466 pro

971 2475 1098 2503 tentari
1114 2471 1183 2503 vult
1199 2471 1314 2507 tutari,
1331 2469 1390 2501 ubi
1408 2468 1680 2500 subaudiendum

970 2526 1016 2547 se.
1063 2514 1157 2553 Quid
1175 2514 1201 2546 si
1219 2515 1312 2555 legas
1327 2515 1424 2545 illam
1440 2513 1515 2544 scil.
1535 2513 1680 2544 insulam

968 2564 999 2591 et
1017 2561 1131 2591 molem
1143 2561 1157 2590 ‚³

1017 2604 1104 2636 Inde
1121 2606 1282 2635 alteram.
1329 2603 1391 2641 An,
1415 2604 1482 2643 ipse
1507 2601 1679 2633 alteram?

969 2647 1053 2679 lnud
1077 2648 1154 2680 imle
1177 2652 1229 2678 est
1254 2646 1288 2677 in
1312 2657 1380 2677 uno
1405 2645 1540 2683 codice3
1572 2645 1678 2676 ceteri

969 2703 1086 2723 omnes
1109 2691 1236 2722 habent
1257 2691 1311 2721 vel
1329 2692 1376 2728 in,
1401 2690 1454 2720 vel
1476 2700 1594 2730 neque,
1623 2690 1677 2721 vel

965 2738 1078 2779 inque.
1105 2736 1154 2766 ῘΙΙ.

1016 2782 1196 2812 Constratis
1218 2779 1372 2810 naz-ibus
1410 2776 1471 2807 alii
1493 2787 1570 2809 cum
1591 2787 1620 2809 c.
1637 2788 1675 2810 n.

966 2823 1050 2856 Mox
1065 2823 1202 2865 quidam
1222 2823 1261 2853 Ac
1275 2825 1399 2862 primo.
1422 2820 1535 2851 minus
1555 2820 1654 2854 bene.

1012 2870 1222 2900 Pertentatis.
1260 2866 1346 2896 Edd.
1360 2865 1517 2906 quaedam
1529 2866 1676 2907 praeten-

965 2916 1052 2944 ratis.
1069 2916 1170 2949 recte,
1187 2911 1214 2943 si
1230 2910 1332 2942 codd.
1347 2909 1555 2942 addicerent.
1672 2918 1675 2923 ·

1424 2957 1442 2984 *2
1469 2953 1493 2983 F
