1946 3261
599 162 715 208 LIB.
749 162 831 208 IV.
895 163 1034 208 CAP.
1073 163 1255 208 11-13,
1613 159 1670 201 85

186 287 412 333 suetudine
444 306 521 334 sua
553 292 608 335 ad
630 292 760 350 pedes
781 291 1066 340 desiluerunt,
1098 290 1386 348 subfossisque
1407 287 1528 347 equis
1555 301 1670 330 com-

189 348 473 407 pluribusque
507 351 663 394 nostris
697 351 886 410 dejectis,
919 349 1108 406 reliquos
1143 351 1186 392 in
1220 349 1368 407 fugam
1391 347 1670 405 conjecerunt

186 416 318 465 atque
340 408 401 451 ita
431 410 686 468 perterritos
715 418 916 468 egerunt,
948 417 998 450 ut
1026 424 1111 450 non
1133 408 1253 466 prius
1270 411 1375 466 fuga
1395 407 1666 456 desisterent,

186 482 316 523 quam
336 467 378 510 in
400 477 679 526 conspectum
709 468 890 527 agminis
909 467 1047 516 nostri
1068 467 1295 509 venissent.
1359 466 1411 509 In
1432 482 1484 509 eo
1512 464 1671 524 proelio

184 541 237 567 ex
258 526 477 582 equitibus
509 527 664 569 nostris
694 526 1012 570 interficiuntur
1033 534 1222 583 quatuor
1244 533 1287 566 et
1308 525 1602 584 septuaginta,
1625 524 1671 567 in

185 582 248 625 his
270 584 337 625 vir
359 584 626 634 fortissimus,
648 585 760 635 Piso,
785 586 1047 643 Aquitanus‚
1070 583 1329 641 amplissimo
1350 598 1504 640 genere
1525 592 1670 632 natus,

183 642 304 700 cujus
321 658 427 685 avus
442 643 485 685 in
502 644 678 686 civitate
696 661 768 686 sua
782 661 962 703 regnum
975 643 1242 692 obtinuerat,
1259 641 1418 684 amicus
1432 642 1488 684 ab
1505 643 1671 685 Senatu

183 708 332 743 nostro
352 700 612 769 adpellatus.
679 703 764 745 Hic
799 719 934 760 quum
968 702 1096 745 fratri
1128 700 1362 744 intercluso
1394 701 1452 743 ab
1476 699 1673 744 hostibus

184 759 392 803 auxilium
409 763 561 810 terret,
579 761 701 804 illum
718 778 770 805 ex
789 762 982 821 periculo
997 760 1178 820 eripuit:
1206 760 1299 819 ipso
1315 775 1428 817 equo
1441 758 1674 802 vulnerato

183 817 393 877 dejectus,
431 820 577 877 quoad
614 821 775 879 potuit,
813 821 1042 864 fortissime
1073 819 1249 862 restitit.
1314 818 1461 868 Quum
1493 818 1671 860 circum-

183 886 354 927 ventus,
377 879 524 922 multis
545 879 795 924 vulneribus
815 880 1018 938 acceptis,
1048 878 1280 925 cecidisset,
1300 886 1435 934 atque
1456 877 1499 919 id
1521 877 1674 927 frater,

183 936 259 994 qui
276 937 365 995 jam
422 938 546 981 roelio
562 949 812 989 excesserat,
831 939 982 998 procul
1000 939 1190 981 animum
1206 936 1481 986 advertisset,
1495 935 1676 979 incitato

183 1011 296 1053 equo
317 1013 361 1039 se
413 998 576 1040 ostibus
597 999 761 1041 obtulit
781 1008 913 1055 atque
935 998 1188 1041 interfectus
1208 1006 1286 1039 est.

244 1056 313 1098 13.
352 1055 450 1099 Hoc
471 1057 586 1100 facto
642 1058 782 1107 roelio,
815 1057 959 1100 Caesar
977 1073 1118 1115 neque
1148 1056 1236 1113 jam
1258 1054 1338 1098 sibi
1362 1054 1530 1113 legatos
1554 1051 1675 1095 audi-

183 1114 330 1164 endos,
354 1131 494 1174 neque
516 1074 782 1159 conditiones
804 1117 1068 1175 accipiendas
1090 1115 1395 1158 arbitrabatur
1416 1113 1472 1156 ab
1496 1111 1576 1161 his,
1600 1111 1678 1170 qui

186 1189 264 1232 per
292 1174 442 1217 dolum
471 1185 605 1234 atque
639 1176 825 1225 insidias,
856 1176 992 1234 petita
1023 1191 1144 1234 pace,
1179 1174 1300 1217 ultro
1322 1172 1488 1215 bellum
1511 1171 1681 1214 intulis-

185 1242 303 1276 sent:
337 1244 586 1292 exspectare
610 1251 731 1284 vero,
765 1235 868 1278 dum
890 1234 1079 1278 hostium
1102 1233 1238 1291 copiae
1268 1240 1538 1291 augerentur
1559 1230 1682 1288 equi-

185 1300 391 1350 tatusque
430 1303 742 1343 reverteretur,
776 1310 952 1337 summae
981 1294 1208 1336 dementiae
1240 1307 1329 1334 esse
1361 1289 1587 1348 judicabat
1618 1297 1681 1339 et,

186 1351 361 1409 cognita
383 1351 615 1395 Gallorum
649 1352 914 1401 infirmitate,
948 1361 1163 1409 quantum
1193 1350 1281 1408 jam
1307 1349 1425 1406 apud
1446 1364 1517 1391 eos
1538 1347 1683 1391 hostes

189 1425 274 1452 uno
310 1410 467 1468 proelio
499 1411 772 1453 auctoritatis
804 1420 941 1454 essent
973 1409 1209 1457 consecuti,
1247 1407 1485 1450 sentiebat:
1520 1406 1684 1473 quibus

186 1468 242 1511 ad
257 1469 432 1511 consilia
449 1469 655 1528 capienda
675 1469 778 1512 nihil
796 1470 923 1528 spatii
936 1469 1127 1511 dandum
1140 1465 1429 1510 existimabat.
1481 1464 1565 1508 His
1582 1481 1683 1509 con-

186 1528 351 1571 stitutis
380 1528 510 1570 rebus
531 1538 575 1571 et
597 1529 774 1571 consilio
803 1544 901 1570 cum
931 1527 1106 1585 Legatis
1126 1535 1169 1568 et
1195 1525 1424 1574 Quaestore
1445 1525 1685 1567 communi-

187 1595 301 1635 cato,
335 1602 386 1629 ne
417 1603 547 1644 quem
581 1586 694 1628 diem
718 1602 876 1644 pugnae
907 1585 1282 1652 praetermitteret,
1312 1583 1686 1641 opportunissima.

187 1661 254 1689 res
283 1644 455 1695 accidit,
496 1645 614 1704 quod
649 1646 856 1703 postridie
879 1661 970 1702 ejus
990 1643 1074 1687 diei
1106 1658 1228 1686 mane
1247 1641 1394 1684 eadem
1429 1649 1474 1683 et
1504 1641 1687 1699 perfidia.

187 1713 232 1748 et
254 1704 529 1748 simulatione
553 1705 616 1747 usi
642 1705 867 1753 Germani,
899 1704 1164 1761 frequentes,
1193 1700 1393 1745 omnibus
1414 1699 1688 1759 principibus

188 1764 427 1822 majoribus
462 1780 515 1806 ue
556 1773 662 1807 natu
697 1763 918 1813 adhibitis,
956 1763 1009 1805 ad
1047 1778 1146 1804 eum
1188 1761 1230 1804 in
1266 1769 1407 1803 castra
1447 1768 1686 1809 venerunt;

187 1823 332 1872 simul,
357 1832 406 1865 ut
461 1823 673 1872 icebatur,
696 1825 761 1865 sui
785 1822 1002 1881 purgandi
1023 1837 1185 1870 caussa,
1208 1819 1328 1878 quod
1350 1827 1519 1868 contra,
1551 1828 1688 1878 atque

188 1898 276 1925 esse
298 1882 465 1926 dictum
498 1892 542 1925 et
577 1883 655 1940 ipsi
691 1882 913 1941 petissent,
948 1880 1151 1939 proelium
1176 1878 1317 1938 pridie
1347 1877 1684 1928 commisissent.;

191 1941 319 1985 simul
354 1950 420 1990 ut,
458 1941 492 1985 si
525 1942 632 1999 quid
656 1951 844 2000 possent,
878 1941 930 1984 de
960 1939 1142 1982 induciis
1175 1937 1366 1982 fallendo
1396 1937 1685 1995 inpetrarent.

193 2000 314 2051 Quos
344 2000 427 2044 sibi
467 2000 612 2044 Caesar
643 2001 814 2045 oblatos
845 2000 1034 2060 gavisuS,
1069 1998 1166 2042 illos
1200 1996 1377 2041 retineri
1405 1995 1561 2055 jussit3
1592 1997 1685 2055 ipse

237 2148 397 2190 Subfosst's
419 2150 522 2191 equis.
547 2157 613 2179 non
641 2146 720 2186 suis,
751 2148 808 2180 sed
834 2148 904 2179 Ro-

188 2203 376 2225 manorum.

238 2238 282 2270 In
309 2243 527 2281 conspectum.
574 2236 680 2268 Codd.
706 2235 843 2277 quidam
867 2237 903 2267 in

189 2288 370 2324 oonvpectu.
393 2283 483 2325 quod
501 2282 611 2323 placet
626 2279 777 2312 Clarkio.

239 2328 391 2361 Quatuor
405 2333 434 2359 et
447 2328 667 2368 spptuayinta.
713 2323 844 2364 Celsus,
868 2334 901 2365 p.

193 2371 247 2402 ¹16.
269 2369 496 2403 CCCCLXX.

239 2415 294 2446 Ex
303 2417 461 2455 peric-ulo.
484 2415 576 2447 Solet
589 2413 637 2446 sic
648 2412 771 2444 Caesar.
790 2412 902 2455 Vulgo

190 2457 357 2490 omittitur
372 2459 577 2501 praepositio.

241 2503 453 2543 Infirmitate.
466 2502 667 2535 mobilitate.
693 2501 745 2533 Cf.
763 2513 793 2534 c.
805 2506 835 2534 5.
852 2502 903 2532 M.

240 2547 339 2587 Apud
359 2558 410 2579 eos
438 2547 584 2587 (Gallos)
607 2549 709 2579 hostes
731 2545 904 2585 (Caesaris,

191 2591 216 2623 i.
231 2602 262 2623 e.
279 2590 466 2631 Germani).
492 2593 541 2624 M.

239 2636 519 2668 Praetermiueret.
542 2634 603 2667 alii
618 2636 855 2668 intermitteret.

241 2681 392 2713 Gavims.
439 2679 526 2712 Satis
537 2685 628 2711 certa
644 2684 693 2710 est
710 2678 780 2710 herc
796 2677 900 2710 lectio

191 2730 330 2769 propter
344 2724 514 2766 metaphr.
528 2724 583 2755 Gr.
599 2723 630 2754 in
643 2733 709 2764 qua
723 2729 774 2753 est
788 2722 898 2761 ᾖσθεὶς,

191 2771 268 2803 etsi.
279 2769 371 2809 quod
386 2768 508 2800 mirum
520 2774 583 2806 est,
594 2777 712 2799 omnes
720 2766 789 2798 Fere
802 2765 899 2798 MSS.

188 2812 327 2857 yram-ius
341 2812 516 2844 exhibent.
539 2813 590 2844 M.

238 2859 382 2892 Retinere*
400 2859 510 2899 jussit.
556 2855 728 2888 Plutarch.
753 2854 785 2886 in
812 2853 897 2887 Caes.

190 2914 223 2935 c.
253 2908 306 2936 92.
330 2902 451 2943 repetit
478 2900 616 2943 quidem
644 2910 687 2932 ex
710 2898 777 2931 ho‘e
805 2899 896 2938 loco,

972 2147 1218 2179 Germanorum
1233 2145 1390 2184 narravit,
1413 2145 1425 2175 ὅ
1443 2146 1559 2189 Καῖσαρ
1576 2145 1601 2175 ἐν
1617 2147 1685 2180 ταῖς

973 2192 1114 2236 Mna-reim
1141 2191 1347 2235 γίγςαφεν-
1362 2190 1418 2222 sed
1443 2189 1550 2227 addit,
1575 2188 1687 2221 Canu-

972 2235 1059 2267 sium
1085 2235 1277 2273 tradidisse,
1304 2235 1364 2266 has
1386 2245 1437 2266 res
1452 2232 1574 2265 Catoni
1595 2235 1683 2266 adeo

969 2279 1074 2312 fuisse
1099 2279 1308 2321 inprobatas,
1331 2286 1367 2310 ut
1384 2278 1564 2316 Caesarem,
1589 2288 1684 2311 reum

972 2323 1268 2368 παρασπονδήματος,
1301 2322 1457 2355 hostibus
1491 2322 1682 2353 dedendum

971 2375 1134 2400 censeret.
1172 2368 1225 2399 Cf.
1243 2369 1379 2400 Sueton.
1395 2367 1464 2398 Jul.
1478 2377 1509 2398 c.
1525 2368 1579 2397 24.
1604 2367 1681 2398 Hoc

973 2411 1210 2457 voegoeaeaeianfaea
1221 2412 1254 2444 in
1267 2423 1309 2444 eo
1320 2412 1450 2443 videtur
1462 2411 1495 2442 fu
1503 2410 1579 2447 isse,
1589 2411 1681 2451 quod

971 2457 1108 2497 interea,
1124 2458 1202 2489 dum
1218 2456 1318 2499 legati
1335 2456 1424 2497 apud
1440 2466 1515 2486 eum
1535 2455 1681 2490 fuerunt.

970 2501 1084 2533 hostes
1093 2503 1269 2541 adgressus
1281 2506 1348 2532 est:
1373 2498 1558 2542 praesertim
1570 2497 1597 2530 si
1612 2497 1679 2529 Dio

970 2545 1109 2578 Cassius
1140 2547 1193 2586 39,
1223 2547 1277 2583 47,
1307 2547 1361 2576 48.
1390 2543 1594 2579 conferatur,
1620 2542 1680 2583 qui

969 2590 1145 2631 proelium,
1176 2600 1207 2621 c.
1240 2591 1290 2619 12.
1326 2587 1544 2628 descriptum,
1580 2591 1679 2627 petu-

969 2633 1081 2666 lamiae
1093 2634 1267 2676 juniorum
1278 2629 1679 2672 tribuit,quamseni0res

968 2689 1074 2720 usque
1102 2689 1143 2709 eo
1167 2675 1391 2719 inprobarint,
1414 2681 1450 2706 ut
1473 2673 1676 2715 legationem

967 2724 1010 2754 ad
1029 2722 1194 2754 Caesarem
1221 2718 1426 2762 deprecandi
1448 2728 1549 2749 causa
1571 2718 1678 2750 susci-

969 2773 1096 2809 perent.
1143 2765 1217 2796 Hos
1236 2764 1339 2806 igitur
1353 2762 1511 2800 seniores,
1536 2762 1676 2803 legatos,

968 2812 1213 2853 deprecatores.
1238 2807 1378 2839 retinuit
1401 2813 1435 2838 et
1451 2807 1576 2838 interea
1592 2805 1676 2838 vicit

966 2866 1038 2894 eos.
1056 2865 1117 2896 pro
1131 2853 1258 2896 quibus
1273 2850 1674 2893 deprecavur'rvenemnt.

966 2899 1130 2938 Quaedam
1160 2898 1283 2931 horum
1311 2895 1469 2930 Brantius
1493 2894 1565 2939 jam
1584 2893 1673 2935 adti-

189 2958 265 2990 quae
295 2948 408 2980 Caesar
434 2956 465 2979 c.
492 2949 528 2979 12
556 2950 590 2978 et
620 2947 658 2980 13
687 2945 728 2976 de
754 2943 895 2986 perfidia
958 2950 1064 2988 gerat.
1087 2943 1139 2978 M.
