1946 3261
646 208 763 252 LIB.
827 208 903 252 CA
915 208 964 251 P.
997 208 1177 252 91-94.
1565 206 1652 251 533

169 334 408 378 contendit.
473 335 653 379 Interim
681 336 723 378 in
744 335 898 378 itinere
929 351 981 378 ex
1016 335 1164 393 Regiis
1196 335 1326 394 copiis
1358 335 1502 378 Duces
1530 350 1645 378 com-

167 392 314 449 plures
334 394 389 436 ad
412 395 621 438 Caesarem
642 395 822 438 veniunt
840 403 1070 450 orantque,
1092 402 1141 436 ut
1162 394 1240 437 sibi
1264 394 1475 453 ignoscat.
1539 394 1646 443 Qui-

168 451 248 493 bus
281 453 545 511 subplicibus
578 454 699 496 venia
738 454 854 502 data,
888 453 1066 494 Zamam
1099 453 1374 509 perveniunt.
1450 452 1643 496 Rumore

166 509 339 553 interim
378 513 546 569 perlato
577 511 630 554 de
664 512 753 569 ejus
781 511 957 554 lenitate
978 510 1309 567 clementiaque,
1328 511 1646 569 propemodum

164 583 308 611 omnes
350 570 494 628 Regni
530 570 693 627 equites
735 569 914 613 Zamam
946 569 1207 628 perveniunt
1243 568 1299 610 ad
1338 570 1552 612 Caesarem
1586 570 1645 613 ab

166 643 304 684 eoque
323 637 424 670 sunt
444 636 564 670 metu
586 628 867 686 periculoque
887 628 1075 671 liberati.

227 685 296 728 93.
332 686 451 728 Dum
474 686 561 730 haec
594 687 830 744 utrobique
860 695 1090 745 geruntur,
1121 684 1363 734 Considius,
1386 685 1460 742 qui
1482 685 1646 732 Tisdrae

99 793 104 797 ,
165 759 262 786 cum
301 744 463 787 familia
496 762 587 795 sua,
636 745 895 803 gladiatoria
936 761 1081 796 manu,
1132 744 1401 801 Gaetulisque
1442 754 1645 802 praeerat,

165 803 340 860 cognita
358 796 470 846 caede
490 820 683 855 suorum,
717 805 987 862 Domitiique
1015 812 1058 846 et
1085 803 1306 861 legionum
1331 802 1521 846 adventu
1547 820 1646 862 per-

164 861 358 911 territus,
392 862 621 921 desperata
652 863 806 913 salute,
840 863 1052 921 oppidum
1083 862 1239 904 deserit
1256 877 1387 920 seque
1415 862 1526 905 clam
1547 878 1645 905 cum

165 920 316 976 paucis
343 921 542 964 barbaris
575 923 755 980 pecunia
786 931 965 965 onustus
992 920 1198 964 subducit
1224 930 1356 978 atque
1377 921 1420 963 in
1443 921 1645 979 Regnum

168 978 320 1035 fugere
360 981 585 1023 contendit
606 997 616 1029 ;
657 997 786 1038 quem
831 980 1010 1030 Gaetuli,
1050 980 1115 1023 sui
1155 980 1347 1030 comites,
1389 980 1434 1022 in
1475 980 1648 1030 itinere,

166 1036 322 1094 praedae
342 1039 506 1096 cupidi,
539 1040 771 1083 concidunt
802 1056 931 1097 seque
963 1040 1006 1082 in
1028 1055 1324 1096 quascumque
1346 1047 1530 1097 potuere
1550 1053 1650 1097 par-

165 1104 228 1138 tes
248 1096 491 1140 conferunt.
541 1099 594 1141 C.
614 1098 787 1141 interim
810 1098 1037 1155 Virgilius,
1060 1105 1293 1156 postquam
1314 1106 1434 1141 terra
1453 1098 1652 1155 marique

164 1154 332 1197 clausus
362 1172 406 1198 se
437 1156 543 1199 nihil
576 1157 785 1215 proficere
807 1157 1036 1205 intellexit,
1062 1172 1247 1213 suosque
1273 1164 1351 1199 aut
1380 1157 1650 1210 interfectos,

164 1221 241 1255 aut
268 1213 457 1271 fugatos,
491 1216 557 1258 M.
584 1216 795 1258 Catonem
819 1216 963 1259 Uticae
993 1215 1074 1258 sibi
1104 1215 1246 1274 ipsum
1270 1230 1417 1258 manus
1436 1215 1649 1265 intulisse,

165 1287 311 1329 regem
330 1288 509 1331 vagum,
530 1274 588 1316 ab
615 1275 787 1331 suisque
817 1274 1036 1317 desertum
1068 1274 1124 1316 ab
1152 1274 1348 1318 omnibus
1380 1272 1651 1333 adspernari,

167 1330 381 1372 Saburam
411 1332 588 1389 ejusque
620 1334 765 1390 copias
796 1334 853 1376 ab
876 1333 988 1374 Sitio
1016 1349 1103 1374 esse
1125 1332 1312 1382 deletas;
1344 1332 1488 1376 Uticae
1509 1332 1650 1376 Caesa-

166 1403 258 1431 rem
278 1389 365 1431 sine
382 1405 503 1431 mora
523 1399 746 1448 receptum
768 1407 777 1440 ;
799 1391 853 1433 de
874 1399 999 1434 tanto
1020 1391 1214 1434 exercitu
1233 1392 1422 1448 reliquas
1443 1407 1531 1434 esse
1553 1391 1649 1434 nul-

164 1449 240 1497 las,
270 1463 367 1504 quae
395 1447 494 1499 sibi,
522 1450 696 1505 suisque
716 1449 863 1492 liberis
893 1448 1173 1506 prodessent,
1205 1463 1230 1489 a
1254 1449 1435 1491 Caninio
1460 1450 1652 1492 Procon-

163 1507 269 1555 sule,
301 1506 377 1563 qui
398 1522 496 1549 eum
516 1507 760 1557 obsidebat,
788 1507 872 1548 fide
898 1514 1091 1563 accepta,
1114 1519 1246 1560 seque
1267 1511 1312 1545 et
1332 1520 1409 1547 sua
1425 1505 1582 1558 omnia,
1604 1513 1652 1550 et

165 1582 222 1623 op
258 1564 377 1607 idum
401 1564 654 1608 Proconsuli
672 1563 871 1606 transdit.

226 1624 293 1666 .4.
328 1623 424 1666 Rex
457 1623 631 1666 interim
665 1622 802 1670 Juba,
834 1620 891 1663 ab
921 1619 1120 1662 omnibus
1151 1619 1404 1664 civitatibus
1435 1621 1650 1675 exclusus,

167 1682 394 1741 desperata
425 1682 579 1733 salute,
612 1697 749 1738 quum
771 1681 863 1738 jam
890 1687 1083 1721 coenatus
1109 1687 1218 1722 esset
1247 1695 1346 1722 cum
1376 1680 1566 1731 Petreio,
1598 1690 1655 1725 ut

163 1757 243 1800 per
264 1741 475 1784 virtutem
496 1740 714 1783 interfecti
733 1756 819 1782 esse
840 1737 1110 1788 viderentur,
1146 1738 1262 1782 ferro
1283 1739 1397 1782 inter
1417 1755 1459 1782 Se
1481 1739 1534 1783 de
1570 1756 1652 1799 ug.

166 1808 291 1843 nant:
325 1807 456 1856 atque
476 1799 640 1842 firmior
662 1798 987 1849 inbecilliorem,
1002 1797 1031 1839 J
1037 1797 1125 1840 uba
1143 1797 1365 1841 Petreium
1386 1797 1514 1841 facile
1549 1815 1650 1844 erro

165 1858 412 1903 consumsit.
476 1858 646 1903 Deinde
679 1858 769 1917 ipse
795 1857 876 1902 sibi
895 1872 1032 1915 quum
1063 1864 1292 1901 conaretur
1312 1856 1460 1916 gladio
1479 1859 1653 1919 transji-

221 2015 325 2047 Venia
349 2013 444 2052 data,
490 2014 636 2045 Zamam
661 2011 871 2053 perveniunt.
939 2009 1064 2043 emisse
1093 2010 1190 2042 dicit.
1228 2010 1281 2042 M.
1328 2009 1482 2044 Mutuam
1512 2014 1643 2048 caedem

169 2058 322 2090 Jurinius
344 2056 472 2089 mavult
482 2057 643 2099 pervenit,
662 2054 736 2086 scil.
750 2054 871 2087 Caesar.
940 2060 1102 2087 testantur
1117 2060 1150 2086 et
1174 2053 1225 2086 M.
1243 2054 1370 2087 Seneca
1385 2057 1482 2089 Suas.
1502 2058 1534 2096 7,
1555 2064 1590 2090 et
1602 2059 1644 2092 L.

172 2103 309 2141 rectius,
332 2102 443 2134 credo.
939 2100 1068 2130 Seneca
1082 2099 1123 2129 de
1140 2098 1278 2130 Provid.
1298 2102 1329 2129 2.
1351 2100 1475 2132 Contra
1491 2101 1524 2133 in
1549 2103 1647 2136 Livi-

214 2147 404 2185 Considius,
420 2156 450 2177 c.
465 2147 518 2177 86.
542 2144 593 2176 Μ.
939 2153 1005 2175 ana
1019 2142 1172 2184 epitome
1189 2144 1262 2174 114.
1278 2148 1311 2174 et
1321 2145 1412 2185 apud
1423 2145 1561 2178 Florum
1576 2147 1600 2179 l.
1611 2159 1647 2180 c.

217 2193 423 2232 Domitiique
437 2190 516 2222 adv.
540 2188 595 2220 Cf.
609 2198 640 2219 c.
659 2189 713 2220 86.
940 2187 1092 2219 Petreius
1129 2186 1258 2219 Jubam
1295 2198 1398 2229 seque
1433 2188 1644 2224 interfecisse

222 2236 389 2276 Virqilius.
413 2233 500 2266 ibid.
523 2233 575 2264 M.
941 2231 1116 2263 scribitur.
1138 2231 1234 2263 Unde
1250 2231 1284 2262 in
1301 2237 1416 2264 nostro
1429 2233 1507 2266 loco
1526 2235 1645 2267 Rube-

216 2279 385 2311 Intnlisse.
409 2278 480 2309 Alii
495 2278 665 2310 adtulisse.
941 2274 1019 2306 nius
1031 2275 1215 2316 reponebat
1232 2276 1360 2307 Jubam
1375 2278 1534 2311 Petreius.
1578 2280 1647 2311 Sed

217 2324 333 2354 Sitius.
349 2333 379 2353 c.
398 2324 450 2361 36,
467 2325 521 2354 48.
545 2323 597 2353 Μ.
942 2318 977 2350 in
1001 2330 1036 2351 re
1061 2319 1188 2351 incerta
1211 2319 1261 2351 nil
1282 2321 1492 2352 mutandum.
1539 2322 1645 2364 Quid,

219 2367 356 2405 Nullas,
372 2376 448 2407 quoe
460 2367 533 2398 sibi.
566 2364 620 2397 Sic
637 2363 736 2395 codd.
752 2367 785 2394 et
797 2363 873 2394 edd.
940 2364 1041 2409 quod‘
1054 2364 1174 2395 Sextus
1189 2364 1298 2395 Rufus
1314 2363 1349 2395 in
1365 2364 1540 2397 breviario
1563 2377 1595 2399 c.
1609 2372 1642 2401 4.

172 2415 238 2441 vet.
262 2410 328 2441 Sed
342 2410 547 2441 recentiores
558 2410 625 2451 qui.
650 2407 745 2439 Leid.
763 2410 790 2438 1.
807 2406 871 2439 ita:
942 2408 966 2439 J
968 2408 1069 2439 ubam
1079 2412 1218 2439 mortem
1226 2409 1288 2439 sibi
1294 2411 1438 2450 propria
1448 2421 1555 2442 manu
1567 2422 1645 2445 con..

172 2455 283 2486 nullas
296 2465 311 2491 ;
335 2457 404 2495 ipse
415 2455 477 2485 sibi
490 2456 621 2494 suisque
634 2453 690 2483 lib.
704 2462 726 2483 a
745 2453 830 2483 Can.
940 2454 1068 2483 scivisse
1098 2452 1197 2483 dicit?
1242 2452 1345 2484 Porro
1371 2452 1458 2485 bene
1482 2454 1645 2489 Barthius

220 2500 391 2530 Coenatus.
422 2497 476 2529 Sic
493 2496 674 2528 Rubenius
699 2495 825 2535 (Elect.
845 2496 874 2531 l,
943 2496 1028 2527 Adv.
1057 2497 1109 2534 16,
1139 2500 1170 2527 5.
1193 2501 1317 2527 monet.
1351 2497 1521 2530 Petreium
1548 2501 1644 2533 inbe-

178 2541 230 2581 10)
245 2541 419 2583 vulgatum
429 2546 565 2573 conatus
578 2539 780 2578 emendavit,
795 2549 874 2580 pro·
940 2541 1099 2571 cilliorem
1113 2538 1182 2570 dici
1197 2539 1231 2571 in
1254 2540 1332 2572 loco
1355 2546 1468 2573 nostro
1484 2546 1518 2572 et
1529 2545 1643 2583 firmi.

170 2585 333 2618 bantibus
350 2584 492 2616 Davisio
506 2590 541 2615 et
553 2584 641 2615 Oud.
654 2583 876 2625 (conjectarat
942 2594 1034 2615 orem
1049 2583 1174 2615 Jubam
1183 2596 1198 2622 ;
1221 2584 1309 2614 unde
1321 2583 1445 2616 mirum
1460 2595 1527 2617 non
1543 2587 1600 2629 sit,
1611 2589 1642 2621 si

171 2635 205 2661 et
223 2629 410 2668 Gruterus).
455 2629 499 2659 Et
518 2634 568 2659 est
587 2638 739 2665 necesse,
763 2631 799 2656 ut
824 2625 873 2656 sic
942 2627 1004 2658 iste
1029 2626 1073 2658 ab
1099 2627 1165 2658 hoc
1188 2633 1381 2659 consumtus
1387 2628 1479 2670 ferro
1500 2629 1642 2665 dicatur.

175 2674 317 2715 legatur,
337 2672 411 2704 sive
426 2672 563 2703 Florum
590 2671 638 2710 (4,
655 2675 688 2709 2,
705 2670 762 2706 69)
777 2669 874 2701 audi·
941 2671 1059 2702 Redeo
1073 2672 1117 2702 ad
1130 2676 1286 2703 comatus.
1315 2672 1392 2703 Hoc
1406 2677 1534 2705 temere
1547 2676 1642 2709 dam-

171 2729 281 2755 amus,
300 2727 400 2758 quem
424 2715 592 2748 Cellarius
613 2714 777 2752 contulit,
801 2713 873 2745 sive
939 2722 996 2747 nat
1013 2714 1170 2755 Scaliger.
1214 2714 1370 2747 Muretus
1384 2715 1486 2748 dabat
1507 2728 1538 2760 q.
1557 2724 1640 2763 jam,

174 2761 367 2803 Appianum
391 2760 446 2799 (C.
473 2764 505 2798 2,
535 2762 607 2791 100.
632 2770 665 2800 p.
694 2757 785 2795 490),
812 2758 873 2799 qui
938 2761 1051 2791 omnia
1077 2763 1211 2790 conatus
1249 2764 1340 2790 esset.
1393 2759 1578 2805 Glandorp.
1607 2770 1642 2799 et

173 2806 300 2837 ,Iubam
315 2810 348 2836 et
366 2803 538 2836 Petreium
561 2803 595 2835 in
618 2802 794 2834 coenaculo
807 2801 872 2840 (ἐπὶ
939 2802 1116 2837 Goduinus
1129 2802 1338 2845 reponebant
1349 2807 1553 2839 convivatus,

173 2851 212 2884 τῆ
242 2847 354 2890 διαίτη)
381 2848 509 2882 mutuis
530 2859 565 2881 se
590 2846 741 2881 caedibus
771 2845 872 2880 inter-
