<?xml version="1.0" encoding="UTF-8"?>
<!DOCTYPE html PUBLIC "-//W3C//DTD XHTML 1.0 Transitional//EN"
    "http://www.w3.org/TR/xhtml1/DTD/xhtml1-transitional.dtd">
<html xmlns="http://www.w3.org/1999/xhtml" xml:lang="en" lang="en">
 <head>
  <title>
</title>
<meta http-equiv="Content-Type" content="text/html;charset=utf-8" />
  <meta name='ocr-system' content='tesseract 3.04.00' />
  <meta name='ocr-capabilities' content='ocr_page ocr_carea ocr_par ocr_line ocrx_word'/>
</head>
<body>
  <div class='ocr_page' id='page_1' title='image "./commentariidebel00caesuoft_0044.png"; bbox 0 0 1992 3271; ppageno 0'>
   <div class='ocr_carea' id='block_1_1' title="bbox 250 271 1309 330">
    <p class='ocr_par' dir='ltr' id='par_1_1' title="bbox 250 271 1309 330">
     <span class='ocr_line' id='line_1_1' title="bbox 250 271 1309 330; baseline -0.018 0"><span class='ocrx_word' id='word_1_1' title='bbox 250 283 281 330; x_wconf 80' lang='grc'>4</span> <span class='ocrx_word' id='word_1_2' title='bbox 659 277 743 321; x_wconf 89' lang='lat' dir='ltr'>DE</span> <span class='ocrx_word' id='word_1_3' title='bbox 778 273 980 318; x_wconf 87' lang='lat' dir='ltr'>BELLO</span> <span class='ocrx_word' id='word_1_4' title='bbox 1015 271 1309 315; x_wconf 85' lang='lat' dir='ltr'>GALLICO.</span> 
     </span>
    </p>
   </div>
   <div class='ocr_carea' id='block_1_2' title="bbox 252 392 1752 1328">
    <p class='ocr_par' dir='ltr' id='par_1_2' title="bbox 252 392 1752 1271">
     <span class='ocr_line' id='line_1_2' title="bbox 252 392 1725 461; baseline -0.011 -11"><span class='ocrx_word' id='word_1_5' title='bbox 252 407 305 456; x_wconf 87' lang='lat' dir='ltr'>is,</span> <span class='ocrx_word' id='word_1_6' title='bbox 321 405 397 448; x_wconf 92' lang='lat' dir='ltr'>ubi</span> <span class='ocrx_word' id='word_1_7' title='bbox 414 402 669 461; x_wconf 81' lang='lat' dir='ltr'>legationem</span> <span class='ocrx_word' id='word_1_8' title='bbox 687 400 741 441; x_wconf 87' lang='lat' dir='ltr'>ad</span> <span class='ocrx_word' id='word_1_9' title='bbox 756 397 948 439; x_wconf 85' lang='lat' dir='ltr'>civitates</span> <span class='ocrx_word' id='word_1_10' title='bbox 969 395 1170 453; x_wconf 81' lang='lat' dir='ltr'>suscepit,</span> <span class='ocrx_word' id='word_1_11' title='bbox 1189 395 1233 437; x_wconf 90' lang='lat' dir='ltr'>in</span> <span class='ocrx_word' id='word_1_12' title='bbox 1249 411 1300 437; x_wconf 93' lang='lat' dir='ltr'>eo</span> <span class='ocrx_word' id='word_1_13' title='bbox 1327 394 1478 436; x_wconf 89' lang='lat' dir='ltr'>itinere</span> <span class='ocrx_word' id='word_1_14' title='bbox 1499 392 1725 452; x_wconf 80' lang='lat' dir='ltr'><strong>persuadet</strong></span> 
     </span>
     <span class='ocr_line' id='line_1_3' title="bbox 259 453 1728 511; baseline -0.011 -3"><span class='ocrx_word' id='word_1_15' title='bbox 259 464 448 511; x_wconf 86' lang='lat' dir='ltr'>Castico,</span> <span class='ocrx_word' id='word_1_16' title='bbox 482 455 842 502; x_wconf 86' lang='lat' dir='ltr'>Catamantaledis</span> <span class='ocrx_word' id='word_1_17' title='bbox 869 454 976 503; x_wconf 86' lang='lat' dir='ltr'>filio,</span> <span class='ocrx_word' id='word_1_18' title='bbox 1014 455 1231 511; x_wconf 86' lang='lat' dir='ltr'>Sequano,</span> <span class='ocrx_word' id='word_1_19' title='bbox 1253 453 1372 510; x_wconf 83' lang='lat' dir='ltr'>cujus</span> <span class='ocrx_word' id='word_1_20' title='bbox 1416 461 1525 494; x_wconf 67' lang='lat' dir='ltr'>Jater</span> <span class='ocrx_word' id='word_1_21' title='bbox 1546 467 1728 509; x_wconf 83' lang='lat' dir='ltr'>regnum</span> 
     </span>
     <span class='ocr_line' id='line_1_4' title="bbox 258 469 1727 578; baseline -0.011 -12"><span class='ocrx_word' id='word_1_22' title='bbox 258 523 305 565; x_wconf 89' lang='lat' dir='ltr'>in</span> <span class='ocrx_word' id='word_1_23' title='bbox 329 518 537 578; x_wconf 86' lang='lat' dir='ltr'>Sequanis</span> <span class='ocrx_word' id='word_1_24' title='bbox 553 514 712 556; x_wconf 90' lang='lat' dir='ltr'>multos</span> <span class='ocrx_word' id='word_1_25' title='bbox 728 529 858 555; x_wconf 87' lang='lat' dir='ltr'>annos</span> <span class='ocrx_word' id='word_1_26' title='bbox 875 513 1137 561; x_wconf 82' lang='lat' dir='ltr'>obtinuerat,</span> <span class='ocrx_word' id='word_1_27' title='bbox 1156 520 1200 554; x_wconf 89' lang='lat' dir='ltr'>et</span> <span class='ocrx_word' id='word_1_28' title='bbox 1221 528 1245 553; x_wconf 89' lang='lat' dir='ltr'>a</span> <span class='ocrx_word' id='word_1_29' title='bbox 1270 512 1315 553; x_wconf 82' lang='lat' dir='ltr'>S.</span> <span class='ocrx_word' id='word_1_30' title='bbox 1335 510 1383 552; x_wconf 89' lang='lat' dir='ltr'>P.</span> <span class='ocrx_word' id='word_1_31' title='bbox 1400 469 1456 551; x_wconf 52' lang='lat' dir='ltr'>iz.</span> <span class='ocrx_word' id='word_1_32' title='bbox 1479 510 1637 552; x_wconf 89' lang='lat' dir='ltr'>amicus</span> <span class='ocrx_word' id='word_1_33' title='bbox 1657 508 1727 551; x_wconf 84' lang='lat' dir='ltr'>ad-</span> 
     </span>
     <span class='ocr_line' id='line_1_5' title="bbox 262 567 1731 638; baseline -0.009 -16"><span class='ocrx_word' id='word_1_34' title='bbox 262 580 449 638; x_wconf 84' lang='lat' dir='ltr'>pellatus</span> <span class='ocrx_word' id='word_1_35' title='bbox 478 581 587 621; x_wconf 81' lang='lat' dir='ltr'>erat,</span> <span class='ocrx_word' id='word_1_36' title='bbox 626 580 676 613; x_wconf 89' lang='lat' dir='ltr'>ut</span> <span class='ocrx_word' id='word_1_37' title='bbox 708 587 890 629; x_wconf 82' lang='lat' dir='ltr'>regnum</span> <span class='ocrx_word' id='word_1_38' title='bbox 930 571 973 612; x_wconf 91' lang='lat' dir='ltr'>in</span> <span class='ocrx_word' id='word_1_39' title='bbox 1004 571 1178 612; x_wconf 80' lang='lat' dir='ltr'>civitate</span> <span class='ocrx_word' id='word_1_40' title='bbox 1214 586 1290 612; x_wconf 88' lang='lat' dir='ltr'>sua</span> <span class='ocrx_word' id='word_1_41' title='bbox 1325 576 1572 626; x_wconf 87' lang='lat' dir='ltr'>occuparet,</span> <span class='ocrx_word' id='word_1_42' title='bbox 1612 567 1731 625; x_wconf 86' lang='lat' dir='ltr'>quod</span> 
     </span>
     <span class='ocr_line' id='line_1_6' title="bbox 262 625 1730 695; baseline -0.007 -18"><span class='ocrx_word' id='word_1_43' title='bbox 262 646 388 695; x_wconf 86' lang='lat' dir='ltr'>pater</span> <span class='ocrx_word' id='word_1_44' title='bbox 407 640 505 674; x_wconf 84' lang='lat' dir='ltr'>ante</span> <span class='ocrx_word' id='word_1_45' title='bbox 523 631 753 673; x_wconf 81' lang='lat' dir='ltr'>habuerat:</span> <span class='ocrx_word' id='word_1_46' title='bbox 787 631 976 686; x_wconf 85' lang='lat' dir='ltr'>itemque</span> <span class='ocrx_word' id='word_1_47' title='bbox 994 628 1254 686; x_wconf 83' lang='lat' dir='ltr'>Dumnorigi</span> <span class='ocrx_word' id='word_1_48' title='bbox 1279 627 1437 676; x_wconf 89' lang='lat' dir='ltr'>AEduo,</span> <span class='ocrx_word' id='word_1_49' title='bbox 1460 626 1584 668; x_wconf 87' lang='lat' dir='ltr'>fratri</span> <span class='ocrx_word' id='word_1_50' title='bbox 1607 625 1730 669; x_wconf 89' lang='lat' dir='ltr'>Divi-</span> 
     </span>
     <span class='ocr_line' id='line_1_7' title="bbox 260 685 1732 748; baseline -0.007 -11"><span class='ocrx_word' id='word_1_51' title='bbox 260 694 376 741; x_wconf 85' lang='lat' dir='ltr'>tiaci‚</span> <span class='ocrx_word' id='word_1_52' title='bbox 410 690 485 748; x_wconf 90' lang='lat' dir='ltr'>qui</span> <span class='ocrx_word' id='word_1_53' title='bbox 517 706 568 731; x_wconf 92' lang='lat' dir='ltr'>eo</span> <span class='ocrx_word' id='word_1_54' title='bbox 601 698 797 746; x_wconf 87' lang='lat' dir='ltr'>tempore</span> <span class='ocrx_word' id='word_1_55' title='bbox 828 687 1122 745; x_wconf 82' lang='lat' dir='ltr'>principatum</span> <span class='ocrx_word' id='word_1_56' title='bbox 1153 687 1197 729; x_wconf 91' lang='lat' dir='ltr'>in</span> <span class='ocrx_word' id='word_1_57' title='bbox 1218 686 1392 728; x_wconf 88' lang='lat' dir='ltr'>civitate</span> <span class='ocrx_word' id='word_1_58' title='bbox 1425 685 1650 727; x_wconf 85' lang='lat' dir='ltr'>obtinebat</span> <span class='ocrx_word' id='word_1_59' title='bbox 1682 700 1732 726; x_wconf 88' lang='lat' dir='ltr'>ac</span> 
     </span>
     <span class='ocr_line' id='line_1_8' title="bbox 261 743 1752 805; baseline -0.006 -13"><span class='ocrx_word' id='word_1_60' title='bbox 261 749 442 794; x_wconf 86' lang='lat' dir='ltr'>maxime</span> <span class='ocrx_word' id='word_1_61' title='bbox 475 747 595 805; x_wconf 89' lang='lat' dir='ltr'>plebi</span> <span class='ocrx_word' id='word_1_62' title='bbox 625 755 826 804; x_wconf 85' lang='lat' dir='ltr'>acceptus</span> <span class='ocrx_word' id='word_1_63' title='bbox 855 754 963 794; x_wconf 84' lang='lat' dir='ltr'>erat,</span> <span class='ocrx_word' id='word_1_64' title='bbox 1000 753 1051 787; x_wconf 86' lang='lat' dir='ltr'>ut</span> <span class='ocrx_word' id='word_1_65' title='bbox 1081 745 1193 786; x_wconf 85' lang='lat' dir='ltr'>idem</span> <span class='ocrx_word' id='word_1_66' title='bbox 1225 752 1469 792; x_wconf 82' lang='lat' dir='ltr'>conaretur,</span> <span class='ocrx_word' id='word_1_67' title='bbox 1503 743 1752 800; x_wconf 30' lang='lat' dir='ltr'>persuadet*</span> 
     </span>
     <span class='ocr_line' id='line_1_9' title="bbox 260 802 1732 865; baseline -0.005 -15"><span class='ocrx_word' id='word_1_68' title='bbox 260 809 388 865; x_wconf 89' lang='lat' dir='ltr'>eique</span> <span class='ocrx_word' id='word_1_69' title='bbox 409 806 542 848; x_wconf 83' lang='lat' dir='ltr'>filiam</span> <span class='ocrx_word' id='word_1_70' title='bbox 562 821 683 847; x_wconf 87' lang='lat' dir='ltr'>suam</span> <span class='ocrx_word' id='word_1_71' title='bbox 710 805 753 846; x_wconf 92' lang='lat' dir='ltr'>in</span> <span class='ocrx_word' id='word_1_72' title='bbox 771 803 1092 846; x_wconf 86' lang='lat' dir='ltr'>matrimonium</span> <span class='ocrx_word' id='word_1_73' title='bbox 1112 803 1200 845; x_wconf 91' lang='lat' dir='ltr'>dat.</span> <span class='ocrx_word' id='word_1_74' title='bbox 1264 802 1471 844; x_wconf 83' lang='lat' dir='ltr'>Perfacile</span> <span class='ocrx_word' id='word_1_75' title='bbox 1492 802 1608 843; x_wconf 87' lang='lat' dir='ltr'>factu</span> <span class='ocrx_word' id='word_1_76' title='bbox 1628 817 1732 850; x_wconf 88' lang='lat' dir='ltr'>esse,</span> 
     </span>
     <span class='ocr_line' id='line_1_10' title="bbox 256 859 1732 923; baseline -0.007 -14"><span class='ocrx_word' id='word_1_77' title='bbox 256 867 345 909; x_wconf 86' lang='lat' dir='ltr'>illis</span> <span class='ocrx_word' id='word_1_78' title='bbox 367 865 543 923; x_wconf 89' lang='lat' dir='ltr'>probat,</span> <span class='ocrx_word' id='word_1_79' title='bbox 577 871 728 906; x_wconf 82' lang='lat' dir='ltr'>conata</span> <span class='ocrx_word' id='word_1_80' title='bbox 756 861 976 920; x_wconf 85' lang='lat' dir='ltr'>perficere,</span> <span class='ocrx_word' id='word_1_81' title='bbox 1011 870 1243 919; x_wconf 84' lang='lat' dir='ltr'>propterea</span> <span class='ocrx_word' id='word_1_82' title='bbox 1275 859 1392 917; x_wconf 90' lang='lat' dir='ltr'>quod</span> <span class='ocrx_word' id='word_1_83' title='bbox 1413 860 1502 917; x_wconf 89' lang='lat' dir='ltr'>ipse</span> <span class='ocrx_word' id='word_1_84' title='bbox 1523 875 1609 900; x_wconf 87' lang='lat' dir='ltr'>suae</span> <span class='ocrx_word' id='word_1_85' title='bbox 1631 859 1732 901; x_wconf 89' lang='lat' dir='ltr'>civi-</span> 
     </span>
     <span class='ocr_line' id='line_1_11' title="bbox 259 917 1733 981; baseline -0.006 -14"><span class='ocrx_word' id='word_1_86' title='bbox 259 924 361 968; x_wconf 87' lang='lat' dir='ltr'>tatis</span> <span class='ocrx_word' id='word_1_87' title='bbox 379 923 611 981; x_wconf 89' lang='lat' dir='ltr'>imperium</span> <span class='ocrx_word' id='word_1_88' title='bbox 627 922 884 964; x_wconf 87' lang='lat' dir='ltr'>obtenturus</span> <span class='ocrx_word' id='word_1_89' title='bbox 900 929 1026 963; x_wconf 86' lang='lat' dir='ltr'>esset:</span> <span class='ocrx_word' id='word_1_90' title='bbox 1059 935 1145 962; x_wconf 91' lang='lat' dir='ltr'>non</span> <span class='ocrx_word' id='word_1_91' title='bbox 1160 936 1246 962; x_wconf 90' lang='lat' dir='ltr'>esse</span> <span class='ocrx_word' id='word_1_92' title='bbox 1261 918 1458 966; x_wconf 84' lang='lat' dir='ltr'>dubium,</span> <span class='ocrx_word' id='word_1_93' title='bbox 1477 917 1582 974; x_wconf 91' lang='lat' dir='ltr'>quin</span> <span class='ocrx_word' id='word_1_94' title='bbox 1599 917 1733 959; x_wconf 88' lang='lat' dir='ltr'>totius</span> 
     </span>
     <span class='ocr_line' id='line_1_12' title="bbox 265 976 1733 1039; baseline -0.006 -14"><span class='ocrx_word' id='word_1_95' title='bbox 265 982 422 1025; x_wconf 84' lang='lat' dir='ltr'>Galliae</span> <span class='ocrx_word' id='word_1_96' title='bbox 459 981 697 1039; x_wconf 88' lang='lat' dir='ltr'>plurimum</span> <span class='ocrx_word' id='word_1_97' title='bbox 736 979 929 1022; x_wconf 86' lang='lat' dir='ltr'>Helvetii</span> <span class='ocrx_word' id='word_1_98' title='bbox 968 986 1159 1037; x_wconf 84' lang='lat' dir='ltr'>possent:</span> <span class='ocrx_word' id='word_1_99' title='bbox 1205 995 1247 1020; x_wconf 91' lang='lat' dir='ltr'>se</span> <span class='ocrx_word' id='word_1_100' title='bbox 1277 976 1363 1020; x_wconf 90' lang='lat' dir='ltr'>suis</span> <span class='ocrx_word' id='word_1_101' title='bbox 1399 976 1533 1033; x_wconf 87' lang='lat' dir='ltr'>copiis</span> <span class='ocrx_word' id='word_1_102' title='bbox 1569 991 1733 1032; x_wconf 87' lang='lat' dir='ltr'>suoque</span> 
     </span>
     <span class='ocr_line' id='line_1_13' title="bbox 261 1033 1734 1096; baseline -0.006 -13"><span class='ocrx_word' id='word_1_103' title='bbox 261 1040 456 1083; x_wconf 84' lang='lat' dir='ltr'>exercitu</span> <span class='ocrx_word' id='word_1_104' title='bbox 480 1039 564 1081; x_wconf 87' lang='lat' dir='ltr'>illis</span> <span class='ocrx_word' id='word_1_105' title='bbox 592 1054 724 1096; x_wconf 83' lang='lat' dir='ltr'>regna</span> <span class='ocrx_word' id='word_1_106' title='bbox 744 1038 1088 1086; x_wconf 89' lang='lat' dir='ltr'>conciliaturum,</span> <span class='ocrx_word' id='word_1_107' title='bbox 1122 1036 1360 1079; x_wconf 88' lang='lat' dir='ltr'>confirmat.</span> <span class='ocrx_word' id='word_1_108' title='bbox 1424 1034 1519 1076; x_wconf 89' lang='lat' dir='ltr'>Hac</span> <span class='ocrx_word' id='word_1_109' title='bbox 1541 1033 1734 1076; x_wconf 87' lang='lat' dir='ltr'>oratione</span> 
     </span>
     <span class='ocr_line' id='line_1_14' title="bbox 260 1095 1733 1153; baseline -0.006 -11"><span class='ocrx_word' id='word_1_110' title='bbox 260 1098 453 1147; x_wconf 81' lang='lat' dir='ltr'>adducti,</span> <span class='ocrx_word' id='word_1_111' title='bbox 486 1098 599 1140; x_wconf 91' lang='lat' dir='ltr'>inter</span> <span class='ocrx_word' id='word_1_112' title='bbox 619 1113 661 1139; x_wconf 90' lang='lat' dir='ltr'>se</span> <span class='ocrx_word' id='word_1_113' title='bbox 682 1096 807 1139; x_wconf 86' lang='lat' dir='ltr'>fidem</span> <span class='ocrx_word' id='word_1_114' title='bbox 829 1104 872 1138; x_wconf 89' lang='lat' dir='ltr'>et</span> <span class='ocrx_word' id='word_1_115' title='bbox 899 1096 1197 1153; x_wconf 75' lang='lat' dir='ltr'>jusjurandum</span> <span class='ocrx_word' id='word_1_116' title='bbox 1227 1095 1331 1136; x_wconf 90' lang='lat' dir='ltr'>dant</span> <span class='ocrx_word' id='word_1_117' title='bbox 1362 1101 1421 1142; x_wconf 88' lang='lat' dir='ltr'>et,</span> <span class='ocrx_word' id='word_1_118' title='bbox 1456 1108 1589 1149; x_wconf 82' lang='lat' dir='ltr'>regno</span> <span class='ocrx_word' id='word_1_119' title='bbox 1609 1108 1733 1134; x_wconf 89' lang='lat' dir='ltr'>occu-</span> 
     </span>
     <span class='ocr_line' id='line_1_15' title="bbox 261 1150 1734 1215; baseline -0.005 -16"><span class='ocrx_word' id='word_1_120' title='bbox 261 1165 384 1215; x_wconf 87' lang='lat' dir='ltr'>pato,</span> <span class='ocrx_word' id='word_1_121' title='bbox 420 1172 498 1214; x_wconf 88' lang='lat' dir='ltr'>per</span> <span class='ocrx_word' id='word_1_122' title='bbox 530 1156 609 1198; x_wconf 83' lang='lat' dir='ltr'>tris</span> <span class='ocrx_word' id='word_1_123' title='bbox 645 1154 959 1212; x_wconf 87' lang='lat' dir='ltr'>potentissimos</span> <span class='ocrx_word' id='word_1_124' title='bbox 996 1170 1045 1196; x_wconf 87' lang='lat' dir='ltr'>ac</span> <span class='ocrx_word' id='word_1_125' title='bbox 1080 1153 1339 1196; x_wconf 89' lang='lat' dir='ltr'>firmissimos</span> <span class='ocrx_word' id='word_1_126' title='bbox 1376 1151 1562 1209; x_wconf 87' lang='lat' dir='ltr'>populos</span> <span class='ocrx_word' id='word_1_127' title='bbox 1600 1150 1734 1193; x_wconf 87' lang='lat' dir='ltr'>totius</span> 
     </span>
     <span class='ocr_line' id='line_1_16' title="bbox 265 1213 1036 1271; baseline -0.006 -13"><span class='ocrx_word' id='word_1_128' title='bbox 265 1215 422 1258; x_wconf 84' lang='lat' dir='ltr'>Galliae</span> <span class='ocrx_word' id='word_1_129' title='bbox 443 1230 530 1256; x_wconf 86' lang='lat' dir='ltr'>sese</span> <span class='ocrx_word' id='word_1_130' title='bbox 550 1213 683 1271; x_wconf 87' lang='lat' dir='ltr'>potiri</span> <span class='ocrx_word' id='word_1_131' title='bbox 706 1230 827 1271; x_wconf 83' lang='lat' dir='ltr'>posse</span> <span class='ocrx_word' id='word_1_132' title='bbox 848 1220 1036 1270; x_wconf 86' lang='lat' dir='ltr'>sperant.</span> 
     </span>
    </p>

    <p class='ocr_par' dir='ltr' id='par_1_3' title="bbox 320 1266 1734 1328">
     <span class='ocr_line' id='line_1_17' title="bbox 320 1266 1734 1328; baseline -0.005 -13"><span class='ocrx_word' id='word_1_133' title='bbox 320 1273 364 1316; x_wconf 82' lang='lat'>4.</span> <span class='ocrx_word' id='word_1_134' title='bbox 399 1272 464 1315; x_wconf 86' lang='lat' dir='ltr'>Ea</span> <span class='ocrx_word' id='word_1_135' title='bbox 485 1288 551 1315; x_wconf 83' lang='lat' dir='ltr'>res</span> <span class='ocrx_word' id='word_1_136' title='bbox 570 1280 620 1314; x_wconf 83' lang='lat' dir='ltr'>ut</span> <span class='ocrx_word' id='word_1_137' title='bbox 637 1280 700 1315; x_wconf 91' lang='lat' dir='ltr'>est</span> <span class='ocrx_word' id='word_1_138' title='bbox 724 1271 936 1314; x_wconf 85' lang='lat' dir='ltr'>Helvetiis</span> <span class='ocrx_word' id='word_1_139' title='bbox 956 1285 1034 1328; x_wconf 90' lang='lat' dir='ltr'>per</span> <span class='ocrx_word' id='word_1_140' title='bbox 1055 1268 1260 1311; x_wconf 86' lang='lat' dir='ltr'>indicium</span> <span class='ocrx_word' id='word_1_141' title='bbox 1280 1267 1519 1316; x_wconf 85' lang='lat' dir='ltr'>enunciata,</span> <span class='ocrx_word' id='word_1_142' title='bbox 1541 1266 1734 1309; x_wconf 88' lang='lat' dir='ltr'>moribus</span> 
     </span>
    </p>
   </div>
   <div class='ocr_carea' id='block_1_3' title="bbox 1962 0 1992 258">
    <p class='ocr_par' dir='ltr' id='par_1_4' title="bbox 1962 0 1992 258">
     <span class='ocr_line' id='line_1_18' title="bbox 1962 0 1992 258; baseline 0 3013"><span class='ocrx_word' id='word_1_143' title='bbox 1962 0 1992 258; x_wconf 95' lang='lat' dir='ltr'> </span> 
     </span>
    </p>
   </div>
   <div class='ocr_carea' id='block_1_4' title="bbox 260 1396 977 3043">
    <p class='ocr_par' dir='ltr' id='par_1_5' title="bbox 262 1396 968 1600">
     <span class='ocr_line' id='line_1_19' title="bbox 309 1396 966 1437; baseline -0.006 -9"><span class='ocrx_word' id='word_1_144' title='bbox 309 1396 357 1434; x_wconf 81' lang='lat' dir='ltr'>Is,</span> <span class='ocrx_word' id='word_1_145' title='bbox 372 1397 428 1428; x_wconf 69' lang='lat' dir='ltr'>ubi</span> <span class='ocrx_word' id='word_1_146' title='bbox 441 1396 692 1437; x_wconf 50' lang='lat' dir='ltr'>loy—suscepit,</span> <span class='ocrx_word' id='word_1_147' title='bbox 712 1397 747 1425; x_wconf 74' lang='lat' dir='ltr'>in</span> <span class='ocrx_word' id='word_1_148' title='bbox 761 1405 796 1425; x_wconf 83' lang='lat' dir='ltr'>eo</span> <span class='ocrx_word' id='word_1_149' title='bbox 810 1396 966 1425; x_wconf 75' lang='lat' dir='ltr'>itinere-—</span> 
     </span>
     <span class='ocr_line' id='line_1_20' title="bbox 264 1437 967 1480; baseline -0.006 -10"><span class='ocrx_word' id='word_1_150' title='bbox 264 1441 372 1470; x_wconf 80' lang='lat' dir='ltr'>—Ita</span> <span class='ocrx_word' id='word_1_151' title='bbox 399 1440 466 1480; x_wconf 78' lang='lat' dir='ltr'>leg.</span> <span class='ocrx_word' id='word_1_152' title='bbox 491 1449 532 1468; x_wconf 78' lang='lat' dir='ltr'>ex</span> <span class='ocrx_word' id='word_1_153' title='bbox 559 1437 757 1468; x_wconf 84' lang='lat' dir='ltr'>auctoritate</span> <span class='ocrx_word' id='word_1_154' title='bbox 780 1437 878 1467; x_wconf 88' lang='lat' dir='ltr'>codd.</span> <span class='ocrx_word' id='word_1_155' title='bbox 902 1446 967 1467; x_wconf 88' lang='grc'>11011</span> 
     </span>
     <span class='ocr_line' id='line_1_21' title="bbox 262 1479 968 1521; baseline -0.004 -8"><span class='ocrx_word' id='word_1_156' title='bbox 262 1483 340 1513; x_wconf 76' lang='lat' dir='ltr'>sibi.-</span> <span class='ocrx_word' id='word_1_157' title='bbox 362 1492 439 1513; x_wconf 85' lang='lat' dir='ltr'>nam</span> <span class='ocrx_word' id='word_1_158' title='bbox 454 1482 512 1512; x_wconf 73' lang='lat' dir='ltr'>sibi</span> <span class='ocrx_word' id='word_1_159' title='bbox 529 1482 686 1521; x_wconf 73' lang='lat' dir='ltr'>suscipere</span> <span class='ocrx_word' id='word_1_160' title='bbox 704 1479 760 1510; x_wconf 79' lang='lat' dir='ltr'>vix</span> <span class='ocrx_word' id='word_1_161' title='bbox 786 1485 837 1510; x_wconf 87' lang='lat' dir='ltr'>est</span> <span class='ocrx_word' id='word_1_162' title='bbox 859 1491 877 1510; x_wconf 86' lang='lat' dir='ltr'>a</span> <span class='ocrx_word' id='word_1_163' title='bbox 894 1481 968 1511; x_wconf 68' lang='lat' dir='ltr'>Cae-</span> 
     </span>
     <span class='ocr_line' id='line_1_22' title="bbox 263 1523 967 1564; baseline -0.001 -8"><span class='ocrx_word' id='word_1_164' title='bbox 263 1535 347 1556; x_wconf 85' lang='lat' dir='ltr'>sare.</span> <span class='ocrx_word' id='word_1_165' title='bbox 373 1526 423 1556; x_wconf 89' lang='lat' dir='ltr'>M.</span> <span class='ocrx_word' id='word_1_166' title='bbox 468 1524 535 1555; x_wconf 86' lang='lat' dir='ltr'>Cur</span> <span class='ocrx_word' id='word_1_167' title='bbox 550 1523 684 1555; x_wconf 87' lang='lat' dir='ltr'>codices</span> <span class='ocrx_word' id='word_1_168' title='bbox 702 1534 766 1555; x_wconf 92' lang='lat' dir='ltr'>non</span> <span class='ocrx_word' id='word_1_169' title='bbox 781 1535 967 1564; x_wconf 75' lang='lat' dir='ltr'>sequamur,</span> 
     </span>
     <span class='ocr_line' id='line_1_23' title="bbox 262 1567 531 1600; baseline -0.007 0"><span class='ocrx_word' id='word_1_170' title='bbox 262 1569 355 1600; x_wconf 80' lang='lat' dir='ltr'>nulla</span> <span class='ocrx_word' id='word_1_171' title='bbox 369 1574 420 1600; x_wconf 90' lang='lat' dir='ltr'>est</span> <span class='ocrx_word' id='word_1_172' title='bbox 435 1567 531 1599; x_wconf 88' lang='lat' dir='ltr'>ratio.</span> 
     </span>
    </p>

    <p class='ocr_par' dir='ltr' id='par_1_6' title="bbox 262 1609 971 1912">
     <span class='ocr_line' id='line_1_24' title="bbox 311 1609 967 1651; baseline -0.006 -8"><span class='ocrx_word' id='word_1_173' title='bbox 311 1613 337 1643; x_wconf 90' lang='grc' dir='ltr'><em>Α</em></span> <span class='ocrx_word' id='word_1_174' title='bbox 368 1613 403 1643; x_wconf 81' lang='lat' dir='ltr'>S.</span> <span class='ocrx_word' id='word_1_175' title='bbox 422 1613 463 1643; x_wconf 93' lang='lat' dir='ltr'>P.</span> <span class='ocrx_word' id='word_1_176' title='bbox 482 1612 524 1642; x_wconf 91' lang='lat' dir='ltr'>R.</span> <span class='ocrx_word' id='word_1_177' title='bbox 555 1621 575 1641; x_wconf 84' lang='lat' dir='ltr'>a</span> <span class='ocrx_word' id='word_1_178' title='bbox 600 1612 720 1641; x_wconf 80' lang='lat' dir='ltr'>Senatu</span> <span class='ocrx_word' id='word_1_179' title='bbox 747 1609 871 1651; x_wconf 90' lang='lat' dir='ltr'>Populi</span> <span class='ocrx_word' id='word_1_180' title='bbox 898 1611 967 1640; x_wconf 89' lang='lat' dir='ltr'>Ro-</span> 
     </span>
     <span class='ocr_line' id='line_1_25' title="bbox 265 1653 969 1694; baseline -0.004 -8"><span class='ocrx_word' id='word_1_181' title='bbox 265 1654 368 1686; x_wconf 83' lang='lat' dir='ltr'>mani.</span> <span class='ocrx_word' id='word_1_182' title='bbox 385 1654 433 1685; x_wconf 88' lang='lat' dir='ltr'>sic</span> <span class='ocrx_word' id='word_1_183' title='bbox 448 1653 668 1694; x_wconf 82' lang='lat' dir='ltr'>antiquissimi</span> <span class='ocrx_word' id='word_1_184' title='bbox 685 1653 831 1685; x_wconf 80' lang='lat' dir='ltr'>codices.</span> <span class='ocrx_word' id='word_1_185' title='bbox 851 1654 969 1694; x_wconf 84' lang='lat' dir='ltr'>probat</span> 
     </span>
     <span class='ocr_line' id='line_1_26' title="bbox 266 1697 968 1739; baseline -0.001 -10"><span class='ocrx_word' id='word_1_186' title='bbox 266 1698 483 1739; x_wconf 85' lang='lat' dir='ltr'>Oudendorp.</span> <span class='ocrx_word' id='word_1_187' title='bbox 498 1703 599 1728; x_wconf 87' lang='lat' dir='ltr'>recte.</span> <span class='ocrx_word' id='word_1_188' title='bbox 611 1698 653 1728; x_wconf 90' lang='lat' dir='ltr'>V.</span> <span class='ocrx_word' id='word_1_189' title='bbox 665 1697 809 1728; x_wconf 82' lang='lat' dir='ltr'>Brisson.</span> <span class='ocrx_word' id='word_1_190' title='bbox 820 1698 861 1727; x_wconf 87' lang='lat' dir='ltr'>de</span> <span class='ocrx_word' id='word_1_191' title='bbox 873 1698 968 1728; x_wconf 81' lang='lat' dir='ltr'>form.</span> 
     </span>
     <span class='ocr_line' id='line_1_27' title="bbox 266 1741 971 1782; baseline -0.003 -9"><span class='ocrx_word' id='word_1_192' title='bbox 266 1743 371 1779; x_wconf 73' lang='lat'>2,125</span> <span class='ocrx_word' id='word_1_193' title='bbox 383 1752 451 1782; x_wconf 90' lang='lat' dir='ltr'>seq.</span> <span class='ocrx_word' id='word_1_194' title='bbox 474 1741 593 1772; x_wconf 80' lang='lat' dir='ltr'>Lectio</span> <span class='ocrx_word' id='word_1_195' title='bbox 604 1741 736 1782; x_wconf 77' lang='lat' dir='ltr'>vulgata</span> <span class='ocrx_word' id='word_1_196' title='bbox 745 1753 767 1772; x_wconf 81' lang='lat' dir='ltr'>a</span> <span class='ocrx_word' id='word_1_197' title='bbox 779 1744 813 1771; x_wconf 82' lang='lat' dir='ltr'>S.</span> <span class='ocrx_word' id='word_1_198' title='bbox 826 1742 866 1772; x_wconf 74' lang='lat' dir='ltr'>P.</span> <span class='ocrx_word' id='word_1_199' title='bbox 879 1744 916 1775; x_wconf 75' lang='lat' dir='ltr'>Q.</span> <span class='ocrx_word' id='word_1_200' title='bbox 929 1742 971 1771; x_wconf 80' lang='lat' dir='ltr'>R.</span> 
     </span>
     <span class='ocr_line' id='line_1_28' title="bbox 262 1785 961 1825; baseline -0.001 -10"><span class='ocrx_word' id='word_1_201' title='bbox 262 1785 404 1816; x_wconf 88' lang='lat' dir='ltr'>debetur</span> <span class='ocrx_word' id='word_1_202' title='bbox 413 1785 777 1825; x_wconf 78' lang='lat' dir='ltr'>librariis‚f1·equenten1</span> <span class='ocrx_word' id='word_1_203' title='bbox 787 1785 961 1815; x_wconf 81' lang='lat' dir='ltr'>formulam</span> 
     </span>
     <span class='ocr_line' id='line_1_29' title="bbox 265 1827 967 1869; baseline -0.003 -9"><span class='ocrx_word' id='word_1_204' title='bbox 265 1828 387 1860; x_wconf 88' lang='lat' dir='ltr'>inscite</span> <span class='ocrx_word' id='word_1_205' title='bbox 405 1828 664 1869; x_wconf 76' lang='lat' dir='ltr'>praeferentibus.</span> <span class='ocrx_word' id='word_1_206' title='bbox 710 1830 773 1860; x_wconf 87' lang='lat' dir='ltr'>Sed</span> <span class='ocrx_word' id='word_1_207' title='bbox 790 1827 865 1859; x_wconf 82' lang='lat' dir='ltr'>vide</span> <span class='ocrx_word' id='word_1_208' title='bbox 884 1827 967 1858; x_wconf 84' lang='lat' dir='ltr'>infra</span> 
     </span>
     <span class='ocr_line' id='line_1_30' title="bbox 267 1873 496 1912; baseline -0.004 -8"><span class='ocrx_word' id='word_1_209' title='bbox 267 1875 300 1912; x_wconf 80' lang='lat'>4,</span> <span class='ocrx_word' id='word_1_210' title='bbox 321 1874 370 1911; x_wconf 77' lang='lat'>12,</span> <span class='ocrx_word' id='word_1_211' title='bbox 394 1873 426 1910; x_wconf 80' lang='grc'>7,</span> <span class='ocrx_word' id='word_1_212' title='bbox 444 1875 496 1903; x_wconf 85' lang='grc'>31.</span> 
     </span>
    </p>

    <p class='ocr_par' dir='ltr' id='par_1_7' title="bbox 260 1913 969 2045">
     <span class='ocr_line' id='line_1_31' title="bbox 320 1913 969 1956; baseline -0.005 -9"><span class='ocrx_word' id='word_1_213' title='bbox 320 1918 359 1948; x_wconf 69' lang='grc' dir='ltr'>[ἰ</span> <span class='ocrx_word' id='word_1_214' title='bbox 381 1920 745 1956; x_wconf 62' lang='lat' dir='ltr'>myrtum-occuparet.</span> <span class='ocrx_word' id='word_1_215' title='bbox 769 1922 806 1946; x_wconf 86' lang='lat' dir='ltr'>ut</span> <span class='ocrx_word' id='word_1_216' title='bbox 830 1913 969 1956; x_wconf 66' lang='lat' dir='ltr'>tyranni-</span> 
     </span>
     <span class='ocr_line' id='line_1_32' title="bbox 265 1958 969 2001; baseline -0.001 -11"><span class='ocrx_word' id='word_1_217' title='bbox 265 1960 344 1990; x_wconf 87' lang='lat' dir='ltr'>dem</span> <span class='ocrx_word' id='word_1_218' title='bbox 372 1959 565 1991; x_wconf 81' lang='lat' dir='ltr'>adl&#39;ectaret.</span> <span class='ocrx_word' id='word_1_219' title='bbox 626 1959 707 1990; x_wconf 78' lang='lat' dir='ltr'>Mox</span> <span class='ocrx_word' id='word_1_220' title='bbox 738 1958 819 1990; x_wconf 83' lang='lat' dir='ltr'>dicit</span> <span class='ocrx_word' id='word_1_221' title='bbox 846 1960 969 2001; x_wconf 71' lang='lat' dir='ltr'>princi-</span> 
     </span>
     <span class='ocr_line' id='line_1_33' title="bbox 260 2004 469 2045; baseline -0.01 -10"><span class='ocrx_word' id='word_1_222' title='bbox 260 2008 394 2045; x_wconf 71' lang='lat' dir='ltr'>patum.</span> <span class='ocrx_word' id='word_1_223' title='bbox 420 2004 469 2034; x_wconf 83' lang='lat' dir='ltr'>M.</span> 
     </span>
    </p>

    <p class='ocr_par' dir='ltr' id='par_1_8' title="bbox 266 2045 971 2641">
     <span class='ocr_line' id='line_1_34' title="bbox 317 2045 970 2088; baseline -0.003 -11"><span class='ocrx_word' id='word_1_224' title='bbox 317 2048 531 2088; x_wconf 66' lang='lat' dir='ltr'>Dumnorigi.</span> <span class='ocrx_word' id='word_1_225' title='bbox 567 2045 649 2077; x_wconf 87' lang='lat' dir='ltr'>Levi</span> <span class='ocrx_word' id='word_1_226' title='bbox 660 2046 691 2076; x_wconf 92' lang='lat' dir='ltr'>in</span> <span class='ocrx_word' id='word_1_227' title='bbox 697 2045 838 2077; x_wconf 81' lang='lat' dir='ltr'>flexione</span> <span class='ocrx_word' id='word_1_228' title='bbox 851 2045 881 2076; x_wconf 89' lang='lat' dir='ltr'>in</span> <span class='ocrx_word' id='word_1_229' title='bbox 892 2045 970 2076; x_wconf 79' lang='lat' dir='ltr'>Gal-</span> 
     </span>
     <span class='ocr_line' id='line_1_35' title="bbox 266 2088 971 2126; baseline -0.001 -6"><span class='ocrx_word' id='word_1_230' title='bbox 266 2088 345 2120; x_wconf 85' lang='lat' dir='ltr'>licis</span> <span class='ocrx_word' id='word_1_231' title='bbox 363 2090 473 2120; x_wconf 83' lang='lat' dir='ltr'>numis</span> <span class='ocrx_word' id='word_1_232' title='bbox 497 2090 642 2121; x_wconf 86' lang='lat' dir='ltr'>occurrit</span> <span class='ocrx_word' id='word_1_233' title='bbox 658 2091 848 2126; x_wconf 66' lang='lat' dir='ltr'>Dubnoreoe,</span> <span class='ocrx_word' id='word_1_234' title='bbox 874 2090 971 2120; x_wconf 71' lang='lat' dir='ltr'>Dub-</span> 
     </span>
     <span class='ocr_line' id='line_1_36' title="bbox 267 2132 970 2172; baseline -0.003 -8"><span class='ocrx_word' id='word_1_235' title='bbox 267 2134 394 2170; x_wconf 70' lang='lat' dir='ltr'>noreicc,</span> <span class='ocrx_word' id='word_1_236' title='bbox 411 2132 539 2164; x_wconf 85' lang='lat' dir='ltr'>diverso</span> <span class='ocrx_word' id='word_1_237' title='bbox 559 2135 749 2172; x_wconf 72' lang='lat' dir='ltr'>schemate3</span> <span class='ocrx_word' id='word_1_238' title='bbox 772 2143 855 2164; x_wconf 88' lang='lat' dir='ltr'>nunc</span> <span class='ocrx_word' id='word_1_239' title='bbox 873 2132 970 2163; x_wconf 80' lang='lat' dir='ltr'>miles</span> 
     </span>
     <span class='ocr_line' id='line_1_37' title="bbox 266 2177 971 2217; baseline 0 -11"><span class='ocrx_word' id='word_1_240' title='bbox 266 2177 364 2207; x_wconf 83' lang='lat' dir='ltr'>adest</span> <span class='ocrx_word' id='word_1_241' title='bbox 378 2181 466 2207; x_wconf 83' lang='lat' dir='ltr'>stans</span> <span class='ocrx_word' id='word_1_242' title='bbox 480 2182 616 2217; x_wconf 86' lang='lat' dir='ltr'>utraque</span> <span class='ocrx_word' id='word_1_243' title='bbox 628 2187 724 2208; x_wconf 79' lang='lat' dir='ltr'>manu</span> <span class='ocrx_word' id='word_1_244' title='bbox 738 2182 839 2217; x_wconf 81' lang='lat' dir='ltr'>caput</span> <span class='ocrx_word' id='word_1_245' title='bbox 854 2177 971 2207; x_wconf 78' lang='grc'>11111113-</span> 
     </span>
     <span class='ocr_line' id='line_1_38' title="bbox 268 2219 970 2262; baseline -0.003 -11"><span class='ocrx_word' id='word_1_246' title='bbox 268 2229 351 2251; x_wconf 89' lang='lat' dir='ltr'>num</span> <span class='ocrx_word' id='word_1_247' title='bbox 390 2224 515 2257; x_wconf 84' lang='lat' dir='ltr'>tenens,</span> <span class='ocrx_word' id='word_1_248' title='bbox 551 2230 636 2251; x_wconf 87' lang='lat' dir='ltr'>nunc</span> <span class='ocrx_word' id='word_1_249' title='bbox 679 2220 776 2250; x_wconf 84' lang='lat' dir='ltr'>miles</span> <span class='ocrx_word' id='word_1_250' title='bbox 819 2219 970 2262; x_wconf 83' lang='lat' dir='ltr'>gradiens</span> 
     </span>
     <span class='ocr_line' id='line_1_39' title="bbox 267 2263 970 2308; baseline -0.001 -14"><span class='ocrx_word' id='word_1_251' title='bbox 267 2272 388 2303; x_wconf 75' lang='lat' dir='ltr'>aprum</span> <span class='ocrx_word' id='word_1_252' title='bbox 406 2263 500 2308; x_wconf 71' lang='lat' dir='ltr'>hasta</span> <span class='ocrx_word' id='word_1_253' title='bbox 513 2264 658 2294; x_wconf 77' lang='lat' dir='ltr'>defixum</span> <span class='ocrx_word' id='word_1_254' title='bbox 681 2269 824 2304; x_wconf 79' lang='lat' dir='ltr'>gestans.</span> <span class='ocrx_word' id='word_1_255' title='bbox 871 2265 970 2304; x_wconf 78' lang='lat' dir='ltr'>Aper.</span> 
     </span>
     <span class='ocr_line' id='line_1_40' title="bbox 270 2306 970 2348; baseline 0.001 -12"><span class='ocrx_word' id='word_1_256' title='bbox 270 2306 461 2346; x_wconf 85' lang='lat' dir='ltr'>symbolum</span> <span class='ocrx_word' id='word_1_257' title='bbox 481 2306 693 2344; x_wconf 75' lang='lat' dir='ltr'>fortitudinis,</span> <span class='ocrx_word' id='word_1_258' title='bbox 709 2308 859 2348; x_wconf 81' lang='lat' dir='ltr'>frequens</span> <span class='ocrx_word' id='word_1_259' title='bbox 880 2308 970 2347; x_wconf 84' lang='lat' dir='ltr'>apud</span> 
     </span>
     <span class='ocr_line' id='line_1_41' title="bbox 269 2349 969 2391; baseline 0 -11"><span class='ocrx_word' id='word_1_260' title='bbox 269 2349 385 2380; x_wconf 82' lang='lat' dir='ltr'>Gallos</span> <span class='ocrx_word' id='word_1_261' title='bbox 414 2356 448 2380; x_wconf 82' lang='lat' dir='ltr'>et</span> <span class='ocrx_word' id='word_1_262' title='bbox 476 2351 645 2391; x_wconf 83' lang='lat' dir='ltr'>Hispanos</span> <span class='ocrx_word' id='word_1_263' title='bbox 676 2350 707 2380; x_wconf 89' lang='lat' dir='ltr'>in</span> <span class='ocrx_word' id='word_1_264' title='bbox 738 2350 858 2382; x_wconf 86' lang='lat' dir='ltr'>numis.</span> <span class='ocrx_word' id='word_1_265' title='bbox 889 2350 969 2381; x_wconf 82' lang='lat' dir='ltr'>item</span> 
     </span>
     <span class='ocr_line' id='line_1_42' title="bbox 270 2392 969 2431; baseline 0 -8"><span class='ocrx_word' id='word_1_266' title='bbox 270 2392 443 2424; x_wconf 84' lang='lat' dir='ltr'>Germanis</span> <span class='ocrx_word' id='word_1_267' title='bbox 472 2393 503 2425; x_wconf 93' lang='lat' dir='ltr'>in</span> <span class='ocrx_word' id='word_1_268' title='bbox 530 2395 666 2431; x_wconf 79' lang='lat' dir='ltr'>honore,</span> <span class='ocrx_word' id='word_1_269' title='bbox 689 2400 771 2425; x_wconf 80' lang='lat' dir='ltr'>teste</span> <span class='ocrx_word' id='word_1_270' title='bbox 794 2394 912 2424; x_wconf 86' lang='lat' dir='ltr'>Tacito</span> <span class='ocrx_word' id='word_1_271' title='bbox 937 2393 969 2423; x_wconf 91' lang='lat' dir='ltr'>in</span> 
     </span>
     <span class='ocr_line' id='line_1_43' title="bbox 270 2436 969 2468; baseline -0.001 -1"><span class='ocrx_word' id='word_1_272' title='bbox 270 2436 384 2467; x_wconf 81' lang='lat' dir='ltr'>Germ.</span> <span class='ocrx_word' id='word_1_273' title='bbox 401 2447 432 2467; x_wconf 91' lang='lat' dir='ltr'>c.</span> <span class='ocrx_word' id='word_1_274' title='bbox 444 2440 498 2468; x_wconf 71' lang='lat'>45.</span> <span class='ocrx_word' id='word_1_275' title='bbox 535 2437 687 2468; x_wconf 76' lang='lat' dir='ltr'>Occurrit</span> <span class='ocrx_word' id='word_1_276' title='bbox 702 2444 735 2468; x_wconf 76' lang='lat' dir='ltr'>et</span> <span class='ocrx_word' id='word_1_277' title='bbox 751 2437 782 2468; x_wconf 88' lang='lat' dir='ltr'>in</span> <span class='ocrx_word' id='word_1_278' title='bbox 802 2439 969 2468; x_wconf 69' lang='lat' dir='ltr'>Romans·-</span> 
     </span>
     <span class='ocr_line' id='line_1_44' title="bbox 269 2480 970 2522; baseline 0.001 -12"><span class='ocrx_word' id='word_1_279' title='bbox 269 2490 346 2511; x_wconf 78' lang='lat' dir='ltr'>rum</span> <span class='ocrx_word' id='word_1_280' title='bbox 374 2480 575 2512; x_wconf 84' lang='lat' dir='ltr'>militaribus</span> <span class='ocrx_word' id='word_1_281' title='bbox 603 2480 714 2522; x_wconf 80' lang='lat' dir='ltr'>signis.</span> <span class='ocrx_word' id='word_1_282' title='bbox 764 2482 805 2511; x_wconf 65' lang='lat' dir='ltr'>V.</span> <span class='ocrx_word' id='word_1_283' title='bbox 824 2481 908 2511; x_wconf 89' lang='lat' dir='ltr'>Plin.</span> <span class='ocrx_word' id='word_1_284' title='bbox 927 2482 970 2511; x_wconf 81' lang='lat' dir='ltr'>H.</span> 
     </span>
     <span class='ocr_line' id='line_1_45' title="bbox 271 2523 971 2561; baseline 0.003 -8"><span class='ocrx_word' id='word_1_285' title='bbox 271 2523 315 2553; x_wconf 90' lang='lat' dir='ltr'>N.</span> <span class='ocrx_word' id='word_1_286' title='bbox 337 2526 386 2561; x_wconf 80' lang='lat'>10,</span> <span class='ocrx_word' id='word_1_287' title='bbox 403 2528 433 2554; x_wconf 89' lang='lat'>5.</span> <span class='ocrx_word' id='word_1_288' title='bbox 482 2524 614 2555; x_wconf 80' lang='lat' dir='ltr'>Postica</span> <span class='ocrx_word' id='word_1_289' title='bbox 638 2524 728 2556; x_wconf 87' lang='lat' dir='ltr'>numi</span> <span class='ocrx_word' id='word_1_290' title='bbox 755 2525 853 2555; x_wconf 69' lang='lat' dir='ltr'>habet</span> <span class='ocrx_word' id='word_1_291' title='bbox 881 2534 971 2555; x_wconf 62' lang='grc'>[1111-</span> 
     </span>
     <span class='ocr_line' id='line_1_46' title="bbox 270 2568 971 2609; baseline 0.003 -13"><span class='ocrx_word' id='word_1_292' title='bbox 270 2576 513 2604; x_wconf 72' lang='lat' dir='ltr'>NACos‚sensu</span> <span class='ocrx_word' id='word_1_293' title='bbox 530 2568 645 2600; x_wconf 89' lang='lat' dir='ltr'>dubio.</span> <span class='ocrx_word' id='word_1_294' title='bbox 691 2569 834 2605; x_wconf 75' lang='lat' dir='ltr'>Eckhel,</span> <span class='ocrx_word' id='word_1_295' title='bbox 853 2569 874 2598; x_wconf 95' lang='lat' dir='ltr'>l.</span> <span class='ocrx_word' id='word_1_296' title='bbox 890 2579 919 2599; x_wconf 91' lang='lat' dir='ltr'>c.</span> <span class='ocrx_word' id='word_1_297' title='bbox 938 2580 971 2609; x_wconf 82' lang='lat' dir='ltr'>p.</span> 
     </span>
     <span class='ocr_line' id='line_1_47' title="bbox 274 2612 434 2641; baseline 0.006 -1"><span class='ocrx_word' id='word_1_298' title='bbox 274 2612 314 2640; x_wconf 72' lang='lat'>62</span> <span class='ocrx_word' id='word_1_299' title='bbox 333 2616 366 2640; x_wconf 82' lang='lat' dir='ltr'>et</span> <span class='ocrx_word' id='word_1_300' title='bbox 381 2612 434 2641; x_wconf 80' lang='lat'>74.</span> 
     </span>
    </p>

    <p class='ocr_par' dir='ltr' id='par_1_9' title="bbox 273 2654 973 2730">
     <span class='ocr_line' id='line_1_48' title="bbox 321 2654 973 2696; baseline 0.003 -13"><span class='ocrx_word' id='word_1_301' title='bbox 321 2654 365 2684; x_wconf 82' lang='lat' dir='ltr'>In</span> <span class='ocrx_word' id='word_1_302' title='bbox 377 2655 513 2686; x_wconf 65' lang='lat' dir='ltr'>cit-itate.</span> <span class='ocrx_word' id='word_1_303' title='bbox 544 2655 653 2696; x_wconf 65' lang='lat' dir='ltr'>Vulgo</span> <span class='ocrx_word' id='word_1_304' title='bbox 668 2655 792 2685; x_wconf 82' lang='lat' dir='ltr'>addunt</span> <span class='ocrx_word' id='word_1_305' title='bbox 806 2665 877 2686; x_wconf 75' lang='lat' dir='ltr'>sua.</span> <span class='ocrx_word' id='word_1_306' title='bbox 910 2656 973 2685; x_wconf 67' lang='lat' dir='ltr'>Sed</span> 
     </span>
     <span class='ocr_line' id='line_1_49' title="bbox 273 2695 741 2730; baseline 0.006 -4"><span class='ocrx_word' id='word_1_307' title='bbox 273 2706 295 2727; x_wconf 81' lang='lat' dir='ltr'>a</span> <span class='ocrx_word' id='word_1_308' title='bbox 310 2695 406 2727; x_wconf 88' lang='lat' dir='ltr'>bonis</span> <span class='ocrx_word' id='word_1_309' title='bbox 422 2698 519 2729; x_wconf 89' lang='lat' dir='ltr'>codd.</span> <span class='ocrx_word' id='word_1_310' title='bbox 536 2699 621 2730; x_wconf 83' lang='lat' dir='ltr'>bene</span> <span class='ocrx_word' id='word_1_311' title='bbox 635 2698 741 2730; x_wconf 77' lang='lat' dir='ltr'>abest.</span> 
     </span>
    </p>

    <p class='ocr_par' dir='ltr' id='par_1_10' title="bbox 273 2741 977 3043">
     <span class='ocr_line' id='line_1_50' title="bbox 325 2741 972 2783; baseline 0.003 -13"><span class='ocrx_word' id='word_1_312' title='bbox 325 2741 517 2772; x_wconf 75' lang='lat' dir='ltr'>Conaretur.</span> <span class='ocrx_word' id='word_1_313' title='bbox 551 2744 650 2774; x_wconf 76' lang='lat' dir='ltr'>l&#39;utct</span> <span class='ocrx_word' id='word_1_314' title='bbox 664 2741 784 2783; x_wconf 81' lang='lat' dir='ltr'>aliquis</span> <span class='ocrx_word' id='word_1_315' title='bbox 799 2743 972 2783; x_wconf 76' lang='lat' dir='ltr'>legendum</span> 
     </span>
     <span class='ocr_line' id='line_1_51' title="bbox 275 2785 974 2827; baseline 0.004 -14"><span class='ocrx_word' id='word_1_316' title='bbox 275 2788 420 2821; x_wconf 78' lang='lat' dir='ltr'>conetur,</span> <span class='ocrx_word' id='word_1_317' title='bbox 443 2790 479 2814; x_wconf 89' lang='lat' dir='ltr'>ut</span> <span class='ocrx_word' id='word_1_318' title='bbox 503 2790 635 2827; x_wconf 88' lang='lat' dir='ltr'>tempus</span> <span class='ocrx_word' id='word_1_319' title='bbox 658 2797 799 2826; x_wconf 66' lang='lat' dir='ltr'>praesens</span> <span class='ocrx_word' id='word_1_320' title='bbox 823 2785 974 2826; x_wconf 68' lang='lat' dir='ltr'>praesenti</span> 
     </span>
     <span class='ocr_line' id='line_1_52' title="bbox 274 2827 975 2869; baseline 0.004 -13"><span class='ocrx_word' id='word_1_321' title='bbox 274 2827 487 2867; x_wconf 79' lang='lat' dir='ltr'>respondeat.</span> <span class='ocrx_word' id='word_1_322' title='bbox 530 2831 594 2860; x_wconf 89' lang='lat' dir='ltr'>Sed</span> <span class='ocrx_word' id='word_1_323' title='bbox 626 2829 659 2860; x_wconf 87' lang='lat' dir='ltr'>in</span> <span class='ocrx_word' id='word_1_324' title='bbox 688 2829 869 2860; x_wconf 82' lang='lat' dir='ltr'>narratione</span> <span class='ocrx_word' id='word_1_325' title='bbox 900 2835 975 2869; x_wconf 76' lang='lat' dir='ltr'>post</span> 
     </span>
     <span class='ocr_line' id='line_1_53' title="bbox 277 2869 977 2914; baseline 0.006 -15"><span class='ocrx_word' id='word_1_326' title='bbox 277 2869 464 2910; x_wconf 75' lang='lat' dir='ltr'>praesentia,</span> <span class='ocrx_word' id='word_1_327' title='bbox 478 2882 552 2911; x_wconf 75' lang='lat' dir='ltr'>quae</span> <span class='ocrx_word' id='word_1_328' title='bbox 571 2872 838 2914; x_wconf 84' lang='lat' dir='ltr'>imperfectorum</span> <span class='ocrx_word' id='word_1_329' title='bbox 855 2878 888 2903; x_wconf 89' lang='lat' dir='ltr'>et</span> <span class='ocrx_word' id='word_1_330' title='bbox 904 2883 977 2913; x_wconf 74' lang='lat' dir='ltr'>pcr-</span> 
     </span>
     <span class='ocr_line' id='line_1_54' title="bbox 275 2912 975 2961; baseline 0.006 -19"><span class='ocrx_word' id='word_1_331' title='bbox 275 2912 440 2961; x_wconf 62' lang='lat' dir='ltr'>fectorum</span> <span class='ocrx_word' id='word_1_332' title='bbox 451 2914 563 2946; x_wconf 86' lang='lat' dir='ltr'>locum</span> <span class='ocrx_word' id='word_1_333' title='bbox 573 2922 694 2948; x_wconf 80' lang='lat' dir='ltr'>tenent.</span> <span class='ocrx_word' id='word_1_334' title='bbox 704 2923 865 2957; x_wconf 85' lang='lat' dir='ltr'>ponuntur</span> <span class='ocrx_word' id='word_1_335' title='bbox 873 2917 975 2946; x_wconf 73' lang='lat' dir='ltr'>etiam</span> 
     </span>
     <span class='ocr_line' id='line_1_55' title="bbox 274 2956 975 2997; baseline 0.004 -11"><span class='ocrx_word' id='word_1_336' title='bbox 274 2956 484 2997; x_wconf 66' lang='lat' dir='ltr'>imperfecta.</span> <span class='ocrx_word' id='word_1_337' title='bbox 517 2959 598 2990; x_wconf 71' lang='lat' dir='ltr'>Haec</span> <span class='ocrx_word' id='word_1_338' title='bbox 616 2960 767 2991; x_wconf 83' lang='lat' dir='ltr'>Davisius</span> <span class='ocrx_word' id='word_1_339' title='bbox 782 2959 975 2991; x_wconf 79' lang='lat' dir='ltr'>etClarkius</span> 
     </span>
     <span class='ocr_line' id='line_1_56' title="bbox 273 2999 976 3043; baseline 0.003 -13"><span class='ocrx_word' id='word_1_340' title='bbox 273 2999 402 3031; x_wconf 86' lang='lat' dir='ltr'>centies</span> <span class='ocrx_word' id='word_1_341' title='bbox 440 3000 487 3032; x_wconf 86' lang='lat' dir='ltr'>ita</span> <span class='ocrx_word' id='word_1_342' title='bbox 521 3003 683 3043; x_wconf 79' lang='lat' dir='ltr'>corrigere</span> <span class='ocrx_word' id='word_1_343' title='bbox 718 3005 902 3041; x_wconf 82' lang='lat' dir='ltr'>voluerunt,</span> <span class='ocrx_word' id='word_1_344' title='bbox 940 3014 958 3033; x_wconf 91' lang='grc'>11</span> <span class='ocrx_word' id='word_1_345' title='bbox 966 3009 976 3033; x_wconf 79' lang='lat' dir='ltr'>t</span> 
     </span>
    </p>
   </div>
   <div class='ocr_carea' id='block_1_5' title="bbox 270 3042 975 3091">
    <p class='ocr_par' dir='ltr' id='par_1_11' title="bbox 270 3042 975 3091">
     <span class='ocr_line' id='line_1_57' title="bbox 270 3042 975 3091; baseline 0.004 -15"><span class='ocrx_word' id='word_1_346' title='bbox 270 3049 361 3079; x_wconf 69' lang='lat' dir='ltr'>esset</span> <span class='ocrx_word' id='word_1_347' title='bbox 378 3042 504 3088; x_wconf 87' lang='lat' dir='ltr'>ubique</span> <span class='ocrx_word' id='word_1_348' title='bbox 526 3045 675 3089; x_wconf 83' lang='lat' dir='ltr'>legitima</span> <span class='ocrx_word' id='word_1_349' title='bbox 691 3052 878 3091; x_wconf 83' lang='lat' dir='ltr'>temporum</span> <span class='ocrx_word' id='word_1_350' title='bbox 896 3057 975 3080; x_wconf 87' lang='lat' dir='ltr'>cou-</span> 
     </span>
    </p>
   </div>
   <div class='ocr_carea' id='block_1_6' title="bbox 1034 1390 1738 2566">
    <p class='ocr_par' dir='ltr' id='par_1_12' title="bbox 1034 1390 1736 1816">
     <span class='ocr_line' id='line_1_58' title="bbox 1034 1390 1734 1433; baseline -0.004 -10"><span class='ocrx_word' id='word_1_351' title='bbox 1034 1393 1183 1431; x_wconf 59' lang='grc' dir='ltr'>300011ος</span> <span class='ocrx_word' id='word_1_352' title='bbox 1215 1393 1271 1423; x_wconf 81' lang='lat' dir='ltr'>sed</span> <span class='ocrx_word' id='word_1_353' title='bbox 1295 1391 1420 1423; x_wconf 81' lang='lat' dir='ltr'>centies</span> <span class='ocrx_word' id='word_1_354' title='bbox 1448 1390 1637 1433; x_wconf 81' lang='lat' dir='ltr'>reprehensi</span> <span class='ocrx_word' id='word_1_355' title='bbox 1660 1395 1734 1422; x_wconf 89' lang='lat' dir='ltr'>sunt</span> 
     </span>
     <span class='ocr_line' id='line_1_59' title="bbox 1034 1434 1734 1477; baseline -0.004 -10"><span class='ocrx_word' id='word_1_356' title='bbox 1034 1437 1077 1467; x_wconf 81' lang='lat' dir='ltr'>ab</span> <span class='ocrx_word' id='word_1_357' title='bbox 1116 1436 1367 1477; x_wconf 82' lang='lat' dir='ltr'>Oudendorpio.</span> <span class='ocrx_word' id='word_1_358' title='bbox 1412 1437 1488 1467; x_wconf 85' lang='lat' dir='ltr'>Jam</span> <span class='ocrx_word' id='word_1_359' title='bbox 1524 1434 1655 1466; x_wconf 81' lang='lat' dir='ltr'>Cortius</span> <span class='ocrx_word' id='word_1_360' title='bbox 1691 1434 1734 1465; x_wconf 84' lang='lat' dir='ltr'>ad</span> 
     </span>
     <span class='ocr_line' id='line_1_60' title="bbox 1035 1479 1732 1517; baseline -0.004 -7"><span class='ocrx_word' id='word_1_361' title='bbox 1035 1480 1168 1511; x_wconf 81' lang='lat' dir='ltr'>Sallust.</span> <span class='ocrx_word' id='word_1_362' title='bbox 1193 1479 1292 1510; x_wconf 81' lang='lat' dir='ltr'>Catil.</span> <span class='ocrx_word' id='word_1_363' title='bbox 1317 1491 1347 1511; x_wconf 88' lang='lat' dir='ltr'>c.</span> <span class='ocrx_word' id='word_1_364' title='bbox 1372 1481 1411 1509; x_wconf 69' lang='lat'>44</span> <span class='ocrx_word' id='word_1_365' title='bbox 1437 1480 1634 1517; x_wconf 86' lang='lat' dir='ltr'>ostenderat,</span> <span class='ocrx_word' id='word_1_366' title='bbox 1666 1487 1732 1508; x_wconf 91' lang='lat' dir='ltr'>non</span> 
     </span>
     <span class='ocr_line' id='line_1_61' title="bbox 1034 1522 1734 1563; baseline -0.003 -10"><span class='ocrx_word' id='word_1_367' title='bbox 1034 1534 1107 1554; x_wconf 84' lang='lat' dir='ltr'>esse</span> <span class='ocrx_word' id='word_1_368' title='bbox 1137 1523 1247 1554; x_wconf 85' lang='lat' dir='ltr'>omnia</span> <span class='ocrx_word' id='word_1_369' title='bbox 1279 1524 1320 1554; x_wconf 85' lang='lat' dir='ltr'>ad</span> <span class='ocrx_word' id='word_1_370' title='bbox 1346 1534 1444 1554; x_wconf 81' lang='lat' dir='ltr'>unam</span> <span class='ocrx_word' id='word_1_371' title='bbox 1474 1529 1596 1554; x_wconf 83' lang='lat' dir='ltr'>certam</span> <span class='ocrx_word' id='word_1_372' title='bbox 1624 1522 1734 1563; x_wconf 84' lang='lat' dir='ltr'>legem</span> 
     </span>
     <span class='ocr_line' id='line_1_62' title="bbox 1035 1565 1733 1607; baseline -0.003 -10"><span class='ocrx_word' id='word_1_373' title='bbox 1035 1568 1228 1605; x_wconf 83' lang='lat' dir='ltr'>revocanda,</span> <span class='ocrx_word' id='word_1_374' title='bbox 1267 1567 1461 1607; x_wconf 70' lang='lat' dir='ltr'>monuitque</span> <span class='ocrx_word' id='word_1_375' title='bbox 1501 1577 1606 1607; x_wconf 90' lang='lat' dir='ltr'>nuper</span> <span class='ocrx_word' id='word_1_376' title='bbox 1645 1565 1733 1596; x_wconf 89' lang='lat' dir='ltr'>idem</span> 
     </span>
     <span class='ocr_line' id='line_1_63' title="bbox 1037 1609 1734 1649; baseline -0.001 -9"><span class='ocrx_word' id='word_1_377' title='bbox 1037 1610 1261 1641; x_wconf 82' lang='lat' dir='ltr'>Rulmkenius</span> <span class='ocrx_word' id='word_1_378' title='bbox 1275 1611 1316 1641; x_wconf 82' lang='lat' dir='ltr'>ad</span> <span class='ocrx_word' id='word_1_379' title='bbox 1336 1609 1455 1640; x_wconf 83' lang='lat' dir='ltr'>Vellei.</span> <span class='ocrx_word' id='word_1_380' title='bbox 1473 1611 1588 1647; x_wconf 82' lang='lat' dir='ltr'>Pat.1‚</span> <span class='ocrx_word' id='word_1_381' title='bbox 1603 1612 1635 1647; x_wconf 78' lang='lat'>9,</span> <span class='ocrx_word' id='word_1_382' title='bbox 1655 1611 1682 1639; x_wconf 94' lang='grc'>1.</span> <span class='ocrx_word' id='word_1_383' title='bbox 1700 1619 1734 1649; x_wconf 91' lang='lat' dir='ltr'>p.</span> 
     </span>
     <span class='ocr_line' id='line_1_64' title="bbox 1038 1652 1736 1685; baseline -0.004 0"><span class='ocrx_word' id='word_1_384' title='bbox 1038 1657 1089 1685; x_wconf 72' lang='lat'>32.</span> <span class='ocrx_word' id='word_1_385' title='bbox 1120 1654 1168 1684; x_wconf 89' lang='lat' dir='ltr'>De</span> <span class='ocrx_word' id='word_1_386' title='bbox 1185 1655 1246 1685; x_wconf 79' lang='lat' dir='ltr'>hac</span> <span class='ocrx_word' id='word_1_387' title='bbox 1265 1654 1387 1684; x_wconf 78' lang='lat' dir='ltr'>tantula</span> <span class='ocrx_word' id='word_1_388' title='bbox 1401 1665 1434 1684; x_wconf 92' lang='lat' dir='ltr'>re</span> <span class='ocrx_word' id='word_1_389' title='bbox 1449 1654 1552 1684; x_wconf 90' lang='lat' dir='ltr'>semel</span> <span class='ocrx_word' id='word_1_390' title='bbox 1568 1652 1736 1683; x_wconf 83' lang='lat' dir='ltr'>monuisse</span> 
     </span>
     <span class='ocr_line' id='line_1_65' title="bbox 1037 1696 1735 1738; baseline -0.003 -10"><span class='ocrx_word' id='word_1_391' title='bbox 1037 1696 1188 1728; x_wconf 80' lang='lat' dir='ltr'>sufficiat.</span> <span class='ocrx_word' id='word_1_392' title='bbox 1201 1699 1250 1728; x_wconf 78' lang='lat' dir='ltr'>M.</span> <span class='ocrx_word' id='word_1_393' title='bbox 1275 1697 1328 1728; x_wconf 86' lang='lat' dir='ltr'>Sic</span> <span class='ocrx_word' id='word_1_394' title='bbox 1342 1697 1454 1738; x_wconf 83' lang='lat' dir='ltr'>paullo</span> <span class='ocrx_word' id='word_1_395' title='bbox 1468 1703 1542 1728; x_wconf 80' lang='lat' dir='ltr'>ante</span> <span class='ocrx_word' id='word_1_396' title='bbox 1551 1697 1735 1737; x_wconf 74' lang='lat' dir='ltr'>persuadet,</span> 
     </span>
     <span class='ocr_line' id='line_1_66' title="bbox 1038 1742 1736 1782; baseline 0 -13"><span class='ocrx_word' id='word_1_397' title='bbox 1038 1747 1074 1772; x_wconf 75' lang='lat' dir='ltr'>ut</span> <span class='ocrx_word' id='word_1_398' title='bbox 1088 1747 1267 1782; x_wconf 70' lang='lat' dir='ltr'>occuparet,</span> <span class='ocrx_word' id='word_1_399' title='bbox 1290 1747 1323 1771; x_wconf 89' lang='lat' dir='ltr'>et</span> <span class='ocrx_word' id='word_1_400' title='bbox 1339 1752 1369 1771; x_wconf 92' lang='lat' dir='ltr'>c.</span> <span class='ocrx_word' id='word_1_401' title='bbox 1381 1743 1412 1777; x_wconf 85' lang='lat'>9,</span> <span class='ocrx_word' id='word_1_402' title='bbox 1427 1743 1571 1778; x_wconf 74' lang='lat' dir='ltr'>mittunt,</span> <span class='ocrx_word' id='word_1_403' title='bbox 1595 1745 1631 1771; x_wconf 83' lang='lat' dir='ltr'>ut</span> <span class='ocrx_word' id='word_1_404' title='bbox 1646 1742 1736 1781; x_wconf 78' lang='lat' dir='ltr'>inpe-</span> 
     </span>
     <span class='ocr_line' id='line_1_67' title="bbox 1037 1784 1567 1816; baseline 0 -1"><span class='ocrx_word' id='word_1_405' title='bbox 1037 1790 1173 1816; x_wconf 62' lang='grc' dir='ltr'>εγω-9111.</span> <span class='ocrx_word' id='word_1_406' title='bbox 1195 1784 1247 1814; x_wconf 76' lang='lat' dir='ltr'>Cf.</span> <span class='ocrx_word' id='word_1_407' title='bbox 1266 1784 1418 1815; x_wconf 87' lang='lat' dir='ltr'>Oudend.</span> <span class='ocrx_word' id='word_1_408' title='bbox 1432 1785 1473 1814; x_wconf 85' lang='lat' dir='ltr'>ad</span> <span class='ocrx_word' id='word_1_409' title='bbox 1490 1795 1520 1815; x_wconf 87' lang='lat' dir='ltr'>c.</span> <span class='ocrx_word' id='word_1_410' title='bbox 1536 1788 1567 1815; x_wconf 81' lang='lat'>8.</span> 
     </span>
    </p>

    <p class='ocr_par' dir='ltr' id='par_1_13' title="bbox 1036 1825 1736 2130">
     <span class='ocr_line' id='line_1_68' title="bbox 1084 1825 1733 1868; baseline -0.002 -11"><span class='ocrx_word' id='word_1_411' title='bbox 1084 1830 1171 1861; x_wconf 71' lang='lat' dir='ltr'>Quin</span> <span class='ocrx_word' id='word_1_412' title='bbox 1186 1830 1280 1859; x_wconf 76' lang='lat' dir='ltr'>tutius</span> <span class='ocrx_word' id='word_1_413' title='bbox 1299 1829 1414 1859; x_wconf 66' lang='lat' dir='ltr'>Gallia.»</span> <span class='ocrx_word' id='word_1_414' title='bbox 1424 1829 1472 1868; x_wconf 76' lang='lat' dir='ltr'>pl.</span> <span class='ocrx_word' id='word_1_415' title='bbox 1488 1830 1537 1859; x_wconf 84' lang='lat' dir='ltr'>H.</span> <span class='ocrx_word' id='word_1_416' title='bbox 1550 1839 1584 1868; x_wconf 84' lang='lat' dir='ltr'>p.</span> <span class='ocrx_word' id='word_1_417' title='bbox 1602 1827 1626 1857; x_wconf 93' lang='lat'>1.</span> <span class='ocrx_word' id='word_1_418' title='bbox 1637 1825 1676 1857; x_wconf 89' lang='lat' dir='ltr'>C.</span> <span class='ocrx_word' id='word_1_419' title='bbox 1687 1826 1733 1856; x_wconf 91' lang='lat' dir='ltr'>H.</span> 
     </span>
     <span class='ocr_line' id='line_1_69' title="bbox 1037 1870 1736 1912; baseline -0.001 -11"><span class='ocrx_word' id='word_1_420' title='bbox 1037 1870 1133 1901; x_wconf 82' lang='lat' dir='ltr'>inseri</span> <span class='ocrx_word' id='word_1_421' title='bbox 1151 1871 1304 1912; x_wconf 81' lang='lat' dir='ltr'>vultproe</span> <span class='ocrx_word' id='word_1_422' title='bbox 1317 1873 1425 1902; x_wconf 56' lang='lat' dir='ltr'>incolt&lt;</span> <span class='ocrx_word' id='word_1_423' title='bbox 1439 1877 1493 1902; x_wconf 76' lang='lat' dir='ltr'>tot.</span> <span class='ocrx_word' id='word_1_424' title='bbox 1512 1872 1598 1903; x_wconf 74' lang='lat' dir='ltr'>Gall.</span> <span class='ocrx_word' id='word_1_425' title='bbox 1637 1871 1736 1900; x_wconf 86' lang='lat' dir='ltr'>Putat</span> 
     </span>
     <span class='ocr_line' id='line_1_70' title="bbox 1036 1913 1735 1955; baseline -0.001 -11"><span class='ocrx_word' id='word_1_426' title='bbox 1036 1914 1173 1955; x_wconf 73' lang='lat' dir='ltr'>quippe,</span> <span class='ocrx_word' id='word_1_427' title='bbox 1189 1914 1362 1945; x_wconf 88' lang='lat' dir='ltr'>Helvetios</span> <span class='ocrx_word' id='word_1_428' title='bbox 1377 1926 1396 1946; x_wconf 88' lang='lat' dir='ltr'>a</span> <span class='ocrx_word' id='word_1_429' title='bbox 1411 1914 1538 1945; x_wconf 84' lang='lat' dir='ltr'>Caesare</span> <span class='ocrx_word' id='word_1_430' title='bbox 1553 1924 1617 1944; x_wconf 89' lang='lat' dir='ltr'>non</span> <span class='ocrx_word' id='word_1_431' title='bbox 1633 1913 1735 1945; x_wconf 83' lang='lat' dir='ltr'>fuisse</span> 
     </span>
     <span class='ocr_line' id='line_1_71' title="bbox 1037 1958 1736 1998; baseline -0.003 -9"><span class='ocrx_word' id='word_1_432' title='bbox 1037 1958 1154 1989; x_wconf 80' lang='lat' dir='ltr'>Galliae</span> <span class='ocrx_word' id='word_1_433' title='bbox 1175 1958 1374 1989; x_wconf 82' lang='lat' dir='ltr'>adcensitos.</span> <span class='ocrx_word' id='word_1_434' title='bbox 1418 1958 1535 1989; x_wconf 84' lang='lat' dir='ltr'>Lectio</span> <span class='ocrx_word' id='word_1_435' title='bbox 1555 1963 1689 1998; x_wconf 85' lang='lat' dir='ltr'>recepta</span> <span class='ocrx_word' id='word_1_436' title='bbox 1705 1967 1736 1987; x_wconf 91' lang='lat' dir='ltr'>c.</span> 
     </span>
     <span class='ocr_line' id='line_1_72' title="bbox 1041 2001 1736 2043; baseline -0.003 -11"><span class='ocrx_word' id='word_1_437' title='bbox 1041 2005 1069 2032; x_wconf 92' lang='lat' dir='ltr'>l.</span> <span class='ocrx_word' id='word_1_438' title='bbox 1095 2001 1151 2032; x_wconf 89' lang='lat' dir='ltr'>ubi</span> <span class='ocrx_word' id='word_1_439' title='bbox 1181 2003 1318 2033; x_wconf 64' lang='lat' dir='ltr'>Heli-etii</span> <span class='ocrx_word' id='word_1_440' title='bbox 1343 2003 1475 2043; x_wconf 74' lang='lat' dir='ltr'>reliquis</span> <span class='ocrx_word' id='word_1_441' title='bbox 1501 2003 1603 2033; x_wconf 78' lang='lat' dir='ltr'>Gallis</span> <span class='ocrx_word' id='word_1_442' title='bbox 1627 2001 1736 2040; x_wconf 88' lang='lat' dir='ltr'>obpo-</span> 
     </span>
     <span class='ocr_line' id='line_1_73' title="bbox 1037 2044 1735 2086; baseline -0.001 -10"><span class='ocrx_word' id='word_1_443' title='bbox 1037 2051 1168 2080; x_wconf 87' lang='lat' dir='ltr'>nuntur.</span> <span class='ocrx_word' id='word_1_444' title='bbox 1191 2045 1387 2076; x_wconf 77' lang='lat' dir='ltr'>contrarium</span> <span class='ocrx_word' id='word_1_445' title='bbox 1411 2046 1522 2085; x_wconf 85' lang='lat' dir='ltr'>docet,</span> <span class='ocrx_word' id='word_1_446' title='bbox 1542 2055 1615 2086; x_wconf 85' lang='lat' dir='ltr'>quae</span> <span class='ocrx_word' id='word_1_447' title='bbox 1635 2044 1735 2075; x_wconf 87' lang='lat' dir='ltr'>verba</span> 
     </span>
     <span class='ocr_line' id='line_1_74' title="bbox 1036 2088 1449 2130; baseline 0.002 -11"><span class='ocrx_word' id='word_1_448' title='bbox 1036 2100 1113 2121; x_wconf 75' lang='lat' dir='ltr'>vero</span> <span class='ocrx_word' id='word_1_449' title='bbox 1130 2088 1264 2120; x_wconf 86' lang='lat' dir='ltr'>criticus</span> <span class='ocrx_word' id='word_1_450' title='bbox 1277 2088 1449 2130; x_wconf 57' lang='lat' dir='ltr'>expungit.</span> 
     </span>
    </p>

    <p class='ocr_par' dir='ltr' id='par_1_14' title="bbox 1084 2131 1735 2173">
     <span class='ocr_line' id='line_1_75' title="bbox 1084 2131 1735 2173; baseline -0.003 -9"><span class='ocrx_word' id='word_1_451' title='bbox 1084 2135 1309 2165; x_wconf 72' lang='lat' dir='ltr'>Firmissiwws.</span> <span class='ocrx_word' id='word_1_452' title='bbox 1323 2133 1572 2173; x_wconf 60' lang='lat' dir='ltr'>alforcissimos,</span> <span class='ocrx_word' id='word_1_453' title='bbox 1584 2142 1602 2162; x_wconf 86' lang='lat' dir='ltr'>e</span> <span class='ocrx_word' id='word_1_454' title='bbox 1615 2131 1735 2172; x_wconf 79' lang='lat' dir='ltr'>glossa.</span> 
     </span>
    </p>

    <p class='ocr_par' dir='ltr' id='par_1_15' title="bbox 1035 2176 1738 2566">
     <span class='ocr_line' id='line_1_76' title="bbox 1084 2176 1736 2215; baseline -0.006 -7"><span class='ocrx_word' id='word_1_455' title='bbox 1084 2178 1138 2208; x_wconf 71' lang='lat' dir='ltr'>Ea</span> <span class='ocrx_word' id='word_1_456' title='bbox 1158 2187 1208 2208; x_wconf 78' lang='lat' dir='ltr'>res</span> <span class='ocrx_word' id='word_1_457' title='bbox 1226 2183 1261 2208; x_wconf 49' lang='lat' dir='ltr'>*ut</span> <span class='ocrx_word' id='word_1_458' title='bbox 1277 2183 1332 2214; x_wconf 73' lang='lat' dir='ltr'>est,</span> <span class='ocrx_word' id='word_1_459' title='bbox 1352 2182 1408 2208; x_wconf 78' lang='lat' dir='ltr'>ete.</span> <span class='ocrx_word' id='word_1_460' title='bbox 1453 2178 1538 2207; x_wconf 87' lang='lat' dir='ltr'>Ante</span> <span class='ocrx_word' id='word_1_461' title='bbox 1553 2176 1617 2206; x_wconf 89' lang='lat' dir='ltr'>hoc</span> <span class='ocrx_word' id='word_1_462' title='bbox 1634 2180 1736 2215; x_wconf 86' lang='lat' dir='ltr'>caput</span> 
     </span>
     <span class='ocr_line' id='line_1_77' title="bbox 1036 2218 1734 2261; baseline -0.004 -10"><span class='ocrx_word' id='word_1_463' title='bbox 1036 2221 1188 2252; x_wconf 81' lang='lat' dir='ltr'>lacunam</span> <span class='ocrx_word' id='word_1_464' title='bbox 1213 2219 1387 2261; x_wconf 80' lang='lat' dir='ltr'>adgnoscit</span> <span class='ocrx_word' id='word_1_465' title='bbox 1407 2220 1431 2251; x_wconf 95' lang='lat'>1.</span> <span class='ocrx_word' id='word_1_466' title='bbox 1446 2220 1484 2250; x_wconf 91' lang='lat' dir='ltr'>C.</span> <span class='ocrx_word' id='word_1_467' title='bbox 1503 2220 1545 2250; x_wconf 83' lang='lat'>11.</span> <span class='ocrx_word' id='word_1_468' title='bbox 1570 2218 1649 2259; x_wconf 89' lang='lat' dir='ltr'>quia</span> <span class='ocrx_word' id='word_1_469' title='bbox 1670 2228 1734 2248; x_wconf 89' lang='lat' dir='ltr'>non</span> 
     </span>
     <span class='ocr_line' id='line_1_78' title="bbox 1038 2261 1736 2304; baseline -0.004 -10"><span class='ocrx_word' id='word_1_470' title='bbox 1038 2264 1212 2302; x_wconf 71' lang='lat' dir='ltr'>indicetur,</span> <span class='ocrx_word' id='word_1_471' title='bbox 1227 2275 1247 2294; x_wconf 83' lang='grc'>3</span> <span class='ocrx_word' id='word_1_472' title='bbox 1261 2274 1328 2304; x_wconf 88' lang='lat' dir='ltr'>quo</span> <span class='ocrx_word' id='word_1_473' title='bbox 1343 2269 1451 2304; x_wconf 77' lang='lat' dir='ltr'>etqua</span> <span class='ocrx_word' id='word_1_474' title='bbox 1468 2264 1508 2293; x_wconf 82' lang='lat' dir='ltr'>dc</span> <span class='ocrx_word' id='word_1_475' title='bbox 1520 2272 1618 2292; x_wconf 86' lang='lat' dir='ltr'>causa</span> <span class='ocrx_word' id='word_1_476' title='bbox 1629 2261 1736 2302; x_wconf 85' lang='lat' dir='ltr'>Orge-</span> 
     </span>
     <span class='ocr_line' id='line_1_79' title="bbox 1037 2306 1735 2347; baseline -0.004 -9"><span class='ocrx_word' id='word_1_477' title='bbox 1037 2307 1123 2338; x_wconf 78' lang='lat' dir='ltr'>torix</span> <span class='ocrx_word' id='word_1_478' title='bbox 1152 2307 1249 2339; x_wconf 80' lang='lat' dir='ltr'>fuerit</span> <span class='ocrx_word' id='word_1_479' title='bbox 1278 2308 1308 2338; x_wconf 92' lang='grc'>111</span> <span class='ocrx_word' id='word_1_480' title='bbox 1330 2307 1462 2337; x_wconf 86' lang='lat' dir='ltr'>vincula</span> <span class='ocrx_word' id='word_1_481' title='bbox 1485 2306 1655 2347; x_wconf 84' lang='lat' dir='ltr'>conjectus</span> <span class='ocrx_word' id='word_1_482' title='bbox 1678 2315 1735 2335; x_wconf 83' lang='lat' dir='ltr'>ne-</span> 
     </span>
     <span class='ocr_line' id='line_1_80' title="bbox 1035 2348 1736 2392; baseline -0.006 -10"><span class='ocrx_word' id='word_1_483' title='bbox 1035 2362 1101 2392; x_wconf 79' lang='lat' dir='ltr'>que</span> <span class='ocrx_word' id='word_1_484' title='bbox 1128 2350 1328 2392; x_wconf 82' lang='lat' dir='ltr'>conspiratio</span> <span class='ocrx_word' id='word_1_485' title='bbox 1350 2350 1406 2381; x_wconf 80' lang='lat' dir='ltr'>illa</span> <span class='ocrx_word' id='word_1_486' title='bbox 1427 2348 1634 2390; x_wconf 67' lang='lat' dir='ltr'>Orgetorigis</span> <span class='ocrx_word' id='word_1_487' title='bbox 1658 2359 1736 2379; x_wconf 87' lang='lat' dir='ltr'>cum</span> 
     </span>
     <span class='ocr_line' id='line_1_81' title="bbox 1037 2393 1738 2434; baseline -0.004 -9"><span class='ocrx_word' id='word_1_488' title='bbox 1037 2394 1170 2425; x_wconf 79' lang='lat' dir='ltr'>Castico</span> <span class='ocrx_word' id='word_1_489' title='bbox 1194 2401 1228 2425; x_wconf 88' lang='lat' dir='ltr'>et</span> <span class='ocrx_word' id='word_1_490' title='bbox 1252 2393 1456 2434; x_wconf 74' lang='lat' dir='ltr'>Dumnorige</span> <span class='ocrx_word' id='word_1_491' title='bbox 1474 2393 1553 2423; x_wconf 86' lang='lat' dir='ltr'>satis</span> <span class='ocrx_word' id='word_1_492' title='bbox 1573 2393 1660 2423; x_wconf 84' lang='lat' dir='ltr'>clare</span> <span class='ocrx_word' id='word_1_493' title='bbox 1679 2402 1738 2422; x_wconf 78' lang='lat' dir='ltr'>ex—</span> 
     </span>
     <span class='ocr_line' id='line_1_82' title="bbox 1039 2435 1736 2480; baseline -0.006 -11"><span class='ocrx_word' id='word_1_494' title='bbox 1039 2444 1190 2480; x_wconf 86' lang='lat' dir='ltr'>ponatur.</span> <span class='ocrx_word' id='word_1_495' title='bbox 1233 2437 1323 2468; x_wconf 87' lang='lat' dir='ltr'>Mihi</span> <span class='ocrx_word' id='word_1_496' title='bbox 1338 2448 1434 2468; x_wconf 85' lang='lat' dir='ltr'>secus</span> <span class='ocrx_word' id='word_1_497' title='bbox 1450 2436 1590 2467; x_wconf 85' lang='lat' dir='ltr'>videtur.</span> <span class='ocrx_word' id='word_1_498' title='bbox 1630 2435 1736 2476; x_wconf 78' lang='lat' dir='ltr'>Orge—</span> 
     </span>
     <span class='ocr_line' id='line_1_83' title="bbox 1039 2479 1735 2520; baseline -0.006 -7"><span class='ocrx_word' id='word_1_499' title='bbox 1039 2481 1125 2513; x_wconf 82' lang='lat' dir='ltr'>torix</span> <span class='ocrx_word' id='word_1_500' title='bbox 1142 2481 1286 2513; x_wconf 85' lang='lat' dir='ltr'>habebat</span> <span class='ocrx_word' id='word_1_501' title='bbox 1304 2481 1334 2512; x_wconf 93' lang='lat' dir='ltr'>in</span> <span class='ocrx_word' id='word_1_502' title='bbox 1355 2479 1518 2512; x_wconf 81' lang='lat' dir='ltr'>mandatis</span> <span class='ocrx_word' id='word_1_503' title='bbox 1539 2491 1613 2511; x_wconf 74' lang='lat' dir='ltr'>cum</span> <span class='ocrx_word' id='word_1_504' title='bbox 1626 2481 1735 2520; x_wconf 63' lang='lat' dir='ltr'>prori-</span> 
     </span>
     <span class='ocr_line' id='line_1_84' title="bbox 1038 2525 1734 2566; baseline -0.006 -9"><span class='ocrx_word' id='word_1_505' title='bbox 1038 2529 1099 2557; x_wconf 60' lang='grc' dir='ltr'><strong><em>νηὶ-ς</em></strong></span> <span class='ocrx_word' id='word_1_506' title='bbox 1113 2527 1287 2557; x_wconf 65' lang='lat' dir='ltr'>civitatibus</span> <span class='ocrx_word' id='word_1_507' title='bbox 1293 2536 1407 2566; x_wconf 38' lang='lat' dir='ltr'>pacem.</span> <span class='ocrx_word' id='word_1_508' title='bbox 1427 2530 1455 2556; x_wconf 76' lang='lat' dir='ltr'>et</span> <span class='ocrx_word' id='word_1_509' title='bbox 1471 2525 1647 2554; x_wconf 64' lang='lat' dir='ltr'>antis-itiam</span> <span class='ocrx_word' id='word_1_510' title='bbox 1661 2533 1734 2553; x_wconf 76' lang='lat' dir='ltr'>con·</span> 
     </span>
    </p>
   </div>
   <div class='ocr_carea' id='block_1_7' title="bbox 1032 2566 1739 2609">
    <p class='ocr_par' dir='ltr' id='par_1_16' title="bbox 1032 2566 1739 2609">
     <span class='ocr_line' id='line_1_85' title="bbox 1032 2566 1739 2609; baseline -0.006 -9"><span class='ocrx_word' id='word_1_511' title='bbox 1032 2572 1183 2609; x_wconf 74' lang='lat' dir='ltr'>firmare.</span> <span class='ocrx_word' id='word_1_512' title='bbox 1215 2569 1245 2599; x_wconf 91' lang='lat' dir='ltr'>Is</span> <span class='ocrx_word' id='word_1_513' title='bbox 1260 2574 1374 2599; x_wconf 84' lang='lat' dir='ltr'>contra</span> <span class='ocrx_word' id='word_1_514' title='bbox 1388 2578 1500 2598; x_wconf 87' lang='lat' dir='ltr'>earum</span> <span class='ocrx_word' id='word_1_515' title='bbox 1517 2566 1686 2597; x_wconf 80' lang='lat' dir='ltr'>civitatum</span> <span class='ocrx_word' id='word_1_516' title='bbox 1702 2572 1739 2596; x_wconf 83' lang='lat' dir='ltr'>et</span> 
     </span>
    </p>
   </div>
   <div class='ocr_carea' id='block_1_8' title="bbox 1035 2610 1737 3081">
    <p class='ocr_par' dir='ltr' id='par_1_17' title="bbox 1035 2610 1737 3081">
     <span class='ocr_line' id='line_1_86' title="bbox 1041 2610 1734 2653; baseline -0.006 -10"><span class='ocrx_word' id='word_1_517' title='bbox 1041 2612 1148 2653; x_wconf 74' lang='lat' dir='ltr'>ipsius</span> <span class='ocrx_word' id='word_1_518' title='bbox 1159 2611 1321 2643; x_wconf 60' lang='lat' dir='ltr'>Helvetia*</span> <span class='ocrx_word' id='word_1_519' title='bbox 1332 2612 1520 2642; x_wconf 84' lang='lat' dir='ltr'>libertatem</span> <span class='ocrx_word' id='word_1_520' title='bbox 1530 2621 1608 2641; x_wconf 87' lang='lat' dir='ltr'>cum</span> <span class='ocrx_word' id='word_1_521' title='bbox 1623 2610 1734 2641; x_wconf 86' lang='lat' dir='ltr'>AEduo</span> 
     </span>
     <span class='ocr_line' id='line_1_87' title="bbox 1040 2654 1733 2696; baseline -0.006 -9"><span class='ocrx_word' id='word_1_522' title='bbox 1040 2662 1071 2687; x_wconf 80' lang='lat' dir='ltr'>ct</span> <span class='ocrx_word' id='word_1_523' title='bbox 1090 2656 1241 2696; x_wconf 81' lang='lat' dir='ltr'>Sequano</span> <span class='ocrx_word' id='word_1_524' title='bbox 1265 2654 1477 2696; x_wconf 80' lang='lat' dir='ltr'>conspiravit,</span> <span class='ocrx_word' id='word_1_525' title='bbox 1501 2664 1576 2694; x_wconf 83' lang='lat' dir='ltr'>quae</span> <span class='ocrx_word' id='word_1_526' title='bbox 1598 2663 1649 2684; x_wconf 87' lang='lat' dir='ltr'>res</span> <span class='ocrx_word' id='word_1_527' title='bbox 1669 2662 1733 2683; x_wconf 92' lang='lat' dir='ltr'>non</span> 
     </span>
     <span class='ocr_line' id='line_1_88' title="bbox 1042 2695 1735 2740; baseline -0.004 -11"><span class='ocrx_word' id='word_1_528' title='bbox 1042 2705 1171 2740; x_wconf 83' lang='lat' dir='ltr'>poterat</span> <span class='ocrx_word' id='word_1_529' title='bbox 1193 2710 1257 2730; x_wconf 88' lang='lat' dir='ltr'>non</span> <span class='ocrx_word' id='word_1_530' title='bbox 1279 2699 1456 2739; x_wconf 83' lang='lat' dir='ltr'>displicere</span> <span class='ocrx_word' id='word_1_531' title='bbox 1480 2696 1655 2729; x_wconf 75' lang='lat' dir='ltr'>Helvetiis.</span> <span class='ocrx_word' id='word_1_532' title='bbox 1677 2695 1735 2736; x_wconf 87' lang='lat' dir='ltr'>qui</span> 
     </span>
     <span class='ocr_line' id='line_1_89' title="bbox 1039 2742 1737 2777; baseline -0.006 -4"><span class='ocrx_word' id='word_1_533' title='bbox 1039 2755 1074 2774; x_wconf 78' lang='lat' dir='ltr'>re</span> <span class='ocrx_word' id='word_1_534' title='bbox 1088 2745 1258 2775; x_wconf 69' lang='lat' dir='ltr'>enuntiata</span> <span class='ocrx_word' id='word_1_535' title='bbox 1271 2744 1431 2774; x_wconf 60' lang='lat' dir='ltr'>hominem</span> <span class='ocrx_word' id='word_1_536' title='bbox 1445 2744 1478 2772; x_wconf 76' lang='lat' dir='ltr'>in</span> <span class='ocrx_word' id='word_1_537' title='bbox 1492 2742 1620 2772; x_wconf 69' lang='lat' dir='ltr'>vincula</span> <span class='ocrx_word' id='word_1_538' title='bbox 1634 2742 1737 2777; x_wconf 69' lang='lat' dir='ltr'>conje-</span> 
     </span>
     <span class='ocr_line' id='line_1_90' title="bbox 1040 2782 1733 2826; baseline -0.009 -8"><span class='ocrx_word' id='word_1_539' title='bbox 1040 2798 1108 2818; x_wconf 73' lang='lat' dir='ltr'>cere</span> <span class='ocrx_word' id='word_1_540' title='bbox 1132 2792 1160 2818; x_wconf 80' lang='lat' dir='ltr'>et</span> <span class='ocrx_word' id='word_1_541' title='bbox 1182 2798 1315 2818; x_wconf 72' lang='lat' dir='ltr'>eausam</span> <span class='ocrx_word' id='word_1_542' title='bbox 1337 2787 1440 2816; x_wconf 74' lang='lat' dir='ltr'>dicere</span> <span class='ocrx_word' id='word_1_543' title='bbox 1454 2788 1634 2826; x_wconf 57' lang='grc' dir='ltr'>σοφεν-11711.</span> <span class='ocrx_word' id='word_1_544' title='bbox 1681 2782 1733 2812; x_wconf 88' lang='lat' dir='ltr'>Sic</span> 
     </span>
     <span class='ocr_line' id='line_1_91' title="bbox 1040 2827 1736 2867; baseline -0.007 -7"><span class='ocrx_word' id='word_1_545' title='bbox 1040 2830 1152 2861; x_wconf 84' lang='lat' dir='ltr'>omnia</span> <span class='ocrx_word' id='word_1_546' title='bbox 1190 2830 1272 2860; x_wconf 78' lang='lat' dir='ltr'>bene</span> <span class='ocrx_word' id='word_1_547' title='bbox 1309 2830 1488 2860; x_wconf 59' lang='lat' dir='ltr'>cohaerent.</span> <span class='ocrx_word' id='word_1_548' title='bbox 1556 2827 1736 2867; x_wconf 75' lang='lat' dir='ltr'>Pei-peram</span> 
     </span>
     <span class='ocr_line' id='line_1_92' title="bbox 1043 2869 1736 2914; baseline -0.007 -11"><span class='ocrx_word' id='word_1_549' title='bbox 1043 2884 1142 2914; x_wconf 84' lang='lat' dir='ltr'>porro</span> <span class='ocrx_word' id='word_1_550' title='bbox 1158 2880 1270 2904; x_wconf 80' lang='lat' dir='ltr'>monet</span> <span class='ocrx_word' id='word_1_551' title='bbox 1284 2872 1429 2910; x_wconf 85' lang='lat' dir='ltr'>criticus,</span> <span class='ocrx_word' id='word_1_552' title='bbox 1453 2869 1662 2902; x_wconf 82' lang='lat' dir='ltr'>scribendum</span> <span class='ocrx_word' id='word_1_553' title='bbox 1684 2870 1736 2899; x_wconf 84' lang='lat' dir='ltr'>fu-</span> 
     </span>
     <span class='ocr_line' id='line_1_93' title="bbox 1043 2917 1736 2957; baseline -0.006 -10"><span class='ocrx_word' id='word_1_554' title='bbox 1043 2918 1107 2947; x_wconf 82' lang='lat' dir='ltr'>isse</span> <span class='ocrx_word' id='word_1_555' title='bbox 1134 2919 1240 2957; x_wconf 57' lang='lat' dir='ltr'>refluis</span> <span class='ocrx_word' id='word_1_556' title='bbox 1254 2917 1422 2957; x_wconf 69' lang='lat' dir='ltr'>occupatis,</span> <span class='ocrx_word' id='word_1_557' title='bbox 1438 2925 1502 2945; x_wconf 88' lang='lat' dir='ltr'>non</span> <span class='ocrx_word' id='word_1_558' title='bbox 1524 2924 1623 2954; x_wconf 71' lang='lat' dir='ltr'>vregyno</span> <span class='ocrx_word' id='word_1_559' title='bbox 1646 2923 1736 2944; x_wconf 71' lang='lat' dir='ltr'>orru-</span> 
     </span>
     <span class='ocr_line' id='line_1_94' title="bbox 1035 2955 1735 3001; baseline -0.01 -9"><span class='ocrx_word' id='word_1_560' title='bbox 1035 2966 1124 3001; x_wconf 76' lang='lat' dir='ltr'>pato,</span> <span class='ocrx_word' id='word_1_561' title='bbox 1138 2960 1230 3001; x_wconf 84' lang='lat' dir='ltr'>quasi</span> <span class='ocrx_word' id='word_1_562' title='bbox 1247 2970 1310 2990; x_wconf 91' lang='lat' dir='ltr'>non</span> <span class='ocrx_word' id='word_1_563' title='bbox 1327 2961 1368 2989; x_wconf 84' lang='lat' dir='ltr'>de</span> <span class='ocrx_word' id='word_1_564' title='bbox 1389 2968 1488 2999; x_wconf 84' lang='lat' dir='ltr'>regno</span> <span class='ocrx_word' id='word_1_565' title='bbox 1503 2967 1523 2987; x_wconf 87' lang='lat' dir='ltr'>a</span> <span class='ocrx_word' id='word_1_566' title='bbox 1539 2957 1678 2995; x_wconf 68' lang='lat' dir='ltr'>singulis</span> <span class='ocrx_word' id='word_1_567' title='bbox 1705 2955 1735 2986; x_wconf 92' lang='lat' dir='ltr'>in</span> 
     </span>
     <span class='ocr_line' id='line_1_95' title="bbox 1042 3001 1676 3035; baseline -0.006 -1"><span class='ocrx_word' id='word_1_568' title='bbox 1042 3015 1101 3035; x_wconf 81' lang='lat' dir='ltr'>sua</span> <span class='ocrx_word' id='word_1_569' title='bbox 1115 3003 1249 3034; x_wconf 79' lang='lat' dir='ltr'>civitate</span> <span class='ocrx_word' id='word_1_570' title='bbox 1263 3002 1440 3033; x_wconf 82' lang='lat' dir='ltr'>obtinendo</span> <span class='ocrx_word' id='word_1_571' title='bbox 1457 3011 1565 3032; x_wconf 85' lang='lat' dir='ltr'>sermo</span> <span class='ocrx_word' id='word_1_572' title='bbox 1581 3001 1676 3031; x_wconf 78' lang='lat' dir='ltr'>foret.</span> 
     </span>
     <span class='ocr_line' id='line_1_96' title="bbox 1087 3042 1737 3081; baseline -0.011 -1"><span class='ocrx_word' id='word_1_573' title='bbox 1087 3048 1141 3080; x_wconf 89' lang='lat' dir='ltr'>Ea</span> <span class='ocrx_word' id='word_1_574' title='bbox 1163 3058 1214 3080; x_wconf 77' lang='lat' dir='ltr'>res</span> <span class='ocrx_word' id='word_1_575' title='bbox 1236 3052 1273 3081; x_wconf 79' lang='lat' dir='ltr'>ut</span> <span class='ocrx_word' id='word_1_576' title='bbox 1287 3047 1557 3080; x_wconf 68' lang='lat' dir='ltr'>est-enunciata.</span> <span class='ocrx_word' id='word_1_577' title='bbox 1603 3042 1737 3075; x_wconf 80' lang='lat' dir='ltr'>Variam</span> 
     </span>
    </p>
   </div>
  </div>
 </body>
</html>
