1946 3261
217 187 306 239 326
677 194 763 238 DE
795 194 1000 239 BELLO
1031 193 1245 239 CIVILI.

220 323 442 380 posterum
483 320 602 364 bona
648 337 723 380 spe
769 322 977 381 complet,
1017 322 1287 381 biduumque
1332 323 1552 367 Cordubae
1594 336 1705 365 com-

220 388 416 424 'moratus
439 379 575 422 Gadis
596 379 883 438 proficiscitur
906 396 915 422 :
950 382 1155 439 pecunias
1190 390 1572 441 monumentaque,
1611 396 1732 442 quax

221 455 274 482 ex
297 438 397 480 fano
420 436 625 482 Herculis
645 440 818 483 conlata
838 450 963 483 erant
994 440 1036 483 in
1075 442 1290 499 privatam
1326 440 1519 489 domum,
1553 439 1705 483 referri

220 497 265 540 in
309 496 523 554 templum
559 498 716 556 jubet:
770 499 1002 557 provinciae
1041 500 1095 548 Q.
1137 500 1329 542 Cassium
1368 500 1564 559 praeficit,
1604 497 1704 540 huic

219 561 412 613 quatuor
432 556 624 613 legiones
645 557 885 601 adtribuit:
921 558 1011 616 ipse
1035 558 1084 600 iis
1106 559 1303 608 navibus,
1325 575 1432 616 quas
1456 559 1522 602 M.
1542 559 1703 606 Varro,

219 629 416 672 quasque
436 614 647 659 Gaditani
659 617 779 675 jussu
794 617 1001 659 Varronis
1019 616 1228 667 fecerant,
1244 618 1535 661 Tarraconem
1557 615 1706 677 paucis

219 671 375 717 diebus
401 675 615 731 pervenit.
679 674 745 718 Ibi
781 676 914 718 totius
952 676 1041 718 fere
1075 677 1287 720 citerioris
1325 677 1557 735 provinciae
1591 676 1706 733 lega·

220 730 361 776 tiones
382 732 564 776 casaris
592 733 829 776 adventum
857 735 1181 793 exspectabant.
1244 735 1409 778 Eadem
1432 736 1598 779 ratione
1620 732 1707 793 pri-

219 790 356 835 vatim
396 806 446 834 ac
482 792 656 850 publice
693 793 953 850 quibusdam
986 793 1237 837 civitatibus
1272 794 1430 837 habitis
1454 794 1706 843 honoribus,

222 848 470 893 Tarracone
501 850 688 893 discedit
716 851 988 910 pedibusque
1027 853 1278 896 Narbonem
1311 862 1445 910 atque
1466 854 1566 896 inde
1591 853 1709 896 Mas-

220 904 359 952 siliam
381 910 608 967 pervenit:
644 911 721 959 ibi,
742 911 883 970 legem
904 912 958 954 de
994 912 1223 955 Dictatore
1254 913 1386 954 latam
1407 927 1583 971 seseque
1606 909 1707 954 Dic-

220 975 409 1010 tutorem
431 967 597 1011 dictum
616 985 643 1011 a
664 970 729 1012 M.
754 969 920 1027 Lepido
946 970 1153 1021 Praetore,
1176 971 1411 1030 cognoscit.

277 1020 352 1068 22.
387 1026 687 1078 Massilienses,
707 1030 903 1072 omnibus
924 1029 1079 1072 defessi
1097 1030 1236 1079 malis,
1254 1031 1316 1072 rei
1335 1029 1630 1073 frumentariae
1649 1027 1706 1072 ad

219 1100 430 1128 summam
453 1086 642 1144 inopiam
665 1087 863 1137 adducti,
887 1089 951 1131 bis
972 1089 1128 1147 proelio
1150 1089 1291 1132 navali
1313 1089 1524 1147 superati,
1545 1087 1709 1130 crebris

220 1144 529 1202 eruptionibus
566 1146 666 1195 fusi,
703 1147 827 1204 gravi
864 1149 992 1190 etiam
1016 1146 1519 1206 pestilentia‘conflictati
1540 1163 1593 1189 ex
1612 1146 1708 1189 diu·

221 1203 313 1246 tina
348 1204 623 1247 conclusione
660 1214 705 1248 et
743 1207 982 1250 mutatione
1019 1207 1176 1256 victus,
1213 1207 1388 1265 (panico
1419 1207 1531 1248 enim
1559 1215 1708 1248 vetere

216 1270 351 1319 atque
369 1261 535 1305 hordeo
556 1273 770 1322 conrupto
790 1280 935 1307 ornnes
957 1266 1208 1315 alebantur,
1230 1265 1367 1323 quod,
1390 1266 1443 1307 ad
1466 1263 1710 1321 hujusmodi

222 1335 343 1365 casus
363 1320 605 1378 antiquitus
626 1332 846 1380 paratum,
882 1324 922 1365 in
953 1324 1178 1382 publicum
1211 1325 1509 1380 contulerant)
1540 1323 1712 1380 dejecta

221 1379 351 1427 turri,
390 1379 605 1422 labefacta
641 1397 798 1438 magna
830 1391 954 1439 parte
977 1384 1106 1431 muri,
1129 1383 1298 1425 auxiliis
1322 1383 1646 1440 provinciarum
1666 1391 1712 1425 et

221 1437 491 1480 exercituum
520 1438 774 1498 desperanti,
814 1457 921 1498 quos
954 1441 996 1484 in
1032 1441 1214 1484 Caesaris
1252 1451 1512 1500 potestatem
1550 1440 1711 1484 venisse

221 1507 534 1553 cognoverant,
583 1515 671 1541 sese
712 1499 872 1542 dedere
911 1500 1000 1543 sine
1049 1501 1203 1543 fraude
1250 1501 1535 1544 constituunt.
1621 1499 1711 1542 Sed

222 1555 369 1614 paucis
385 1565 486 1599 ante
503 1557 656 1600 diebus
680 1559 732 1600 L.
757 1558 992 1609 Domitius,
1014 1560 1188 1618 cognita
1211 1560 1541 1603 Massiliensium
1562 1558 1713 1602 volun-

224 1622 333 1662 tate,
370 1615 554 1658 navibus
576 1616 719 1658 tribus
740 1619 1016 1674 comparatis,
1040 1635 1091 1661 ex
1115 1620 1277 1676 quibus
1303 1618 1410 1661 duas
1429 1617 1714 1661 familiaribus

223 1672 309 1716 suis
329 1671 628 1722 adtribuent,
651 1690 778 1717 unam
816 1676 905 1734 ipse
939 1679 1260 1726 conscenderat,
1302 1686 1452 1720 nactus
1490 1676 1710 1720 turbidam

221 1739 541 1790 tempestatem,
575 1741 640 1774 est
671 1733 908 1790 profectus.
977 1735 1107 1777 Hunc
1142 1737 1398 1793 conspicatae
1433 1751 1576 1785 naves,
1615 1751 1711 1792 quae

219 1789 338 1848 jussu
376 1789 505 1832 Bruti
539 1791 846 1834 consuetudine
869 1793 1121 1849 quotidiana
1142 1795 1195 1837 ad
1219 1804 1392 1852 portum
1417 1794 1709 1844 excubabant,

223 1848 406 1892 sublatis
430 1850 614 1900 ancoris,
643 1851 762 1907 sequi
786 1862 1027 1909 coeperunt.
1092 1853 1160 1895 Ex
1198 1854 1246 1895 iis
1284 1869 1414 1896 unum
1438 1854 1569 1912 ipsius
1592 1853 1708 1896 navi·

223 1907 342 1965 gium
365 1907 590 1951 contendit
609 1918 653 1952 et
675 1911 828 1968 fugere
852 1912 1145 1967 perseveravit
1168 1912 1416 1969 auxilioque
1445 1912 1711 1970 tempestatis

223 1981 276 2009 ex
325 1976 560 2025 conspectu
603 1968 712 2011 abiit
734 1984 743 2014 ;
794 1969 898 2020 duo,
948 1972 1181 2028 perterrita
1218 1987 1428 2014 concursu
1468 1981 1712 2014 nostrarum

228 2025 419 2076 navium,
442 2042 530 2068 sese
552 2027 592 2068 in
627 2036 802 2085 portum
825 2039 1096 2087 receperunt.
1166 2030 1448 2072 Massilienses
1470 2046 1589 2073 arma
1624 2039 1712 2073 tor-

226 2093 460 2142 mentaque
481 2102 533 2128 ex
555 2087 734 2144 oppido,
755 2096 803 2129 ut
827 2097 891 2130 est
914 2089 1190 2146 imperatum,
1216 2091 1446 2148 proferunt
1469 2105 1478 2133 :
1510 2089 1631 2132 navis
1660 2105 1713 2132 ex

228 2151 361 2200 portu
404 2144 713 2203 navalibusque
748 2145 965 2194 educunt;
1008 2149 1233 2207 pecuniam
1273 2165 1324 2190 ex
1362 2148 1538 2206 publico
1575 2157 1712 2191 trans·

227 2200 351 2244 dunt.
418 2203 585 2252 Quibus
618 2205 748 2247 rebus
770 2207 994 2256 confectis,
1022 2208 1168 2250 Caesar
1191 2208 1324 2266 magis
1346 2222 1416 2249 eos
1439 2223 1520 2266 pro
1543 2206 1713 2250 nomine

278 2320 572 2362 Monumentaque.
637 2323 742 2364 Supra
772 2334 850 2366 cap.
889 2327 938 2356 18.
1007 2327 1091 2362 (10).
1123 2324 1175 2356 Cf.
1193 2331 1226 2357 ct
1241 2325 1385 2357 Salmas.
1403 2324 1434 2355 in
1448 2324 1553 2356 Solin.
1574 2336 1605 2366 p.
1619 2327 1658 2357 89
1674 2331 1711 2357 et

235 2362 321 2395 dixit
337 2372 549 2397 ornamenta.
1010 2372 1084 2401 51⁶.
1112 2372 1210 2400 vilius
1241 2370 1515 2410 stunwntu‘qenus
1541 2375 1571 2401 et
1594 2371 1714 2402 11ιὶηωὶ

283 2409 448 2441 Cassium.
499 2409 649 2452 Appian.
681 2410 803 2452 (tiva,
832 2416 886 2444 43.
907 2424 938 2454 p.
1006 2417 1118 2455 ymni.
1147 2414 1186 2444 V.
1204 2414 1272 2445 lnd.

238 2453 280 2483 45
291 2455 314 2484 l.
333 2452 399 2484 Dio
414 2451 509 2485 Cass.
528 2456 582 2488 41.
599 2458 650 2486 21.
685 2456 734 2486 M.
1056 2460 1133 2489 Sino
1150 2458 1278 2493 froude.
1305 2456 1357 2488 Cf.
1375 2468 1404 2489 c.
1425 2459 1473 2488 Η.
1508 2457 1558 2489 M.

285 2497 494 2532 Quibusdam
509 2500 595 2529 cirin.
627 2498 696 2530 Alii
714 2500 906 2541 quibusque.

288 2541 422 2573 Habitis
449 2543 636 2574 honoribus.
684 2543 716 2574 ln
743 2543 796 2574 his
813 2544 874 2574 suit
887 2545 942 2585 jns

240 2583 405 2622 civ-imaus,
421 2586 512 2627 quod
539 2586 650 2618 Caesar
665 2588 825 2618 omnibus
841 2588 942 2619 Gadi-

241 2628 330 2660 tanis
345 2629 525 2661 concessit.
555 2630 622 2662 Dio
638 2630 732 2662 Cass.
749 2632 782 2661 d.
799 2632 820 2663 1.
852 2633 897 2662 JI.

289 2675 313 2704 A
339 2673 460 2712 Lepido
479 2675 635 2706 Proemvv’.
658 2675 732 2706 Hoc
746 2686 838 2713 ergo.
852 2677 941 2715 quod

242 2714 370 2748 Praetor
387 2716 596 2750 Dictatorem
615 2716 712 2752 dixit.
728 2730 746 2750 a
764 2730 856 2750 more
874 2731 943 2751 ma-

239 2758 348 2802 jorum
373 2759 558 2794 abhorrens
575 2763 647 2794 fuit.
694 2762 760 2794 Dio
775 2765 870 2795 Cass.
896 2767 941 2798 Η,

246 2804 298 2836 36.
318 2805 466 2846 Appian.
484 2806 559 2837 Civ.
577 2811 610 2845 2,
628 2809 679 2838 48.
700 2818 732 2848 p.
752 2809 821 2839 157.
849 2809 897 2839 M.

286 2849 523 2881 Massilienses.
543 2851 645 2883 Redit
659 2852 702 2883 ad
719 2862 793 2893 cap.
816 2855 864 2883 15.
893 2853 940 2883 31.

287 2891 426 2929 Punico.
452 2894 665 2930 Describitur
680 2906 700 2930 a
718 2895 831 2930 Plinio
855 2898 904 2936 18,
923 2899 940 2928 7

1053 2503 1156 2533 Juvm
1178 2502 1283 2533 Bruti.
1313 2501 1374 2533 alii
1391 2504 1503 2533 missu.

1056 2546 1226 2577 Contvmlit
1242 2552 1270 2577 et
1287 2546 1307 2580 r.
1324 2557 1410 2588 pers.
1435 2551 1593 2578 contento
1610 2556 1709 2578 cursu

1010 2590 1123 2631 fugere
1141 2600 1228 2631 pers.
1260 2591 1310 2620 M.

1057 2635 1121 2665 Pro
1149 2636 1280 2665 nomint·
1310 2639 1339 2666 et
1365 2640 1534 2672 vetustate,
1573 2638 1712 2675 propter

1010 2677 1182 2719 antiquam
1214 2678 1357 2713 gloriam
1395 2685 1427 2708 et
1464 2680 1597 2709 famam.
1644 2677 1710 2709 Dio

1010 2724 1105 2753 Cass.
1133 2724 1178 2759 ll,
1195 2725 1234 2751 25
1251 2731 1374 2760 narrat,
1399 2722 1565 2754 Caesarem
1591 2720 1713 2752 Massi-

1012 2766 1109 2796 liensi
1138 2777 1187 2798 us,
1235 2766 1395 2797 omnibus
1441 2766 1520 2797 aliis
1556 2765 1713 2803 ademtis,

1011 2820 1110 2841 unam
1126 2808 1599 2851 libertatem1·eliquisse,quia
1610 2809 1713 2839 Pom-

1012 2854 1109 2895 peius
1134 2854 1326 2893 lecaffim
1347 2865 1366 2887 e
1382 2865 1448 2896 qua
1465 2852 1603 2886 civitate
1621 2851 1712 2884 Mas-

1011 2898 1123 2932 siliam
1139 2898 1274 2932 colonia
1291 2899 1433 2933 deducta
1449 2903 1530 2937 erat,
1554 2897 1711 2930 libertate
