1946 3261
5 2119 9 2215 -...‚--
1 1963 9 2107 ‘m

692 185 811 232 LIB.
845 185 884 231 1.
944 184 1087 231 CAP.
1123 185 1309 232 14-16,
1670 190 1754 236 271

261 316 411 366 batur,
439 314 607 361 circum
641 316 826 362 familias
852 324 1095 363 conventus
1124 315 1340 378 Campani
1370 315 1580 364 custodiae
1611 333 1762 363 caussa

266 375 514 422 distribuit.

330 435 397 479 15.
430 436 624 481 Auximo
656 436 804 481 Caesar
843 449 1116 495 progressus,
1153 450 1325 479 omnem
1361 452 1515 496 agrurn
1554 436 1763 482 Picenum

264 496 506 555 percurrit.
570 496 755 540 Cunctae
789 511 942 538 earum
980 495 1213 552 regionum
1250 495 1532 542 Praefecturae
1569 497 1763 542 libentis-

264 555 382 598 simis
402 554 554 599 animis
574 569 675 597 eum
693 552 927 613 recipiunt,
949 552 1281 610 exercitumque
1302 554 1396 611 ejus
1415 558 1615 602 omnibus
1634 558 1766 601 rebus

259 615 433 673 juvant.
494 612 644 656 Etiam
666 611 879 671 Cingulo,
904 611 1028 670 quod
1046 610 1262 671 oppidum
1287 611 1508 657 Labienus
1529 617 1765 661 constitue-

265 681 354 724 rat,
385 687 551 731 suaque
578 671 764 730 pecunia
795 671 1161 723 exaedificaverat,
1192 670 1251 714 ad
1277 687 1379 714 eum
1407 671 1543 731 legati
1566 676 1766 727 veniunt,

265 746 454 789 quaeque
491 731 796 790 imperaverit,
838 747 884 776 se
924 729 1200 790 cupidissime
1240 730 1432 775 facturos
1483 732 1764 792 pollicentur.

267 790 439 835 Milites
457 789 664 850 imperat:
697 790 897 834 mittunt.
961 790 1138 835 Interea
1164 790 1205 834 le
1240 790 1282 834 io
1314 789 1404 834 XII
1436 791 1649 837 Caesarem
1670 811 1766 838 con-

263 850 482 909 sequitur.
547 850 662 894 Cum
689 850 755 894 his
782 850 956 895 duabus
978 851 1193 895 Asculum
1255 850 1427 894 icenum
1459 851 1767 911 proficiscitur.

265 909 320 954 Id
341 924 401 968 op
438 909 559 954 idum
594 909 808 954 Lentulus
843 909 1053 970 Spinther
1088 909 1241 954 decem
1273 909 1529 955 cohortibus
1563 913 1766 956 tenebat:

264 968 362 1028 qui,
395 925 579 1015 gaesaris
597 969 792 1014 adventu
813 970 1007 1029 cognito,
1039 969 1242 1030 profugit
1263 986 1317 1013 ex
1336 970 1520 1030 oppido,
1551 971 1769 1016 cohortes-

297 1045 352 1073 ue
368 1045 515 1073 secum
531 1029 751 1074 abducere
767 1040 962 1081 conatus,
975 1046 1001 1073 a
1017 1046 1176 1090 magna
1193 1039 1318 1089 parte
1330 1030 1520 1074 militum
1533 1032 1768 1076 deseritur.

263 1045 474 1133 {elictus
503 1089 548 1133 in
574 1089 733 1133 itinere
752 1106 852 1134 cum
872 1089 1038 1149 paucis,
1069 1089 1222 1134 incidit
1250 1090 1293 1133 in
1317 1089 1565 1135 Vibullium
1588 1091 1773 1144 Rufum,

267 1148 446 1193 missum
481 1165 509 1192 a
552 1149 765 1209 Pompeio
814 1149 858 1193 in
905 1165 1063 1208 agrum
1111 1149 1335 1200 Picenum,
1375 1150 1773 1196 confirmandorum

268 1206 493 1252 hominum
513 1225 682 1253 caussa:
717 1225 744 1253 a
764 1225 855 1268 quo
876 1208 1019 1253 factus
1046 1208 1273 1253 Vibullius
1300 1210 1479 1261 certior,
1510 1227 1610 1270 quae
1637 1227 1706 1255 res
1728 1213 1771 1255 in

270 1266 433 1310 Piceno
468 1277 750 1327 gererentur,
790 1268 951 1310 milites
988 1269 1046 1312 ab
1084 1285 1136 1312 eo
1173 1268 1350 1328 accipit,
1387 1269 1529 1328 ipsum
1566 1270 1769 1315 dimittit.

268 1324 385 1369 Item
409 1340 463 1368 ex
481 1326 690 1370 finitumis
711 1323 984 1381 regionibus,
1006 1342 1116 1382 quas
1135 1337 1300 1384 potest,
1330 1329 1552 1373 contrahit
1572 1329 1772 1375 cohortes

267 1400 322 1428 ex
339 1382 575 1427 dilectibus
594 1382 890 1442 Pompeianis:
924 1383 1032 1427 iniis
1049 1385 1284 1428 Camerino
1300 1387 1542 1444 fugientem
1564 1389 1772 1433 Ulcillem

271 1443 478 1494 Hirrum,
508 1458 609 1486 cum
629 1458 704 1486 sex
723 1441 995 1492 cohortibus,
1026 1458 1135 1500 quas
1157 1444 1218 1488 ibi
1250 1444 1293 1486 in
1318 1446 1520 1504 praesidio
1538 1447 1772 1500 habuerat,

267 1502 457 1561 excipit:
489 1502 652 1560 quibus
681 1501 842 1545 coactis
870 1501 983 1545 XIII
1011 1502 1158 1545 efficit.
1223 1503 1337 1546 Cum
1366 1504 1415 1548 iis
1443 1506 1499 1549 ad
1522 1507 1770 1552 Domitium

271 1561 622 1606 Ahenobarbum
658 1561 903 1605 Corfinium
939 1561 1106 1620 magnis
1138 1562 1368 1606 itineribus
1399 1566 1602 1622 pervenit
1633 1568 1773 1612 Caesa-

269 1636 451 1680 remque
489 1621 636 1664 adesse
674 1636 776 1663 cum
813 1619 1059 1678 legionibus
1091 1621 1261 1664 duabus
1297 1624 1488 1666 nunciat.
1553 1626 1775 1671 Domitius

298 1695 347 1723 er
377 1697 422 1724 se
450 1680 627 1724 circiter
647 1679 731 1724 XX
759 1678 960 1723 cohortes
985 1679 1118 1730 Alba,
1156 1697 1209 1725 ex
1249 1681 1408 1725 Marsis
1436 1693 1482 1728 et
1514 1683 1706 1745 Pelignis
1727 1697 1772 1730 et

265 1697 480 1785 finitumis
500 1740 558 1783 ab
580 1738 835 1799 regionibus
854 1748 1075 1797 coegerat.
1659 1772 1675 1785 ,

336 1800 402 1845 16.
436 1799 638 1860 Recepto
670 1799 836 1843 Asculo
866 1799 1138 1860 expulsoque
1172 1799 1381 1852 Lentulo,
1406 1802 1553 1847 Caesar
1573 1805 1774 1865 conquiri

319 1949 458 1982 Circum
481 1949 575 1990 fam.
607 1957 700 1979 conv.
735 1948 856 1989 Camp.
916 1946 990 1979 Ru·
1059 1948 1221 1991 Pompeii
1236 1948 1413 1991 epistolas,
1431 1951 1465 1982 in
1483 1951 1577 1995 Epp.
1592 1955 1635 1986 ad
1653 1956 1724 1988 Att.
1740 1959 1774 1992 8,

271 1991 394 2026 benius
424 1992 536 2024 Elect.
567 1995 594 2033 l,
621 1995 642 2023 8
669 1991 832 2030 restituit,
861 1995 991 2025 circum
1063 1995 1114 2025 ll.
1131 2006 1205 2036 sqq.
1258 1997 1388 2027 Ulcilles
1415 2002 1466 2027 est
1488 2004 1686 2040 corruptum
1711 1992 1773 2033 noss

262 2038 427 2080 familias
465 2047 560 2069 conv.
604 2037 787 2080 Campani,
826 2037 918 2078 quod
958 2043 991 2068 et
1058 2048 1149 2070 men.
1199 2040 1370 2070 Domitius
1393 2040 1505 2079 estis,
1528 2043 1652 2085 dequo
1667 2056 1771 2088 supra

274 2082 380 2114 Dion.
410 2080 536 2112 Vossio
564 2080 733 2122 placebat,
756 2087 792 2119 et
814 2080 989 2112 Gronovio
1058 2093 1135 2124 cap.
1150 2085 1181 2120 6,
1195 2083 1378 2126 quijussus
1391 2086 1595 2119 ethaesari
1610 2088 1642 2120 in
1657 2089 1770 2122 Gallia

275 2126 481 2164 Obs.3‚23.
509 2126 690 2158 Ceam-ius.
736 2125 827 2156 Idem
848 2125 989 2157 Davisio
1058 2127 1253 2159 succedero.
1313 2128 1479 2170 Epistolae
1516 2132 1692 2174 Pompeii.
1728 2136 1770 2167 ad

275 2171 420 2212 placuit.
465 2168 597 2201 Nititur
619 2169 811 2201 emendatio
835 2170 914 2202 loco
932 2169 990 2201 Ci-
1060 2171 1255 2203 Domitium
1281 2174 1431 2214 scriptae,
1460 2182 1592 2208 exstant
1620 2177 1654 2210 in
1679 2180 1771 2222 Epp.

272 2215 407 2248 ceronis
431 2215 489 2254 (ad
513 2215 582 2246 Att.
601 2215 632 2254 7,
661 2215 728 2253 14),
757 2224 867 2256 eoque
891 2215 991 2246 valde
1056 2215 1136 2248 Cic.
1151 2217 1192 2248 ad
1208 2217 1279 2249 Ant.
1297 2221 1331 2256 8,
1352 2221 1401 2250 12.
1420 2221 1472 2252 M.
1514 2222 1664 2254 Hirrum
1679 2224 1770 2256 dedit

274 2258 472 2302 perspicuo.
511 2258 708 2291 Conventus
725 2256 932 2300 Campanus,
955 2266 989 2291 ut
1057 2260 1149 2292 Oud.
1178 2272 1198 2290 e
1225 2262 1326 2293 codd.
1355 2263 1503 2296 Faernus
1531 2272 1566 2297 et
1593 2266 1771 2300 Manutius

272 2310 417 2343 constat,
445 2308 523 2336 sunt
548 2303 645 2335 cives
669 2302 831 2341 Romani,
857 2302 990 2344 Capuae
1058 2315 1121 2347 pro
1146 2306 1259 2337 Ulciele
1281 2307 1411 2340 malunt
1438 2310 1627 2349 Lucceium,
1651 2319 1769 2344 notum

274 2348 449 2381 viventes.
493 2347 683 2388 (vid.·1nd.
719 2347 753 2379 in
791 2348 993 2385 conventus)
1057 2348 1365 2391 gentisnomen‚in
1378 2363 1447 2395 qua
1462 2355 1770 2389 Hirr-ioccurrunt.

275 2392 425 2435 ideoque
455 2392 595 2425 familiae
624 2397 812 2424 conventus
837 2397 913 2423 sunt
940 2392 991 2424 fa·
1057 2393 1204 2426 Ursinus
1223 2396 1260 2427 C.
1281 2398 1444 2429 Hirr-ium
1466 2398 1640 2439 legendum
1660 2408 1772 2442 putat.

274 2436 382 2470 miliae
416 2437 553 2469 illorum
583 2436 713 2469 civium
744 2436 990 2468 Romanorum.
1057 2439 1124 2470 Sed
1152 2440 1295 2472 HIrrius
1322 2448 1372 2473 est
1399 2452 1521 2475 nomen
1547 2445 1676 2485 gentis3
1713 2446 1769 2477 hic

276 2480 330 2513 M.
376 2481 571 2523 Legebatur
597 2481 702 2523 vulgo
730 2482 860 2513 circum
883 2481 992 2522 sami·
1056 2488 1171 2515 autem
1200 2485 1400 2527 cognomini
1433 2487 1532 2519 locus
1560 2495 1622 2520 est.
1680 2489 1769 2522 Mihi

276 2527 379 2557 lim-es
407 2536 502 2558 conv.
537 2526 735 2567 Campaniae
762 2531 796 2556 et
823 2524 873 2556 sic
897 2525 991 2557 dedit
1056 2527 1189 2560 adridet
1215 2530 1382 2563 sententia
1410 2531 1627 2574 Glandorpii‚
1653 2545 1770 2566 emen-

276 2569 411 2601 Morus.
456 2570 531 2610 Ego
548 2569 750 2602 Rubenium
773 2580 896 2612 sequor
911 2580 990 2601 curn
1056 2572 1171 2604 dantis
1195 2573 1365 2607 Lucilium
1387 2577 1550 2614 Hirrum,
1575 2588 1618 2609 ex
1639 2588 1709 2620 quo
1735 2579 1770 2611 in

277 2613 441 2646 Cellario.
488 2613 616 2646 Probat
631 2619 665 2646 et
680 2614 792 2646 Bentl.
1065 2618 1222 2649 Ulcillem
1236 2618 1350 2652 facilis
1366 2619 1482 2662 lapsus
1497 2621 1571 2652 fuit.

325 2660 482 2692 Auximo.
526 2657 672 2690 Codices
694 2657 838 2700 quidam
861 2657 991 2690 habent
1105 2662 1205 2701 Alba,
1227 2674 1272 2694 ez
1294 2665 1431 2697 Marsis.
1478 2665 1548 2697 Alii
1573 2677 1616 2698 ex
1633 2668 1721 2700 Alba
1739 2674 1771 2702 et

276 2702 435 2735 Maximo
451 2703 489 2736 C.
498 2713 692 2744 proqressu,
704 2703 797 2744 quod
812 2712 991 2745 perperam
1060 2706 1200 2738 Marsa.

278 2747 403 2789 probat
419 2746 550 2779 Victor.
568 2747 611 2778 V.
627 2747 669 2779 L.
685 2749 718 2778 4.
739 2748 792 2778 15.
1105 2751 1236 2782 Asculo.
1260 2749 1408 2789 Quidam
1421 2754 1520 2785 codd.
1533 2756 1670 2794 Firmo;
1686 2766 1771 2788 unus

323 2791 552 2834 Proefecturoe.
601 2790 680 2823 Vid.
696 2791 768 2823 lnd.
794 2791 847 2824 M.
1057 2795 1193 2836 oppido.
1239 2795 1330 2837 Ergo
1346 2796 1437 2828 Oud.
1453 2798 1612 2840 conjecit,
1628 2801 1683 2832 vel
1700 2802 1768 2843 legi

323 2838 481 2879 Cingulo.
503 2835 565 2868 alii
578 2845 621 2868 ew
638 2836 795 2878 Cinqnlo.
1058 2849 1173 2880 posse,
1192 2840 1332 2882 Recepto
1350 2842 1479 2881 Firmo,
1498 2845 1682 2887 Asc-zeloque
1694 2856 1772 2889 emp.

331 2881 525 2914 Vibullium.
571 2880 626 2912 De
657 2881 724 2912 hoc
754 2884 790 2911 et
818 2878 927 2912 Hirro
957 2886 991 2913 et
1060 2882 1158 2914 Lem.
1178 2883 1246 2923 vel,
1275 2886 1414 2927 Recepto
1438 2888 1561 2929 oppido
1568 2901 1584 2927 ;
1612 2889 1660 2921 sic
1676 2900 1768 2922 emm

279 2923 436 2961 Domitio
474 2924 522 2960 cf.
559 2929 697 2962 mutuas
731 2923 913 2962 Ciceronis
955 2931 990 2958 et
1058 2926 1166 2961 alium
1195 2938 1215 2960 e
1240 2939 1318 2972 cap.
1346 2932 1384 2963 15
1404 2931 1628 2976 adscripsisse
1651 2935 1770 2968 Asculo
