1946 3261
274 251 359 294 410
728 247 812 291 DE
846 245 1047 291 BELLO
1081 244 1292 290 CIVILI.

272 377 424 435 ponius
454 373 509 416 ad
543 374 810 416 Messanam:
852 373 972 432 prius
1008 372 1178 415 Cassius
1208 372 1263 414 ad
1297 370 1537 415 Messanam
1568 373 1746 417 navibus

270 433 508 481 advolavit,
543 449 672 490 quam
707 432 968 491 Pomponius
999 430 1053 473 de
1095 431 1184 489 ejus
1222 430 1413 473 adventu
1444 440 1745 489 cognosceret;

269 491 663 550 perturbatumque
684 508 782 534 eum
799 499 962 539 nactuS,
985 489 1113 531 nullis
1132 489 1350 538 custodiis,
1369 504 1508 547 neque
1525 489 1747 534 ordinibus

270 550 411 599 certis,
432 564 586 607 magno
609 558 739 593 vento
757 559 801 592 et
818 548 1000 592 secundo
1019 547 1252 605 completas
1270 549 1484 591 onerarias
1496 564 1623 591 naves
1635 548 1747 592 taeda

267 615 313 650 et
335 608 429 666 pice
450 616 493 650 et
515 616 644 666 stupa
666 608 929 665 reliquisque
951 606 1096 656 rebus,
1121 623 1215 665 quae
1242 614 1342 649 sunt
1375 606 1430 649 ad
1462 606 1671 655 incendia,
1702 607 1746 651 in

272 666 603 725 Pomponianam
643 667 818 709 classem
853 665 1010 708 inmisit
1042 673 1174 722 atque
1212 681 1353 708 omnes
1394 681 1522 709 naves
1562 664 1751 708 incendit

269 725 463 782 quinque
483 733 528 767 et
550 725 753 783 triginta:
798 741 821 767 e
843 724 1000 782 quibus
1029 733 1151 766 erant
1179 724 1333 781 viginti
1365 731 1621 774 constratae;
1654 731 1747 766 tan-

270 791 427 841 tusque
450 799 499 825 eo
520 783 635 826 facto
657 784 783 826 timor
817 783 998 832 incessit,
1030 791 1095 832 ut,
1129 798 1265 840 quum
1291 791 1400 826 esset
1419 783 1532 841 legio
1553 782 1752 842 praesidio

272 842 494 891 Messanae,
513 842 584 883 vix
605 842 813 899 oppidum
832 841 1161 884 defenderetur:
1193 849 1253 893 et,
1270 841 1348 883 nisi
1368 857 1418 883 eo
1438 842 1530 899 ipso
1552 850 1748 900 tempore

270 900 447 957 quidam
465 900 605 942 nuncii
625 900 679 942 de
697 900 874 943 Caesaris
890 899 1071 942 victoria
1092 916 1170 957 per
1186 899 1413 957 dispositos
1430 900 1597 957 equites
1614 906 1751 941 essent

269 958 421 1008 adlati,
443 959 739 1001 existimabant
759 958 972 1016 plerique,
994 958 1193 1000 futurum
1211 958 1356 1007 fuisse,
1377 958 1443 999 uti
1459 958 1749 1000 amitteretur.

275 1016 364 1059 Sed
394 1017 756 1074 obportunissimo
785 1017 947 1059 nunciis
978 1017 1148 1066 adlatis,
1175 1017 1386 1075 oppidum
1410 1016 1493 1058 fuit
1510 1016 1750 1065 defensum,

274 1075 531 1133 Cassiusque
559 1075 613 1116 ad
648 1075 943 1133 Sulpicianam
970 1075 1066 1117 inde
1091 1076 1265 1118 classem
1287 1075 1505 1133 profectus
1528 1083 1591 1118 est
1615 1075 1752 1118 Vibo-

271 1149 385 1184 nem,
406 1133 716 1191 adplicatisque
740 1134 872 1176 nostri
890 1134 943 1176 ad
961 1142 1119 1176 terram
1134 1134 1328 1183 navibus,
1351 1141 1533 1193 propter
1554 1132 1752 1176 eumdem

271 1191 469 1233 timorem
491 1191 603 1248 pari,
636 1199 767 1249 atque
787 1201 929 1242 antea,
952 1193 1117 1236 ratione
1140 1201 1338 1249 egerunt.
1404 1193 1574 1235 Cassius
1604 1206 1752 1233 secun-

270 1249 375 1292 dum
407 1258 556 1291 nactus
593 1259 787 1299 ventum,
827 1251 1040 1294 onerarias
1075 1267 1202 1293 naves
1237 1251 1408 1293 circiter
1443 1250 1751 1307 quadraginta,

269 1315 533 1366 praeparatas
553 1307 604 1349 ad
626 1307 885 1358 incendium,
903 1309 1059 1351 inmisit
1077 1317 1135 1359 et,
1154 1309 1322 1351 flamma
1338 1309 1393 1351 ab
1410 1317 1598 1365 utroque
1616 1323 1753 1350 cornu

271 1365 590 1423 comprehensa,
613 1381 740 1408 naves
761 1375 859 1408 sunt
881 1368 1111 1410 combustae
1133 1368 1338 1425 quinque.
1390 1367 1623 1425 Quumque
1644 1365 1753 1423 ignis

272 1423 571 1481 magnitudine
604 1425 721 1466 venti
755 1425 881 1467 latius
912 1434 1119 1483 serperet,
1153 1426 1326 1476 milites,
1362 1424 1436 1483 qui
1461 1442 1513 1468 ex
1532 1424 1754 1469 veteribus

268 1482 512 1541 legionibus
530 1492 651 1525 erant
668 1483 807 1525 relicti
824 1484 1020 1541 praesidio
1038 1485 1233 1535 navibus,
1255 1501 1307 1526 ex
1324 1500 1502 1527 numero
1518 1498 1753 1542 aegrorum,

271 1541 546 1600 ignominiam
562 1557 645 1584 non
662 1542 858 1584 tulerunt
874 1559 883 1591 ;
915 1542 988 1585 sed
1005 1560 1080 1585 sua
1099 1552 1252 1602 sponte
1269 1558 1398 1585 naves
1413 1542 1756 1585 conscenderunt.

271 1608 316 1642 et
338 1616 362 1641 a
383 1607 501 1641 terra
529 1600 767 1653 solverunt,
802 1601 1040 1659 inpetuque
1061 1602 1175 1645 facto
1210 1602 1252 1644 in
1287 1602 1533 1644 Cassianam
1563 1601 1753 1648 classem,

273 1658 602 1715 quinqueremes
622 1658 742 1707 duas,
765 1660 806 1700 in
829 1676 1010 1716 quarum
1031 1660 1168 1703 altera
1189 1668 1281 1703 erat
1304 1659 1492 1710 Cassius,
1514 1666 1748 1717 ceperunt:

273 1716 346 1759 sed
382 1715 563 1766 Cassius,
598 1725 802 1774 exceptus
832 1718 1003 1775 scapha,
1034 1720 1209 1776 refugit.
1275 1719 1492 1760 Praeterea
1524 1718 1620 1760 duae
1652 1723 1754 1759 sunt

271 1774 541 1832 deprehensae
575 1774 781 1818 triremes.
848 1777 1002 1833 Neque
1030 1778 1168 1820 multo
1199 1785 1295 1835 post
1320 1777 1373 1819 de
1393 1777 1548 1834 proelio
1569 1777 1684 1818 facto
1706 1775 1749 1818 in

273 1832 489 1875 Thessalia
511 1833 731 1890 cognitum
748 1841 828 1883 est,
851 1842 902 1876 ut
925 1835 1022 1892 ipsis
1047 1835 1321 1893 Pompeianis
1339 1835 1439 1877 fides
1459 1835 1607 1877 fieret:
1649 1849 1749 1876 nam

271 1899 371 1934 ante
399 1891 444 1933 id
477 1898 648 1948 tempus
681 1891 784 1949 fingi
815 1909 840 1935 a
879 1893 1050 1950 Legatis
1082 1894 1310 1951 amicisque
1354 1893 1531 1936 Caesaris
1567 1895 1751 1936 arbitra-

273 1950 448 1992 bantur.
497 1949 666 1998 Quibus
685 1951 816 1994 rebus
837 1952 1034 2010 cognitis,
1052 1969 1104 1994 ex
1125 1953 1173 1995 iis
1194 1953 1296 1995 locis
1316 1951 1486 1995 Cassius
1507 1968 1604 1995 cum
1625 1953 1755 1996 classe

273 2008 475 2050 discessit.

339 2067 434 2108 102.
469 2066 611 2109 Caesar
652 2067 849 2110 omnibus
890 2069 1018 2111 rebus
1056 2067 1232 2118 relictis,
1287 2068 1635 2127 persequendum
1674 2069 1757 2112 sibi

277 2124 530 2182 Pompeium
552 2125 825 2175 existimavit,
849 2143 1136 2185 quascumque
1158 2128 1198 2169 in
1218 2137 1363 2185 partes
1383 2144 1436 2170 ex
1453 2128 1559 2185 fuga
1579 2143 1621 2170 se
1643 2143 1755 2170 rece-

278 2183 423 2241 pisset,
456 2199 508 2225 ne
529 2199 674 2225 rursus
696 2185 838 2243 copias
859 2202 1110 2244 comparare
1138 2186 1242 2228 alias
1275 2195 1320 2229 et
1350 2186 1516 2229 bellum
1548 2201 1758 2230 renovare

278 2310 357 2352 quia
378 2310 478 2349 Libo,
504 2316 539 2342 ut
561 2313 661 2343 modo
684 2312 842 2352 vidimus,
864 2315 980 2347 classis

413 2355 418 2360 ⁵
586 2355 591 2359 .
1102 2317 1349 2358 Adplicatisque
1370 2319 1488 2348 nostris
1512 2315 1607 2357 (Leg.
1633 2317 1756 2353 nostri)

280 2357 495 2396 Pompelanae
509 2361 593 2396 parti
608 2357 749 2396 praefuit.
773 2360 822 2389 M.
869 2360 980 2390 Resti-

1056 2361 1101 2391 ml
1122 2366 1250 2392 terram
1276 2362 1426 2398 naz-ibus,
1451 2362 1756 2402 propter—ratione

280 2399 342 2430 tuit
358 2399 472 2430 Davis.
490 2409 531 2429 ex
548 2400 600 2429 ed.
618 2400 788 2432 Beroaldi.
827 2404 901 2434 Vibo
919 2414 980 2444 op-

282 2443 402 2483 pidum
430 2443 495 2473 fuit
524 2443 565 2473 ad
595 2444 718 2475 fretum
750 2445 912 2479 Siculum.
946 2459 978 2478 v.

281 2486 457 2518 Cellarius.

329 2533 410 2565 Qus&
432 2536 507 2562 sunt
534 2531 581 2563 acl
607 2532 772 2563 incendia.

282 2574 340 2604 alii
359 2579 456 2614 aptae.

331 2620 519 2650 Consti-ata».
546 2618 614 2649 vid.
638 2619 707 2649 Ind.
731 2619 801 2651 Alii
816 2627 978 2653 ros-[ratze.

284 2662 359 2692 Non
384 2661 451 2692 dici
481 2667 605 2702 potest,
634 2668 706 2693 utra
735 2663 845 2694 verior
873 2665 977 2695 lectio

283 2705 335 2735 sit.
361 2706 410 2735 M.
468 2705 633 2737 Cellarius
659 2707 787 2746 praefert
817 2713 978 2741 rostratae.

285 2748 414 2779 Similis
428 2750 580 2780 confusio
600 2751 652 2781 Af.
670 2760 699 2780 c.
721 2753 769 2781 1¹..

335 2793 502 2823 Vibonem.
569 2793 622 2824 Sic
662 2793 749 2825 dedit
785 2795 980 2827 Beroaldus.

285 2836 505 2867 Consentiunt
520 2837 757 2877 probaticodd.
777 2839 884 2877 Vulgo
895 2841 980 2870 male

285 2878 455 2926 Libonem,
491 2881 582 2922 quod
620 2892 768 2914 servasse
798 2882 981 2916 Cellarium

282 2931 396 2953 miror.

830 2534 980 2567 Inserunt

1057 2406 1121 2445 effl't
1133 2403 1229 2441 (Lex.
1240 2406 1407 2444 eyemmt).
1434 2405 1564 2436 Cassius
1574 2404 1755 2437 secundum

1055 2465 1109 2478 —.
1126 2447 1180 2478 Sic
1200 2448 1269 2479 haec
1288 2448 1429 2487 legenda
1441 2459 1512 2479 esse
1525 2447 1753 2489 praeeuntibus

1056 2492 1154 2522 codd.
1170 2491 1254 2522 vidit
1271 2491 1359 2522 Oud.
1405 2492 1490 2522 Illud
1501 2491 1639 2533 quidem
1654 2495 1756 2524 nostri

1057 2545 1118 2575 pro
1135 2538 1251 2566 nostri-s-
1266 2535 1315 2566 vii·
1331 2536 1450 2566 doctus
1465 2547 1508 2567 ex
1526 2535 1661 2576 ingenio
1678 2546 1750 2566 mu-

1055 2578 1139 2609 tavit
1149 2591 1159 2617 ;
1184 2580 1239 2609 sed
1254 2584 1393 2618 efferunt
1408 2584 1440 2610 et
1457 2581 1590 2611 Caesius
1603 2579 1636 2610 in
1653 2579 1753 2611 codd.

1054 2621 1300 2663 antiquissimis
1324 2628 1385 2654 est.
1408 2624 1458 2654 M.
1518 2623 1570 2654 Ex
1595 2622 1648 2655 his
1676 2622 1754 2654 satis

1055 2671 1147 2705 patet
1172 2666 1348 2706 legendum
1373 2677 1445 2698 esse
1467 2669 1581 2699 nostri-
1627 2667 1753 2707 Sequor

1056 2709 1144 2740 Oud.
1159 2709 1213 2740 Sic
1230 2716 1261 2741 et
1276 2710 1385 2741 Bentl.

1100 2755 1334 2794 Demehensoe.
1349 2753 1470 2785 Clarke
1481 2753 1572 2785 dedit
1584 2753 1754 2794 depressae,

1054 2797 1144 2837 quod
1171 2803 1203 2827 et
1230 2797 1318 2829 Oud.
1348 2798 1478 2837 maluit,
1508 2797 1537 2830 si
1562 2797 1674 2828 liceret
1696 2809 1755 2839 per

1056 2841 1154 2871 codd.

1052 2928 1079 2968 fi
1104 2885 1191 2954 Ant-el
1207 2885 1245 2917 id
1267 2890 1289 2918 t.
1310 2887 1410 2928 finffl'-
1454 2883 1522 2917 Alii
1545 2888 1623 2916 ante
1647 2886 1705 2917 lzoc
1732 2890 1756 2918 t.

1082 2938 1140 2968 nyt
1158 2939 1201 2959 a..
