1946 3261
272 312 330 356 de
371 317 630 365 senatusque
675 305 872 349 consulto
909 305 1069 348 certior
1110 306 1267 355 factus,
1316 311 1368 346 ut
1419 315 1563 346 omnes
1603 298 1740 342 Italiae

272 370 460 429 iuniores
521 367 815 425 conjurarent,
889 363 1100 406 dilectum
1151 373 1246 406 tota
1308 360 1530 421 provincia
1581 357 1740 401 habere

269 420 475 472 instituit.
537 426 611 467 Eae
641 440 707 466 res
743 424 785 466 in
822 423 1011 466 Galliam
1048 422 1377 481 Transalpinam
1409 418 1610 463 celeriter
1643 431 1742 475 per-

274 489 490 530 feruntur.
552 482 736 526 Addunt
767 483 850 541 ipsi
882 490 927 523 et
953 479 1180 540 adfingunt
1200 479 1443 523 rumoribus
1465 477 1600 526 Galli,
1622 474 1741 532 quod

274 561 343 588 res
365 559 541 602 poscere
561 541 813 591 videbatur,
832 539 1010 584 retineri
1030 541 1197 583 urbano
1216 548 1338 582 motu
1352 539 1583 585 Caesarem,
1604 549 1743 590 neque

274 604 319 645 in
365 602 495 644 tantis
527 600 857 644 dissensionibus
893 599 946 641 ad
984 601 1222 642 exercitum
1254 597 1404 639 venire
1441 611 1579 654 posse.
1644 592 1742 635 Hac

275 661 434 719 inpulsi
453 659 686 708 occasione,
724 659 798 715 qui
829 658 917 715 jam
951 666 1051 700 ante
1086 675 1129 700 se
1161 656 1319 715 Populi
1349 654 1533 697 Romani
1560 650 1745 710 imperio

274 720 491 778 subjectos
512 718 726 766 dolerent,
761 716 940 758 liberius
959 724 1090 773 atque
1112 716 1314 758 audacius
1342 714 1397 756 de
1432 713 1550 756 bello
1571 709 1747 753 consilia

275 779 384 821 inire
421 777 649 836 incipiunt.
713 774 892 817 Indictis
920 774 1032 817 inter
1064 792 1106 817 se
1139 774 1356 833 principes
1381 771 1536 814 Galliae
1558 768 1746 812 conciliis

273 836 544 888 silvestribus
563 852 611 877 ac
629 834 804 877 remotis
835 833 952 882 locis,
986 842 1232 890 queruntur
1265 832 1320 873 de
1360 830 1542 873 Acconis
1573 835 1745 873 morte;

276 895 390 937 hunc
411 911 553 937 casum
573 893 627 936 ad
651 893 763 951 ipsos
784 892 974 934 recidere
993 909 1115 950 posse
1133 891 1429 934 demonstrant
1447 905 1457 937 ς
1488 888 1747 930 miserantur

273 969 543 997 communem
576 952 731 994 Galliae
766 952 1012 999 fortunam;
1052 951 1249 993 omnibus
1282 945 1667 1007 pollicitationibus
1696 959 1746 985 ac

274 1012 460 1072 praemiis
487 1011 743 1069 deposcunt,
775 1009 850 1067 qui
882 1008 988 1051 belli
1019 1009 1189 1052 initium
1222 1009 1381 1050 faciant
1420 1016 1464 1048 et
1498 1005 1563 1047 sui
1595 1002 1749 1061 capitis

278 1070 477 1129 periculo
509 1069 697 1112 Galliam
729 1069 772 1110 in
809 1068 1055 1111 libertatem
1091 1068 1324 1110 vindicent.
1386 1064 1490 1122 Ejus
1525 1064 1567 1105 in
1599 1061 1750 1120 primis

276 1129 488 1173 rationem
520 1127 763 1170 habendam
798 1126 965 1175 dicunt,
1006 1126 1257 1184 priusquam
1296 1140 1447 1167 eorum
1483 1120 1749 1164 clandestina

276 1188 453 1231 consilia
474 1188 725 1235 efferantur,
755 1194 805 1227 ut
828 1185 972 1227 Caesar
989 1186 1046 1227 ab
1071 1185 1265 1227 exercitu
1300 1180 1634 1224 intercludatur.
1698 1177 1750 1220 Id

276 1262 365 1289 esse
386 1246 529 1295 facile,
548 1244 667 1302 quod
689 1260 827 1301 neque
849 1243 1052 1300 legiones,
1074 1244 1250 1285 absente
1268 1242 1543 1298 imperatore,
1561 1236 1751 1279 audeant

277 1321 333 1347 ex
351 1304 542 1347 hibernis
562 1302 713 1361 egredi
731 1318 741 1350 ς
765 1317 904 1358 neque
918 1302 1154 1358 imperator
1165 1301 1253 1342 siue
1269 1298 1467 1357 praesidio
1486 1296 1542 1339 ad
1561 1296 1750 1353 legiones

280 1362 509 1420 pervenire
531 1361 693 1419 possit;
727 1369 944 1418 postremo
966 1360 1009 1401 in
1030 1360 1119 1401 acie
1150 1367 1353 1417 praestare
1388 1355 1585 1404 interfici,
1619 1369 1750 1412 quam

279 1436 365 1463 non
387 1429 580 1462 veterem
599 1419 705 1461 belli
736 1417 921 1477 gloriam
951 1418 1302 1475 libertatemque,
1325 1432 1453 1474 quam
1471 1431 1497 1457 a
1514 1413 1751 1471 majoribus

277 1479 545 1537 acceperint,
566 1477 823 1535 reciperare.

337 1538 379 1578 2.
417 1537 499 1579 His
520 1537 650 1578 rebus
680 1535 870 1593 agitatis,
907 1534 1171 1593 profitentur
1203 1535 1432 1583 Carnutes,
1469 1541 1497 1559 ‘⁶
1516 1548 1560 1574 se
1581 1530 1750 1573 nullum

279 1603 310 1621 ‘⁶
334 1595 578 1653 periculum
599 1594 832 1636 communis
852 1593 1001 1635 salutis
1021 1609 1165 1635 caussa
1198 1608 1413 1642 recusare,
1448 1590 1750 1650 principesque

282 1661 311 1680 “
335 1670 387 1695 cx
415 1652 613 1695 omnibus
646 1652 812 1694 bellum
843 1653 1033 1693 facturos
1062 1651 1340 1709 pollicentur,
1382 1660 1442 1699 et,
1477 1649 1678 1706 quoniam
1709 1647 1753 1700 in

281 1720 312 1739 “
335 1713 566 1770 praesentia
601 1710 824 1753 obsidibus
859 1710 971 1751 inter
1006 1726 1049 1751 se
1088 1725 1240 1751 cavere
1271 1724 1355 1751 non
1391 1709 1568 1766 possint,
1602 1722 1655 1748 ne
1684 1722 1753 1747 res

282 1779 312 1797 ‘⁶
337 1771 560 1819 efferatur,
579 1777 628 1810 ut
645 1768 927 1827 jurejurando
945 1784 992 1810 ac
1012 1767 1094 1810 fide
1115 1768 1347 1817 sanciatur,
1376 1775 1549 1825 petunt,
1576 1763 1755 1808 conlatis

282 1837 312 1856 ‘⁶
335 1828 596 1871 militaribus
614 1826 759 1885 signis,
778 1827 882 1883 (quo
903 1842 1022 1868 more
1047 1842 1194 1868 eorum
1223 1826 1484 1884 gravissimae
1515 1822 1755 1866 cerimoniae

280 1895 310 1915 “
331 1886 646 1941 continentur,)
666 1901 735 1933 ne,
759 1885 873 1927 facto
896 1884 1016 1925 initio
1038 1885 1157 1933 belli,
1182 1882 1241 1926 ab
1261 1884 1438 1941 reliquis
1458 1882 1754 1926 deserantur.”

327 2024 381 2054 De
403 2032 474 2054 sen..
488 2022 646 2053 consulto.
690 2018 767 2051 Cic.
792 2019 876 2050 ibid.
903 2029 980 2059 cap.

283 2068 338 2098 26.
362 2073 395 2096 et
410 2064 577 2097 Asconius
606 2063 638 2095 in
661 2070 856 2105 argumento
881 2063 984 2093 Milo-

280 2110 391 2144 nianae
418 2107 592 2140 orationis.
616 2108 664 2138 M.
719 2106 923 2148 l'raepositio
947 2107 986 2137 de

284 2160 336 2187 est
366 2152 492 2184 omissa
520 2152 555 2182 in
591 2151 689 2182 codd.
718 2150 819 2182 variis
849 2157 882 2181 ot
908 2150 987 2181 edd.

283 2196 419 2242 primis,
433 2206 453 2227 a
469 2196 678 2236 praecedente
692 2205 777 2225 voce
792 2195 922 2225 hausta.

334 2243 568 2280 Conjurarem.
590 2238 676 2269 Cum
689 2244 826 2279 propter
843 2237 990 2279 periculi

287 2284 500 2317 vicinitatem
550 2290 615 2313 non
667 2281 797 2315 liceret,
843 2282 991 2323 singulos

288 2332 500 2362 sacramento
514 2336 630 2366 rogare
649 2337 657 2355 ι
680 2336 808 2364 omnes,
825 2326 940 2357 edicto
959 2325 988 2356 in

286 2383 392 2406 unum
423 2371 537 2402 locum
561 2369 752 2407 convocati,
772 2371 872 2400 simul
889 2373 992 2408 jura-

289 2419 470 2456 bant,quae
487 2414 578 2445 dicta
594 2418 645 2444 est
659 2415 856 2452 conjuratio.
873 2425 902 2443 v.
918 2414 992 2443 Ser-

287 2460 365 2493 vius
380 2460 422 2490 ad
437 2457 528 2497 Virg·
544 2457 620 2489 AEn-
641 2459 672 2495 8,
691 2460 721 2487 5.
759 2457 883 2488 Cellnr.

337 2503 548 2536 Rumoribus.
591 2501 685 2532 Male
709 2499 914 2531 Ciacconius
944 2511 994 2532 rc-

291 2547 486 2591 ponendum
500 2545 617 2577 suadet
631 2554 794 2576 rumores.

338 2592 513 2631 subjectos.
535 2588 595 2620 alii
610 2589 763 2620 subditos.

339 2637 394 2667 De
411 2635 547 2666 Acconis
563 2637 677 2664 morte.
706 2631 804 2662 Conf.
818 2632 849 2669 6,
867 2633 918 2662 44.
943 2632 992 2662 M.

340 2679 383 2710 Id
405 2688 473 2709 esse
487 2677 601 2716 facile.
645 2675 755 2708 Aliter
781 2675 852 2706 liaec
881 2681 995 2706 narrat

290 2724 410 2754 Florus
421 2723 513 2758 3,10‚
522 2723 574 2751 22.
584 2718 644 2751 ubi
656 2719 759 2751 etiam
772 2730 832 2761 pro
843 2721 995 2751 Cet-euna

293 2777 321 2798 c-
341 2769 370 2796 8.
388 2765 469 2796 infra
487 2763 582 2805 ponit
598 2765 708 2805 Alpes.

337 2810 536 2847 Profitentur
549 2809 720 2839 Carnutes.
742 2807 828 2839 Cum
845 2805 906 2838 hac
923 2816 995 2837 nar-

291 2852 422 2884 ratione
437 2851 632 2882 conferendi
659 2857 734 2882 sunt
763 2851 934 2882 Plutarch.
958 2849 992 2880 in

289 2896 378 2930 Caes.
402 2904 480 2937 cap.
505 2898 546 2926 25
574 2905 645 2937 sqq.
671 2895 740 2928 Dio
759 2895 853 2928 Cass.
875 2896 930 2934 40,
953 2896 994 2926 33

1052 2029 1126 2059 sqq.
1161 2017 1303 2050 Orosius
1319 2021 1416 2057 ss,1l.
1446 2016 1704 2060 AdtigitStrabo
1722 2020 1753 2049 4.

1050 2073 1084 2103 p.
1107 2064 1177 2092 191.
1203 2064 1252 2093 M.

1099 2107 1344 2147 Principesque.
1396 2107 1533 2138 Addunt
1547 2117 1592 2145 se,
1605 2106 1697 2148 quod
1722 2104 1754 2136 in

1052 2150 1149 2180 codd.
1167 2149 1281 2181 multis
1298 2157 1329 2181 et
1343 2151 1396 2181 ed.
1424 2150 1506 2182 Ven.
1519 2158 1608 2182 recte
1623 2151 1728 2181 deest.

1101 2194 1284 2225 Obsidibus.
1316 2193 1384 2225 Alii
1413 2196 1452 2225 de
1480 2194 1651 2231 obsidibus,
1663 2194 1754 2234 quod

1054 2237 1175 2268 Morus
1204 2237 1306 2268 etiam
1344 2239 1537 2276 admiserat,
1569 2237 1628 2269 sed
1665 2237 1754 2268 Oud.

1055 2291 1167 2312 veram
1205 2281 1384 2313 lectionem
1421 2282 1524 2313 dedit.
1585 2282 1756 2313 Obsidibus

1054 2337 1173 2356 rat-ere
1181 2332 1230 2356 est
1245 2326 1322 2356 dare
1333 2325 1470 2357 obsides
1481 2325 1513 2357 in
1528 2325 1651 2367 pignus
1665 2325 1755 2357 fidei.

1053 2370 1145 2400 Idem
1162 2369 1246 2399 bene
1261 2369 1548 2411 restituitpossint.

1102 2416 1173 2447 Quo
1188 2424 1290 2445 inore.
1332 2413 1402 2444 Alii
1418 2414 1505 2444 male
1522 2413 1623 2455 quod.

1105 2458 1251 2488 Grai-iss.
1267 2459 1378 2488 cer-im.
1398 2457 1509 2495 Ritus,
1523 2457 1581 2499 qui
1599 2466 1756 2498 magnam

1055 2500 1289 2531 auctoritatem
1306 2507 1340 2532 et
1358 2500 1426 2532 vim
1442 2502 1484 2532 ad
1499 2500 1756 2542 obstringendos

1053 2544 1283 2586 religioneque
1312 2544 1504 2586 implendos
1533 2545 1666 2576 animos
1698 2544 1757 2576 ha-

1056 2588 1150 2627 bent,
1162 2588 1248 2620 ritus
1263 2589 1463 2620 sacrosancti
1478 2594 1511 2619 et
1527 2587 1759 2627 inviolabiles,

1054 2638 1206 2663 constant
1235 2632 1298 2663 liae
1324 2643 1370 2672 re,
1398 2633 1572 2675 signorum
1601 2642 1759 2673 compor-

1056 2676 1195 2709 tatione,
1211 2686 1305 2707 more
1320 2677 1426 2708 Gallis
1441 2676 1576 2708 usitato.
1608 2676 1711 2716 Ergo.
1727 2675 1755 2707 si

1054 2720 1148 2766 quid·
1174 2721 1294 2751 volunt
1337 2719 1529 2752 inviolabili
1571 2718 1756 2750 cerimonia

1057 2773 1186 2795 sancire
1207 2769 1237 2794 ot
1263 2770 1369 2795 ratum
1388 2763 1509 2801 facere,
1534 2773 1626 2795 more
1649 2763 1756 2804 majo-

1055 2818 1126 2838 rum
1145 2813 1281 2839 utuntur
1291 2808 1353 2839 hac
1368 2806 1635 2849 comportatione
1645 2806 1758 2847 signo-

1056 2862 1143 2890 rum,
1161 2862 1219 2893 per
1233 2862 1309 2893 quae
1328 2852 1452 2893 jurant,
1480 2861 1582 2892 seque
1609 2849 1757 2882 obstrin-

1054 2901 1145 2934 gunt.
1186 2896 1236 2927 M.

1290 2897 1471 2938 Perperam
1508 2894 1580 2930 haec
1613 2893 1759 2927 reddidit

1052 2938 1202 2971 Graecus.
