1961 3230
187 203 215 229 x
580 181 847 227 HENRICI
882 180 1224 225 DODWELLI

185 301 240 344 ad
262 302 398 359 prima
416 300 520 343 belli
542 297 675 341 civilis
697 296 829 339 initia.
892 297 959 338 Ex
982 296 1044 339 his
1067 297 1202 354 igitur
1225 294 1417 353 epistolis
1438 294 1493 336 ad
1516 292 1657 352 Oppi-

188 394 259 419 um
281 377 389 419 datis
424 390 567 417 rerum
599 380 818 430 gestarum
848 373 1073 414 memorias
1103 372 1298 429 accipere
1328 369 1490 427 potuit,
1527 368 1659 425 siquis

182 451 326 508 junior
349 449 481 506 Oppii
502 447 670 490 nomine
692 447 825 489 libros
857 446 1070 488 edidisset.
1135 446 1203 487 Ita
1238 445 1330 495 fiet,
1358 452 1408 485 ut
1442 443 1539 500 pari
1571 442 1655 484 fide

186 525 327 581 dignae
363 523 445 564 sint
474 537 618 564 rerum
650 529 867 578 gestarum
899 521 1182 570 narrationes,
1213 535 1287 560 seu
1318 518 1393 560 hos
1414 518 1546 560 libros
1566 516 1657 574 ipse

187 596 376 639 exararit
419 595 605 652 Oppius,
647 611 720 636 seu
753 594 899 652 junior
939 594 1086 651 Oppio
1124 592 1337 650 quispiam
1373 590 1598 648 collegerit
1637 605 1660 631 e

190 671 368 713 Caesaris
387 670 595 727 epistolis,
617 669 764 726 Oppio
787 669 1002 725 inscriptis
1019 676 1150 725 atque
1174 667 1327 709 Balbo.
1363 667 1494 708 Certe
1510 665 1658 723 Oppio

185 760 253 787 res
285 743 462 786 Caesaris
491 742 620 783 etiam
641 757 816 783 arcanas
836 741 964 782 fuisse
985 741 1360 798 exploratissimas,
1390 756 1442 782 ex
1474 755 1524 781 eo
1543 739 1659 781 libro

185 817 423 875 colligitur,
454 832 582 873 quem
616 814 830 872 scripsisse
860 821 1043 855 testatur
1079 813 1273 870 Oppium
1306 812 1539 854 Suetonius
1568 810 1662 853 Jul.

188 908 284 950 cap.
307 891 381 942 52,
405 898 453 932 ut
476 890 683 947 probaret
705 905 788 931 non
807 889 934 930 fuisse
958 888 1137 931 Caesaris
1159 887 1314 938 filium,
1345 903 1475 944 quem
1503 886 1661 928 dixerit

192 968 445 1024 Cleopatra,
466 980 618 1021 nempe
642 964 942 1006 Caesarionem.
982 963 1131 1004 Minus
1149 971 1293 1004 tamen
1313 962 1490 1004 idoneus
1510 962 1662 1004 fuisset

191 1042 363 1099 Oppius
402 1040 456 1082 ad
490 1039 759 1081 scribendum
793 1038 845 1079 de
880 1037 960 1080 hoe
997 1045 1271 1096 argumento,
1301 1038 1334 1079 si
1367 1038 1457 1094 ipse
1484 1052 1660 1095 quoque

187 1117 304 1160 bello
343 1114 634 1156 Alexandrino
668 1128 753 1155 non
792 1112 1070 1154 interfuisset.
1144 1111 1304 1154 Melius
1345 1127 1450 1169 ergo
1489 1111 1567 1153 hac
1607 1110 1662 1152 de

187 1206 314 1232 causa
338 1189 531 1230 Hirtium
549 1188 677 1244 hujus
695 1187 874 1243 Prologi
895 1194 1114 1227 auctorem
1135 1185 1484 1227 existimabimus.
1522 1184 1661 1241 Oppii

185 1265 296 1307 enim
327 1262 568 1305 testimonio
604 1262 658 1304 de
691 1261 778 1303 filio
814 1260 990 1303 Caesaris
1020 1260 1242 1317 pugnabat
1271 1261 1400 1301 etiarn
1430 1259 1660 1309 Antonius,

186 1341 258 1382 vix
279 1340 339 1381 ita
359 1346 475 1381 certe
498 1339 711 1388 facturus,
733 1336 810 1378 nisi
830 1335 1103 1377 Alexandriae
1134 1351 1232 1377 cum
1254 1335 1422 1376 Caesare
1442 1333 1659 1375 adfuisset.

190 1416 346 1459 Nescio
366 1415 510 1464 etiam,
533 1429 586 1454 an
607 1413 674 1453 hic
710 1412 844 1453 fuerit
878 1411 1051 1467 Oppius
1082 1411 1268 1468 legatus,
1299 1410 1420 1467 cujus
1440 1409 1598 1451 mentio
1621 1409 1664 1450 in

184 1490 303 1532 bello
337 1488 542 1530 Africano
578 1502 671 1543 cap.
711 1485 780 1526 68.
844 1485 902 1526 Et
932 1493 1048 1526 certe
1084 1484 1231 1526 Hirtio
1262 1485 1398 1541 magis
1427 1483 1545 1525 favet
1574 1482 1664 1540 ipse

191 1565 439 1614 Suetonius,
478 1563 579 1604 dum
625 1561 762 1604 Hirtii
801 1561 968 1603 nomine
997 1561 1131 1603 verba
1161 1576 1213 1602 ex
1243 1559 1320 1603 illo
1351 1561 1444 1618 ipso
1484 1559 1664 1602 advocat

190 1640 397 1696 Prologo,
421 1654 516 1695 quae
540 1636 751 1693 hodieque
772 1635 833 1677 ibi
856 1635 1150 1693 reperiuntur.

188 1803 306 1832 IDEM
341 1802 526 1830 AUCTOR
562 1800 805 1829 LIBRORUM
842 1800 1148 1831 SEQUENTIUM
1182 1800 1241 1827 DE
1270 1798 1418 1827 BELLO
1451 1799 1661 1828 ALEXAN-

289 1877 460 1911 DRINO,
493 1877 648 1904 AFRIC.
685 1877 809 1903 HlSP.
844 1876 925 1903 SED
961 1876 1074 1902 POST
1110 1874 1309 1903 CAESARIS
1345 1874 1557 1901 MORTEM.

194 1981 273 2023 S1c
298 1994 402 2037 ergo
434 1993 516 2026 res,
549 1977 591 2018 ni
621 1976 767 2027 fallor,
801 1977 1014 2019 habuerit.
1082 1977 1252 2019 Primus
1288 1984 1440 2019 auctor
1472 1975 1666 2033 praedicti

192 2055 385 2112 Prologi,
418 2053 493 2110 qui
529 2054 707 2095 Caesaris
745 2054 906 2110 scripta
942 2053 1118 2110 digessit
1151 2053 1316 2111 pariter
1347 2069 1396 2094 ac
1427 2053 1666 2110 supplevit,

191 2146 275 2172 non
315 2128 487 2185 Oppius
527 2127 677 2178 fuerit,
711 2127 784 2169 sed
819 2128 1008 2177 Hirtius,
1047 2128 1121 2185 qui
1156 2127 1332 2185 proinde
1370 2127 1546 2178 ibidem,
1588 2127 1665 2170 ubi

191 2204 371 2254 Balbus,
408 2202 558 2254 fuerit,
595 2201 712 2259 quod
743 2201 920 2243 assiduis
950 2201 1066 2243 illius
1096 2217 1180 2243 non
1208 2200 1358 2249 literis,
1381 2200 1453 2241 sed
1470 2200 1666 2252 vocibus,

189 2286 361 2322 coactus
383 2293 489 2320 onus
510 2277 620 2318 illud
641 2277 853 2319 scribendi
871 2276 1122 2334 susceperit.
1157 2276 1341 2333 Scripsit
1363 2290 1467 2333 ergo
1493 2275 1666 2318 Hirtius

192 2353 431 2410 Prologum
442 2351 496 2394 ad
512 2352 696 2393 amicum
714 2351 912 2403 Caesaris,
929 2351 1178 2394 Cornelium
1195 2351 1380 2394 Balbum
1399 2350 1665 2394 Gaditanum
1723 2386 1725 2389 .

190 2426 459 2470 ditissimum.
522 2425 580 2481 Et
611 2425 653 2466 in
684 2426 868 2483 prologo
899 2425 1225 2468 commentarios
1245 2441 1270 2466 a
1293 2441 1334 2466 se
1356 2423 1537 2481 scriptos
1566 2440 1665 2482 sup-

193 2503 316 2562 ponit
336 2518 482 2544 rerum
503 2509 721 2560 gestarum
743 2502 913 2554 Galliae,
938 2517 1021 2544 non
1038 2501 1348 2560 comparandos
1369 2501 1665 2559 superioribus

190 2586 321 2634 atque
350 2576 673 2634 insequentibus
711 2576 889 2618 Caesaris
924 2577 1106 2634 scriptis.
1173 2577 1233 2619 Hi
1267 2576 1558 2619 commentarii
1592 2575 1666 2618 alii

192 2667 280 2694 esse
313 2666 396 2692 non
434 2658 636 2708 poterant
673 2650 728 2692 ab
765 2650 897 2701 VIII,
931 2651 1007 2707 qui
1050 2651 1289 2709 Prologum
1324 2652 1515 2709 proxime
1556 2650 1665 2692 exci-

194 2726 358 2783 piebat,
379 2725 483 2767 belli
503 2724 660 2767 Gallici
683 2725 811 2776 libro,
832 2725 976 2767 medio
997 2724 1196 2769 nimirum
1217 2726 1326 2769 inter
1350 2726 1484 2770 libros
1507 2725 1665 2769 Gallici

195 2799 299 2843 belli
321 2799 614 2859 pri01·es‚quos
629 2809 770 2844 censet
784 2802 1040 2860 superiores,
1055 2810 1098 2845 et
1116 2802 1249 2846 libros
1262 2802 1365 2847 belli
1387 2802 1538 2854 civilis,
1554 2817 1666 2860 quos

1938 340 1945 374 μ,
1937 291 1944 295 ,
1937 221 1942 271 ..,„„
1940 194 1942 198 v
1936 140 1943 159 (-

1940 634 1961 2312 emm-w.
1940 603 1941 607 Α
