1946 3261
689 175 1110 221 FRAGMENTA.
1565 174 1648 219 591

164 300 363 345 Donatus
399 302 443 345 in
476 301 567 346 vita
597 302 792 348 Terentii
826 303 902 348 hos
939 303 1021 349 sub
1052 304 1102 347 C.
1129 300 1243 346 Julii
1272 300 1452 346 Caesaris
1481 300 1651 346 nomine

222 376 370 405 versus
390 362 614 422 producit:

224 462 253 481 ‘⁴
283 455 353 498 Tu
375 471 568 515 quoque,
602 464 651 498 tu
674 456 716 500 in
738 454 929 503 summis,
962 470 988 496 o
1009 452 1232 496 dimidiate
1259 453 1515 504 Menander,

284 514 481 566 Poneris,
504 523 549 557 et
569 514 742 566 merito,
764 513 867 573 puri
884 511 1089 556 sermonis
1109 520 1289 554 amator.

283 572 474 616 Lenibus
494 582 629 631 atque
651 573 818 616 utinam
841 572 1013 631 scriptis
1033 570 1239 628 adjuncta
1260 571 1376 614 foret
1395 571 1460 614 vis

281 631 479 674 Comica:
514 640 566 674 ut
583 640 756 690 aequato
777 632 916 674 virtus
938 630 1126 690 polleret
1145 628 1306 672 honore

282 690 396 734 Cum
418 690 604 740 Graecis;
636 706 778 749 neque
800 690 842 733 in
864 689 942 733 hac
963 689 1192 749 despectus
1212 697 1339 748 parte
1355 688 1531 747 jaceres.

280 749 434 794 Unum
453 748 535 795 hoc
555 765 749 794 maceror
770 758 816 794 et
834 749 962 794 doleo
982 749 1064 794 tibi
1082 748 1242 799 deesse,
1263 747 1487 792 Terenti.”

165 893 362 952 Sequens
378 893 508 939 etiam
523 895 807 956 Epigramma
825 896 876 939 C.
892 893 921 937 J
927 893 1018 937 ulio
1033 892 1194 937 Caesari
1205 891 1382 952 quidam
1395 891 1652 942 inscribunt,

720 955 795 998 alii
815 953 1091 999 Germanico.

231 1054 260 1074 ‘⁶
282 1046 430 1091 Thrax
437 1064 560 1150 AEuer
581 1048 793 1093 adstricto
814 1048 949 1109 glacie
970 1047 1074 1092 dum
1095 1047 1209 1092 ludit
1229 1048 1271 1092 in
1295 1047 1468 1098 Hebro,

344 1107 434 1151 Pon
469 1125 542 1151 ere
564 1117 787 1152 concretas
809 1109 974 1167 frigore
994 1108 1117 1166 rupit
1138 1123 1285 1166 aquas.

285 1167 494 1225 Dumque
513 1168 608 1211 imae
628 1177 776 1227 partes
797 1169 950 1226 rapido
968 1166 1247 1210 traherentur
1266 1166 1324 1210 ab
1343 1180 1485 1216 amne,

344 1225 548 1270 Abscidit
566 1235 764 1271 tenerum
786 1227 957 1271 lubrica
980 1235 1092 1270 testa
1111 1234 1270 1284 caput;

285 1285 409 1329 Orba
428 1287 547 1345 quod
567 1287 791 1330 inventum
810 1296 953 1330 mater
971 1285 1075 1329 dum
1096 1285 1306 1329 conderet
1326 1300 1450 1340 urna,

345 1345 442 1389 Hoc
461 1346 610 1404 peperi
632 1346 826 1397 flammis,
848 1355 1019 1396 caetera,
1041 1345 1169 1396 dixit,
1190 1345 1357 1408 aqui8.”

228 1471 345 1515 Illud
368 1489 474 1518 vero
494 1474 730 1518 distichon:

292 1574 322 1593 ‘⁶
348 1565 514 1621 Feltria
536 1583 613 1626 per
672 1577 750 1611 tuo
771 1566 937 1610 nivium
957 1565 1164 1610 damnata
1185 1565 1344 1625 rigore.

402 1627 543 1671 Terra
561 1584 668 1670 miiii
687 1625 866 1686 posthac
889 1642 973 1670 non
996 1625 1248 1677 habitanda,
1269 1625 1416 1674 vale;”

167 1718 273 1762 falso
297 1719 457 1763 Caesari
481 1719 738 1778 inscriptum
759 1726 840 1768 est,
870 1718 948 1761 etsi
969 1716 1146 1777 quidam
1170 1718 1213 1762 in
1234 1716 1498 1768 membrana,
1519 1715 1593 1762 alii
1614 1715 1657 1760 in

168 1794 270 1822 saxo
290 1787 461 1823 exstare
483 1778 643 1823 dicant.

768 1888 1067 1932 INCERTA.

172 1981 446 2025 UNGUENTA
466 1981 674 2025 dicuntur
696 1997 721 2024 a
743 1982 861 2033 locis,
883 1991 931 2025 ut
951 1981 1172 2030 Telinum,
1201 1981 1324 2039 cujus
1343 1980 1489 2023 Julius
1518 1980 1662 2023 Caesar

169 2041 382 2091 meminit,
402 2040 565 2084 dicens:
601 2050 630 2068 ‘⁶
651 2041 911 2101 Corpusque
931 2042 1054 2085 suavi
1076 2040 1229 2083 Telino
1250 2041 1495 2099 unguimus.
1562 2039 1661 2084 Hoc

172 2108 202 2126 “
226 2099 540 2143 conficiebatur
569 2101 611 2143 in
634 2100 772 2144 insula
793 2101 918 2151 Telo,
953 2117 1051 2159 quae
1077 2109 1141 2143 est
1172 2115 1258 2143 una
1279 2115 1334 2142 ex
1356 2098 1663 2158 Cycladibus‚”

172 2159 517 2203 etc—Isidorus
540 2159 665 2217 Orig.
689 2161 733 2210 4,
762 2160 855 2203 12*

355 2257 457 2288 Telon
472 2255 614 2287 insulam
631 2255 842 2298 Sporadibus
857 2261 1015 2288 accenset
1031 2254 1151 2288 Strabo
1166 2254 1190 2287 l.
1207 2256 1258 2287 10.
1275 2265 1308 2297 p.
1323 2257 1397 2286 488.
1436 2255 1550 2297 ltaque
1563 2256 1656 2298 apud

307 2300 474 2333 Isidorum
490 2300 556 2343 legi
574 2306 708 2343 oportet
721 2307 779 2333 aut
795 2302 920 2333 Delino
935 2318 979 2325 -
997 2302 1096 2340 Delo,
1119 2305 1178 2333 aut
1192 2310 1233 2333 ea:
1250 2299 1465 2342 Sporadibus.

222 2437 244 2459 ⁹
268 2437 441 2471 Insertum
462 2439 520 2471 hoc
534 2439 576 2472 ab
590 2438 714 2471 Ursino
729 2438 932 2481 fragmentis
954 2437 994 2471 de
1014 2439 1180 2478 Analoqia
1193 2449 1203 2467 .·
1224 2442 1264 2469 ut
1282 2440 1314 2468 et
1325 2435 1412 2468 allud
1429 2445 1472 2467 ex
1487 2434 1600 2467 Nonio
1622 2437 1658 2467 in

263 2493 342 2514 voce
350 2482 460 2521 Ciuis,
472 2494 534 2515 nec
545 2494 613 2516 non
627 2485 716 2516 locus
730 2483 836 2515 Plinii
851 2493 893 2515 ex
905 2484 960 2515 lib.
974 2485 1006 2521 7,
1020 2485 1051 2515 3.
1065 2483 1122 2514 ubi
1135 2482 1327 2523 adloquitur
1339 2481 1388 2511 M.
1406 2481 1445 2512 Τ.
1460 2481 1659 2512 Ciceronem.

268 2527 358 2562 Quid
381 2528 533 2560 habuerit
552 2537 691 2567 caussae,
719 2539 780 2560 cur
805 2529 864 2559 hoc
880 2526 1013 2569 fecerit,
1034 2527 1239 2559 comminisci
1261 2535 1324 2557 non
1346 2527 1451 2566 potui.
1499 2526 1660 2558 Quocirca

263 2573 349 2603 inter
375 2580 543 2603 mezu-m
564 2571 774 2612 referendum
788 2572 883 2603 dumi.
931 2571 1004 2604 Nisi
1031 2573 1108 2613 quis
1127 2572 1238 2612 potius
1260 2568 1379 2601 Caesari
1403 2567 1570 2607 Straboni,
1593 2579 1662 2600 non

267 2616 443 2655 Dictator-i,
456 2616 670 2648 tribuendum
685 2617 878 2648 arbitretur.
926 2616 964 2648 Si
989 2616 1036 2648 ad
1053 2616 1141 2648 hunc
1162 2613 1299 2646 modum
1319 2612 1435 2646 addita
1453 2623 1525 2645 ‘ema
1538 2614 1660 2645 vocula

263 2661 442 2701 scripseris,
453 2663 516 2693 erit
529 2663 658 2703 inteqer
674 2662 836 2693 Senam-ius
845 2673 856 2692 .-
922 2682 929 2694 .

513 2723 714 2766 Corpusque
730 2722 828 2755 suavi
843 2721 957 2755 Telini
973 2721 1124 2764 unguine
1139 2720 1331 2764 unguimus.

224 2801 323 2834 Idem
336 2800 480 2835 Ursinus
493 2812 534 2834 ex
550 2799 718 2834 Prisciani
734 2801 790 2833 lib.
804 2803 836 2833 8.
850 2801 1086 2843 fraqmentum
1099 2801 1159 2832 hoc
1168 2812 1178 2831 .-

223 2864 264 2898 C.
276 2866 403 2905 Caesar,
424 2876 500 2908 qnae
517 2875 570 2897 res
584 2869 788 2906 augurantur
802 2863 1045 2902 οἲωηηη-εῖται,
1069 2862 1116 2895 ad
1134 2863 1325 2904 Auyuralia
1339 2861 1578 2894 trameulerat:
1600 2872 1659 2903 eqo

262 2913 474 2953 pr-oetermisi‚
496 2919 602 2953 quam
624 2911 682 2944 isto
706 2910 876 2944 Prisciani
896 2909 964 2942 loco
983 2918 1053 2942 non
1073 2905 1176 2940 Caius
1190 2905 1311 2946 Caesar,
1332 2905 1390 2940 sed
1409 2904 1676 2993 Luciulseggzzss.
