1946 3261
278 245 371 312 *548
624 245 706 286 DE
733 242 942 302 *BELLO
975 242 1404 289 HISPANIENSI.

286 374 505 416 venerant,
526 366 709 435 praecisis
730 367 924 412 manibus
948 368 1064 412 missi
1094 378 1195 413 sunt
1226 369 1340 414 facti.
1404 369 1504 412 Pari
1524 379 1750 414 consuetu-

285 428 397 476 dine,
419 426 461 468 vi
495 424 568 468 iha
588 427 773 470 secunda
803 443 856 471 ex
888 427 1050 486 oppido
1083 428 1225 486 ignem
1261 428 1448 472 multum
1480 428 1752 487 telorumque

287 483 462 527 multitu
493 484 605 527 inem
622 484 839 543 jactando,
872 485 981 529 bene
1013 502 1216 545 magnum
1244 495 1412 546 tempus
1432 494 1754 531 consumserunt

287 542 614 600 compluresque
635 544 885 587 vulneribus
905 544 1170 588 adfecerunt.
1236 545 1465 589 Praeterito
1485 545 1622 588 noctis
1647 554 1752 588 tem-

287 616 411 659 pore,
423 601 696 658 eruptionem
710 602 753 644 in
770 602 984 660 legionem
1003 611 1165 646 sextam
1177 603 1390 653 fecerunt,
1408 619 1542 661 quum
1561 603 1605 646 in
1624 619 1755 662 opere

287 659 424 704 nostri
443 659 618 702 distenti
639 668 777 702 essent
795 661 1038 718 acriterque
1091 676 1254 719 ugnare
1285 670 1536 720 coeperunt:
1570 676 1757 719 quorum

289 717 355 761 vis
374 732 567 775 repressa
586 734 612 760 a
632 719 802 767 nostris,
835 719 915 761 etsi
944 677 1147 777 oppidani
1183 720 1402 778 superiore
1431 720 1526 762 loco
1557 719 1755 764 defende-

289 774 464 819 bantur.
528 775 580 826 Ii,
604 792 739 834 quum
769 777 1040 835 eruptionem
1061 777 1202 821 facere
1223 779 1463 836 coepissent,
1496 787 1641 820 tamen
1672 778 1756 822 vir-

289 841 388 876 tute
424 834 610 878 militum
646 844 907 885 nostrorum,
947 836 1022 892 qui
1056 836 1258 879 inferiore
1296 837 1391 879 loco
1432 836 1759 894 premebantur,

290 891 453 950 repulsi
473 891 708 935 adversarii
738 895 846 937 bene
873 893 1019 937 multis
1034 894 1286 938 vulneribus
1304 894 1466 937 adfecti
1485 895 1528 937 in
1549 894 1757 952 oppidum

289 966 335 992 se
355 950 647 993 contulerunt.

347 1008 421 1059 23.
457 1008 635 1052 Postero
657 1009 725 1052 die
750 1010 980 1068 Pompeius
1006 1028 1059 1054 ex
1079 1011 1226 1054 castris
1258 1011 1343 1053 suis
1372 1009 1593 1053 brachium
1624 1010 1758 1068 coepit

290 1064 348 1108 ad
369 1066 524 1108 flumen
556 1067 726 1109 Salsum
746 1069 929 1110 ducere:
964 1078 1025 1119 et,
1059 1085 1193 1127 quum
1215 1069 1350 1112 nostri
1373 1067 1537 1126 equites
1562 1068 1691 1126 pauci
1712 1067 1756 1111 in

292 1124 474 1167 statione
506 1124 681 1167 fuissent
702 1142 727 1167 a
750 1126 948 1183 pluribus
969 1128 1148 1185 reperti,
1183 1126 1237 1168 de
1269 1127 1449 1170 statione
1480 1136 1579 1169 sunt
1605 1125 1761 1183 dejecti

292 1189 338 1224 et
373 1181 495 1224 occisi
530 1190 628 1224 tres.
691 1183 756 1226 Eo
791 1185 859 1226 die
887 1186 942 1227 A.
976 1186 1172 1243 Valgius,
1214 1185 1434 1228 Senatoris
1469 1185 1598 1234 filius,
1639 1184 1761 1242 cujus

292 1239 428 1282 frater
450 1239 492 1281 in
513 1241 662 1283 castris
686 1242 879 1300 Pompeii
903 1243 1064 1292 fuisset,
1097 1243 1292 1285 omnibus
1323 1243 1407 1285 suis
1436 1242 1761 1294 rebus-relictis,

292 1312 453 1353 equum
475 1299 716 1342 conscendit
740 1309 784 1342 et
805 1301 930 1358 fugit.
994 1302 1253 1359 Speculator
1290 1301 1344 1342 de
1378 1301 1544 1359 legione
1575 1300 1762 1344 secunda

293 1355 556 1413 Pompeiana
591 1367 743 1415 captus
777 1373 802 1399 a
836 1359 1045 1401 militibus
1080 1369 1123 1401 et
1156 1360 1403 1402 interfectus
1430 1367 1524 1401 est:
1558 1358 1759 1416 idemque

291 1415 498 1472 temporis
533 1414 653 1472 glans
686 1416 808 1458 missa
839 1425 918 1467 est,
956 1417 1179 1476 inscripta,
1217 1425 1246 1442 ‘⁶
1269 1433 1357 1474 quo
1388 1417 1455 1460 die
1477 1417 1532 1460 ad
1553 1417 1760 1475 oppidum

293 1478 324 1497 “
348 1472 604 1530 capiendum
624 1474 889 1523 accederent,
911 1491 998 1516 sese
1014 1489 1181 1518 scutum
1203 1491 1289 1517 esse
1344 1476 1602 1518 ositurum.''
1665 1475 1762 1529 Qua

291 1545 368 1630 {ipe
388 1531 602 1581 nonnulli,
632 1531 735 1574 dum
757 1533 846 1575 sine
867 1533 1060 1591 periculo
1083 1550 1252 1576 murum
1275 1492 1526 1576 adscendere
1559 1542 1605 1576 et
1639 1534 1761 1592 oppi-

329 1603 401 1630 um
421 1589 553 1646 potiri
587 1606 707 1647 posse
740 1607 782 1633 se
814 1601 1004 1649 sperant,
1043 1601 1215 1650 postero
1249 1592 1317 1634 die
1353 1593 1406 1634 ad
1445 1608 1615 1634 murum
1652 1607 1761 1650 opus

293 1647 434 1688 facere
467 1657 694 1705 coeperunt
735 1658 779 1691 et
813 1650 922 1692 bene
958 1666 1112 1707 magna
1148 1651 1303 1709 prioris
1335 1651 1445 1692 muri
1475 1666 1573 1709 pars
1593 1649 1758 1707 dejecta.

294 1712 374 1746 est.
394 1707 420 1732 *
481 1705 579 1754 Quo
602 1707 715 1748 facto
743 1708 798 1750 ab
819 1708 1060 1765 oppidaniS‚
1080 1725 1128 1750 ac
1151 1710 1183 1750 si
1206 1725 1375 1750 suarum
1396 1709 1585 1766 partium
1606 1717 1758 1758 essent,

294 1763 548 1812 conservati,
590 1765 734 1807 missos
771 1766 911 1808 facere
949 1766 1162 1816 loricato&
1200 1767 1361 1823 quique
1399 1765 1583 1824 pnosidii
1615 1782 1759 1809 caussa

330 1821 516 1878 raepositi
533 1822 696 1880 oppido
713 1839 737 1864 a
757 1823 959 1880 Pompeio
974 1834 1127 1873 essent,
1145 1825 1341 1867 orabant.
1407 1824 1574 1873 Quibus
1590 1840 1760 1882 respon-

295 1836 361 1920 git
384 1880 541 1929 Caesar,
570 1888 601 1906 ‘⁶
623 1897 666 1922 se
687 1880 950 1923 conditiones
970 1881 1090 1928 dare,
1115 1898 1197 1924 non
1223 1883 1432 1940 accipere,
1452 1883 1760 1924 consuevisse.''

297 1935 383 1986 Qui
400 1953 534 1994 quum
557 1938 598 1980 in
616 1938 822 1997 oppidum
843 1940 1127 1989 revertissent,
1159 1942 1299 1983 relato
1328 1956 1544 1998 responso,
1572 1941 1759 1984 clamore

344 2037 427 2069 Pari.
441 2041 686 2078 comuetudine,
699 2051 766 2081 qua
782 2046 812 2071 et
826 2047 924 2073 antea
943 2042 993 2072 usi

297 2085 404 2119 erant,
418 2092 449 2112 c.
468 2085 477 2113 l
491 2084 517 2113 l.

345 2125 523 2165 Supmw'ore
539 2127 604 2158 loco
620 2127 747 2167 desumi.
764 2127 837 2169 ipsa
852 2128 992 2159 altitudo

297 2166 380 2205 loci,
403 2178 422 2198 e
440 2178 505 2208 quo
533 2171 739 2210 pugnabant.
763 2172 992 2203 defensionem

297 2220 414 2242 eorum
437 2211 624 2244 faciliorem
649 2214 808 2247 reddebat
834 2217 995 2246 adversus

302 2253 427 2292 hostes,
454 2254 485 2286 in
510 2255 663 2288 inferiore
691 2258 764 2290 loco
792 2259 908 2291 urbem
931 2259 994 2290 ob-

301 2304 497 2339 pugnantes.
535 2301 582 2331 M.

348 2342 392 2380 Ii,
405 2352 518 2383 quum.
563 2342 617 2375 Sic
633 2345 744 2376 Davis.
759 2357 777 2375 e
794 2348 871 2378 cod.
890 2347 992 2377 Nor-r.

301 2384 487 2426 Legebatur
499 2386 590 2427 prius
606 2389 645 2421 L.
663 2387 684 2418 i.
701 2399 732 2419 e.
746 2390 994 2431 quinquaginui.

351 2430 475 2461 Tamen
490 2432 610 2462 virtute
625 2447 669 2453 —
682 2435 802 2474 repulxi
815 2451 868 2464 —.
900 2433 993 2464 Nihil

301 2472 395 2503 deest
406 2483 414 2511 3
427 2474 579 2513 quaedam
593 2474 706 2515 potius
721 2477 912 2508 redundant.
931 2477 993 2506 Lo-

298 2515 406 2556 gerim
420 2528 427 2547 :
466 2522 578 2548 tamen
606 2520 678 2550 virt.
709 2521 778 2549 mil.
802 2527 994 2553 nostrornm.

299 2561 360 2600 qui
370 2560 522 2600 inferiore
535 2561 602 2593 loco
619 2563 865 2602 premebamur.
876 2565 996 2605 vvpnlsi

298 2602 497 2634 mlvm·.e.—-.
529 2605 578 2635 M.
611 2606 728 2636 Recte.
754 2606 807 2637 Sic
824 2607 912 2638 dedi.
932 2607 993 2636 Le-

299 2645 442 2686 gebatur
461 2647 506 2678 ita
522 2659 529 2677 :
552 2655 734 2681 nostrorum
747 2655 765 2675 *
796 2652 865 2690 qui,
890 2652 948 2680 ersi
963 2656 994 2680 et

298 2694 376 2720 ante
385 2691 510 2731 repulsi
519 2692 730 2732 repetebatur
741 2697 865 2728 lamen,
873 2694 993 2724 otiose.

300 2732 422 2764 Clarke
456 2734 609 2766 lacunam
640 2736 829 2777 replendam
857 2737 992 2778 putabat

302 2775 404 2807 verbo
419 2778 646 2818 rejiciebantur
662 2780 714 2810 vel
726 2779 843 2811 simili.

351 2820 491 2851 Ducem
525 2820 579 2852 Sic
594 2823 732 2854 Norvic.
743 2830 775 2854 et
788 2824 902 2855 Petav.
915 2825 989 2854 cod.

305 2861 373 2935 ,zui
388 2863 512 2903 facere.
556 2865 739 2907 Utrumque
756 2873 843 2899 recte
859 2867 991 2900 dicitur.

1112 2045 1226 2074 mans.
1255 2044 1307 2073 (ff.
1324 2050 1391 2074 not.
1407 2044 1447 2074 ad
1463 2043 1504 2073 G.
1521 2045 1552 2077 5.
1570 2046 1623 2074 48.

1112 2089 1185 2117 Now
1200 2105 1243 2109 —-
1249 2089 1448 2128 positurum.
1478 2087 1520 2124 Is,
1531 2086 1591 2128 qui
1604 2086 1759 2125 glandem

1067 2131 1288 2171 inscripserat,
1323 2131 1364 2160 de
1395 2140 1429 2160 se
1459 2141 1524 2161 uno
1555 2130 1758 2171 scripsem:

1069 2176 1202 2205 Sturum
1223 2185 1367 2215 pantanu
1393 2180 1587 2215 poteratque
1602 2184 1643 2205 ex
1661 2173 1758 2205 unius

1066 2217 1274 2259 professione
1289 2218 1478 2258 conjectura
1497 2218 1539 2248 de
1554 2217 1758 2258 reliquorum

1065 2261 1234 2292 voluntate
1258 2260 1361 2292 simili
1387 2260 1469 2292 lieri.
1516 2261 1590 2292 Non
1608 2261 1696 2292 male
1711 2267 1761 2292 ta-

1066 2315 1140 2335 men
1158 2304 1275 2345 Lipsio
1293 2304 1441 2345 placuit:
1464 2306 1636 2346 posituros.
1664 2305 1714 2335 Μ.

1110 2349 1261 2388 Sperant-
1296 2348 1361 2379 Alii
1378 2354 1559 2388 sperarent.

1114 2394 1250 2430 Πρω-[α
1276 2397 1333 2422 ost.
1373 2392 1464 2428 Quia
1490 2392 1521 2423 in
1546 2390 1683 2432 reliquis
1696 2391 1758 2422 hu-

1061 2436 1117 2476 jus
1145 2434 1210 2466 loci
1239 2435 1358 2466 modus
1391 2435 1435 2466 nei
1465 2441 1564 2475 gesta·
1591 2444 1655 2465 non
1680 2434 1760 2466 satis

1064 2480 1212 2519 adparet.
1237 2478 1325 2509 hand
1346 2478 1450 2509 dubie
1469 2479 1502 2509 h.
1519 2478 1542 2509 1.
1557 2478 1685 2519 aliquid
1700 2488 1758 2510 ex·

1064 2521 1157 2552 cidit.
1199 2523 1277 2553 inde
1301 2522 1480 2553 asteriscus
1507 2521 1536 2553 in
1563 2522 1645 2552 edit.
1669 2521 1757 2553 Oud.

1109 2611 1313 2641 concern-an.
1352 2609 1452 2651 Capti
1468 2616 1501 2641 et
1516 2610 1561 2641 ab
1577 2608 1756 2650 oppidanis

1064 2659 1264 2683 conservati.

1109 2698 1174 2730 Qui
1201 2707 1315 2737 quum.
1375 2696 1442 2727 Alii
1477 2697 1547 2735 Illi,
1582 2696 1690 2727 forsan
1725 2696 1756 2726 ln·

1065 2750 1182 2781 quum.
1214 2739 1296 2770 Mox
1311 2740 1372 2770 alii
1386 2743 1511 2771 reverti
1521 2745 1636 2771 essent.
1671 2738 1755 2769 Cod-

1067 2783 1171 2813 Norv.
1187 2783 1301 2824 oppido
1322 2786 1536 2816 revertissent.
1548 2783 1668 2814 eodem
1685 2791 1758 2813 seu-

1057 2838 1106 2857 su.
1129 2826 1181 2858 Sic
1197 2837 1229 2856 e.
1246 2827 1293 2857 16.
1304 2827 1418 2868 oppido
1428 2832 1661 2869 represserunt.

1935 235 1946 307 Ἰ*
1934 93 1946 200 -ῌΑῦ
