1946 3261
208 195 290 238 160
620 190 704 234 DE
737 188 940 233 BELLO
974 188 1268 232 GALLICO.

200 316 320 360 tulit.
383 315 433 357 Id
449 311 615 356 castelli
635 327 789 356 nomen
810 309 888 356 est.
955 312 1052 355 Hoc
1074 312 1165 355 fere
1184 320 1249 354 est
1270 311 1313 353 in
1335 309 1486 354 mediis
1505 310 1684 355 Ebur0-.

200 391 303 418 num
320 373 490 422 finibus,
510 372 586 415 ubi
605 372 802 415 Titurius
819 381 950 429 atque
963 371 1288 413 Aurunculeius
1307 370 1519 413 hiemandi
1530 386 1679 418 caussa

199 432 493 476 consederant.
558 431 688 473 Hunc
715 447 850 488 quum
887 430 1064 486 reliquis
1099 430 1228 472 rebus
1264 429 1408 472 locum
1441 429 1674 487 probabat,

198 500 291 533 tum
314 490 433 547 quod
452 490 686 548 superioris
705 490 803 531 anni
838 489 1097 531 munitiones
1130 488 1309 547 integrae
1345 489 1594 537 manebant,
1626 495 1678 529 ut

196 549 384 592 militum
421 549 617 592 laborem
652 548 916 591 sublevaret.
982 546 1187 590 Praesidio
1209 547 1512 605 inpedimentis
1542 545 1677 604 legio-

196 623 295 650 nem
316 606 425 650 XIV
449 607 644 664 reliquit,
670 623 799 649 unam
833 623 885 648 ex
923 605 972 647 iis
1004 605 1161 655 tribus,
1198 621 1304 663 quas
1343 605 1541 663 proxime
1578 620 1676 647 con-

195 666 378 724 scriptas
417 682 471 708 ex
506 665 636 708 Italia
673 666 988 708 transduxerat.
1052 665 1107 720 Ei
1141 664 1300 723 legioni
1341 664 1577 720 castrisque
1618 663 1674 713 Q.

196 725 394 768 Tullium
417 725 670 767 Ciceronem
691 723 871 782 praeficit
888 723 1183 781 ducentosque
1201 723 1371 780 equites
1392 723 1613 765 attribuit.

252 784 324 826 33.
361 784 533 826 Partito
555 783 763 832 exercitu,
784 783 836 824 T.
863 782 1102 824 Labienum
1134 797 1231 824 cum
1261 782 1503 840 legionibus
1533 780 1677 823 tribus

193 842 250 885 ad
274 842 497 885 Oceanum
516 858 661 885 versus
692 842 736 883 in
768 858 839 884 eas
861 849 1022 899 partes,
1052 857 1148 898 quae
1170 841 1397 898 Menapios
1424 840 1674 898 adtingunt,

193 901 409 960 proficisci
425 902 578 959 jubet:
614 901 666 943 C.
691 901 957 943 Trebonium
980 916 1078 942 cum
1112 899 1207 958 pari
1239 899 1462 957 legionum
1493 914 1673 940 numero

194 959 252 1002 ad
285 976 379 1002 eam
414 960 649 1018 regionem,
690 976 785 1016 quae
825 959 1067 1001 Aduatucis
1103 954 1284 1016 adjacet,
1322 957 1675 1016 depopulandam

192 1019 359 1061 mittit:
394 1019 485 1077 ipse
506 1034 603 1060 cum
624 1018 803 1075 reliquis
837 1018 979 1060 tribus
1011 1017 1066 1059 ad
1102 1017 1261 1059 fiumen
1300 1016 1518 1065 Scaldem,
1555 1015 1673 1073 quod

192 1077 334 1119 influit
352 1077 395 1120 in
415 1078 599 1126 Mosam,
619 1085 918 1134 extremasque
933 1075 1180 1118 Arduennae
1196 1075 1332 1134 partis
1352 1076 1414 1117 ire
1432 1074 1674 1123 constituit,

192 1151 281 1193 quo
299 1152 396 1178 cum
417 1136 566 1194 paucis
587 1136 804 1192 equitibus
839 1136 1085 1193 profectum
1118 1134 1418 1193 Ambiorigem
1452 1133 1669 1175 audiebat.

193 1195 445 1244 Discedens,
478 1202 575 1252 post
595 1194 711 1236 diem
732 1194 964 1252 septimum
989 1210 1077 1235 sese
1100 1208 1389 1241 reversurum,
1412 1191 1640 1233 confirmat
1659 1206 1669 1232 ε

191 1268 325 1310 quam
344 1254 399 1296 ad
418 1253 533 1295 diem
554 1253 593 1295 ei
611 1253 787 1310 legioni,
807 1269 901 1308 quae
923 1252 965 1293 in
988 1251 1188 1309 praesidio
1213 1250 1560 1306 relinquebatur,
1585 1250 1673 1291 fru-

191 1320 385 1353 mentum
405 1311 555 1353 deberi
573 1311 750 1353 sciebat.
816 1311 1054 1351 Labienum
1075 1308 1430 1364 Treboniumque
1453 1306 1674 1358 hortatur,

190 1370 224 1411 si
244 1369 494 1427 reipublicae
515 1368 742 1410 commodo
764 1369 905 1408 faeere
928 1367 1107 1424 possint,
1126 1366 1181 1408 ad
1203 1382 1295 1407 eam
1316 1366 1429 1408 diem
1453 1375 1674 1409 revertan-

191 1437 265 1470 tur
285 1443 295 1476 ;
328 1436 392 1476 ut,
415 1442 562 1469 rursus
583 1425 897 1467 communicato
919 1424 1110 1474 consilio,
1133 1424 1455 1482 exploratisque
1488 1424 1676 1468 hostium

191 1486 449 1534 rationibus,
472 1484 591 1526 aliud
606 1483 712 1526 belli
732 1483 904 1525 initium
924 1499 1083 1540 capere
1107 1491 1294 1541 possent.

247 1544 320 1586 34.
353 1544 478 1592 Erat,
497 1552 546 1584 ut
565 1558 699 1600 supra
715 1542 1115 1591 demonstravimus,
1135 1557 1280 1583 manus
1294 1550 1414 1584 certa
1431 1542 1567 1592 nulla,
1590 1558 1674 1585 non

189 1603 418 1661 oppidum,
460 1616 545 1643 non
581 1600 842 1658 praesidiul‘n,
885 1600 999 1656 quod
1037 1617 1079 1641 se
1119 1600 1247 1642 armis
1283 1600 1537 1643 defenderet
1558 1617 1568 1649 ;
1600 1602 1672 1644 sed

191 1661 326 1704 omnis
360 1661 402 1702 iu
434 1659 572 1718 partis
597 1658 788 1716 dispersa
809 1659 1058 1700 multitudo.
1125 1659 1216 1701 Ubi
1251 1659 1406 1715 cuique
1440 1666 1515 1700 aut
1550 1659 1673 1701 vallis

188 1720 353 1767 abdita,
375 1728 451 1760 aut
473 1718 590 1759 locus
609 1716 832 1765 silvestris,
854 1725 930 1758 aut
951 1717 1075 1774 palus
1098 1716 1305 1773 inpedita,
1337 1733 1455 1774 spem
1488 1718 1673 1775 przesidii

189 1787 266 1820 aut
286 1777 436 1820 salutis
456 1776 647 1834 aliquam
668 1776 913 1824 obferebat,
944 1775 1211 1817 consederat.
1279 1775 1382 1817 Haec
1410 1776 1502 1817 loca
1525 1777 1673 1818 vicini-

968 1889 1115 1920 Romani
1153 1889 1323 1921 dicebant.
1351 1889 1431 1920 vide
1461 1900 1491 1920 c.
1523 1893 1574 1922 35.
1619 1891 1672 1922 Cf.

965 1933 1120 1964 Clericus
1136 1934 1177 1965 de
1198 1939 1268 1964 arte
1284 1933 1358 1964 crit.
1384 1938 1415 1971 2,
1448 1935 1475 1964 1.
1499 1944 1529 1965 c.
1561 1936 1612 1972 10,
1639 1939 1671 1966 5.

968 1979 1085 2008 Dru-is.

211 1893 349 1967 STgpr.
366 1896 466 1933 atque
484 1893 633 1922 Aurum.
680 1889 730 1921 Cs.
749 1892 780 1928 5,
797 1892 838 1921 24
852 1906 897 1912 —-

238 1981 450 2018 Munitioms,
462 1979 602 2010 hiberna
616 1977 755 2009 munita.
765 1988 799 2009 v.
813 1976 896 2008 ibid.

190 2023 277 2054 Infra
293 2034 370 2064 cap.
385 2026 422 2055 37
439 2024 615 2055 castellum
631 2021 765 2053 dicitur.
792 2023 840 2052 M.

238 2068 434 2098 Athama-ix.
460 2068 492 2099 al
519 2068 565 2098 ml
584 2067 784 2103 Aduatumo,
813 2066 893 2096 item

191 2111 399 2142 Aduatucos.

237 2155 405 2186 Sealrlom.
436 2155 602 2195 Intcrpres
618 2154 675 2185 Gr.
693 2152 790 2188 Σάβιν,
806 2162 893 2183 1111110

191 2199 353 2229 Sambre:
375 2204 475 2238 atque
498 2198 542 2229 im
565 2197 733 2237 expedita*
750 2197 896 2228 rationes

189 2248 277 2274 sunt.
315 2241 384 2280 Qui
401 2242 549 2272 Scaldim
567 2242 619 2271 vel
634 2241 784 2272 Scaldem
799 2247 893 2271 tuen-

190 2292 253 2324 tur,
276 2285 312 2316 hi
340 2286 392 2317 vel
420 2296 547 2316 errasse
573 2284 738 2316 Caesarem
765 2284 892 2317 dicunt,

188 2331 243 2361 vel
259 2330 363 2361 aliam
380 2340 467 2360 nunc
488 2329 606 2360 faciem
634 2328 752 2359 horum
781 2327 891 2358 flumi-

188 2384 282 2412 num,
312 2384 420 2405 mersa
452 2374 536 2404 sorte
565 2379 659 2403 terrm
692 2377 797 2412 parte,
835 2382 894 2411 per

186 2429 286 2458 quam
302 2417 433 2448 Scaldis
448 2418 489 2448 ad
506 2416 639 2448 Mosam
658 2415 892 2446 decucurrerit.

191 2464 372 2493 Cellariuffi
403 2462 452 2493 Cf.
471 2465 503 2499 9,
523 2463 573 2497 16,
590 2463 641 2491 18.
679 2459 707 2490 E
724 2458 891 2489 contrario

189 2506 346 2537 Davisius
376 2511 408 2536 ct
437 2504 594 2536 Oudend.
625 2503 711 2534 alios
740 2508 893 2533 auctores

186 2549 393 2581 recentiores
408 2548 528 2587 secuti,
544 2555 576 2579 ct
594 2547 740 2578 Ritterus
757 2545 789 2576 iu
815 2546 892 2576 hist.

187 2594 276 2624 Gall.
293 2605 327 2634 p.
345 2595 400 2629 S'ss,
417 2593 597 2624 defendunt
611 2591 750 2622 alterum
774 2589 891 2620 lectio-

186 2647 274 2674 nem,
290 2638 461 2668 sealdmn.
487 2638 535 2667 M.
583 2637 667 2667 Ante
681 2634 892 2665 submersam

188 2679 328 2711 Scaldim
379 2681 526 2721 antiquae
573 2685 700 2721 partem
747 2676 892 2708 Scaldim

186 2723 364 2755 bruchium
389 2725 599 2755 dextrorsum
628 2723 794 2753 Tolenum
818 2731 892 2751 ver-

187 2778 241 2798 sus
257 2768 410 2799 emisisse
426 2768 608 2810 probabile
632 2766 761 2798 videtur
777 2764 892 2796 D’An-

186 2810 295 2842 villio.

234 2856 311 2887 Post
324 2855 410 2885 diem
427 2858 611 2896 septimum.
652 2853 730 2885 Scir.
750 2852 889 2884 inchoa-

185 2903 270 2937 tum,
294 2898 378 2935 sive,
404 2908 440 2930 ut
464 2900 594 2937 Celsus,
622 2900 667 2930 acl
686 2899 720 2929 d.
737 2908 778 2936 1.,
799 2897 890 2938 quod

186 2943 273 2975 valet
291 2947 367 2975 ante
382 2942 472 2974 diem
486 2949 567 2984 sept.
585 2942 657 2975 scil.
686 2941 830 2980 linitum,
854 2946 889 2971 ut

1012 2022 1054 2052 ln
1069 2020 1230 2060 pram-idio.
1246 2020 1305 2051 alii
1328 2022 1485 2062 prcesidin
1503 2021 1573 2053 sine
1588 2032 1674 2064 prze-

966 2072 1150 2106 posltlone.

1012 2111 1123 2150 Supra
1141 2109 1319 2140 demonstr.
1334 2119 1362 2139 v.
1381 2119 1456 2149 cap.
1474 2112 1526 2140 31.
1553 2111 1598 2141 ΙΙΙ.

1010 2154 1137 2183 Manus
1157 2158 1244 2183 wrm
1260 2154 1368 2190 nulla,
1383 2153 1473 2193 quia.
1492 2160 1525 2184 ut
1543 2153 1670 2185 ibidem

964 2202 1027 2234 est,
1046 2196 1224 2227 Ambiorix
1239 2197 1357 2237 copias
1372 2207 1437 2227 non
1455 2198 1669 2236 conduxerat,

964 2241 1020 2272 sed
1037 2241 1161 2280 passini
1180 2241 1282 2271 latere
1294 2241 1447 2281 jusserat.
1474 2242 1523 2271 M.

1012 2286 1086 2315 Non
1115 2296 1188 2325 app.
1217 2295 1284 2315 non
1314 2284 1448 2324 praesia.
1475 2285 1577 2319 vulg-o
1603 2295 1670 2317 non

960 2338 1060 2369 pram
1077 2339 1142 2359 ‘nnn
1160 2339 1234 2368 opp.
1268 2327 1354 2357 Dein
1370 2327 1577 2365 distinguunt
1594 2335 1671 2369 post

963 2373 1168 2412 ιΙηΓιίιιΙεη-υίς
1197 2370 1391 2402 emendavit
1408 2370 1496 2402 Oud.
1514 2383 1555 2402 ex
1571 2373 1671 2403 codd.

964 2415 1108 2446 nemum
1124 2425 1182 2455 pro
1203 2417 1261 2445 l‘hr'
1275 2417 1393 2456 cuique
1406 2415 1466 2446 alii
1484 2416 1570 2447 male
1592 2417 1670 2447 ΓΜ-

961 2470 1103 2500 cunque.
1127 2459 1190 2489 hoc
1219 2458 1308 2489 enim
1336 2458 1494 2500 dispersa·
1518 2459 1668 2491 multitu—

963 2503 1032 2534 dini
1049 2513 1114 2533 uon
1129 2503 1303 2533 convenit.

1011 2549 1075 2578 Aut
1092 2548 1182 2577 locu<
1196 2563 1239 2568 -—
1257 2547 1415 2587 inpedita.
1443 2546 1528 2578 Cod.
1553 2545 1669 2578 Ursini

960 2596 993 2621 et
1006 2590 1144 2622 Andiuae
1158 2590 1377 2630 membrana·;
1396 2596 1456 2622 aut
1468 2592 1546 2622 locis
1556 2593 1671 2621 sili-es-

961 2636 1066 2665 tribus
1090 2637 1191 2674 palus
1215 2635 1375 2675 inpedita.
1428 2634 1531 2665 Bene.
1557 2634 1669 2665 Caesar

962 2688 1027 2709 non
1039 2677 1168 2708 viderur
1180 2677 1211 2708 in
1223 2688 1342 2713 <genere
1353 2677 1540 2709 masculino
1554 2679 1668 2708 silves-

963 2726 1033 2757 tris,
1053 2732 1113 2762 pro
1129 2723 1287 2760 silvester,
1317 2721 1452 2753 dixisse.
1481 2722 1530 2752 M.
1553 2721 1616 2751 Sed
1633 2726 1668 2750 et

964 2765 1078 2801 Liviae
1106 2767 1158 2803 97,
1190 2767 1244 2796 26.
1267 2765 1353 2796 dixit
1381 2766 1529 2798 tumulus
1555 2765 1669 2795 silces-

961 2812 1029 2840 tris.

1009 2854 1093 2885 ΙῙαη1
1121 2853 1193 2883 loca
1210 2869 1254 2874 —
1275 2857 1364 2885 nota.
1410 2850 1533 2882 Hiulca
1557 2849 1668 2882 oratio

960 2902 1021 2934 est,
1042 2906 1117 2938 quae
1145 2907 1206 2928 nec
1233 2907 1311 2927 cum
1335 2894 1567 2937 superioribus
1594 2895 1668 2926 vin-

959 2940 1038 2973 culo
1051 2941 1164 2981 aliquo
1180 2940 1338 2977 cohaeret,
1351 2949 1413 2972 nec
1430 2949 1507 2972 cum
1522 2937 1578 2977 iis,
1590 2949 1666 2980 quae
