1946 3261
697 205 1123 252 FRAGMENTA.
1578 209 1665 254 575
1716 216 1718 219 ’

220 334 225 337 “
263 330 404 374 Caesar
446 330 549 374 mihi
596 331 777 389 ignoscit
825 349 901 391 per
949 334 1132 383 litteras,
1181 333 1299 391 quod
1346 349 1429 378 non
1476 337 1664 379 venerim

201 403 374 445 seseque
405 389 449 431 in
468 389 673 448 optimam
694 400 862 448 partem
881 391 924 433 id
944 393 1138 449 accipere
1157 391 1277 435 dicit.
1341 392 1484 438 Facile
1504 395 1663 453 patior,

203 448 321 504 quod
340 448 504 499 scribit,
530 465 671 491 secum
691 449 885 492 Tullium
921 457 966 491 et
1001 451 1198 492 Servium
1228 460 1399 507 questos
1426 469 1528 502 esse,
1559 453 1663 509 quia.

203 520 287 548 non
315 506 426 548 idem
453 506 533 549 sibi
552 507 671 564 quod
690 507 790 549 mihi
819 507 1057 550 remisisset.
1080 531 1137 539 —-
1173 508 1245 550 sed
1267 511 1662 570 tamenexemplum

200 564 293 606 misi
310 563 366 606 ad
389 572 431 605 te
452 564 628 606 Caesaris
645 564 1038 608 litterarum—Ex
1060 565 1148 608 Cic.
1173 567 1231 607 acl
1249 566 1379 610 Attio.
1407 570 1472 619 10,
1494 570 1535 611 3.

196 702 197 706 =
261 679 426 722 Sestius
461 679 580 738 apud
613 696 679 722 me
714 681 800 722 fuit
835 690 879 723 et
916 681 1234 739 TheopompuS‚
1275 682 1412 739 pridie
1447 685 1604 727 venisse
1635 701 1660 726 a

201 738 368 780 Caesare
405 738 608 780 narrabat
644 737 838 781 litteras:
890 738 968 781 hoc
1006 740 1205 789 scribere,
1254 741 1334 783 sibi
1370 750 1537 784 certum
1574 759 1660 784 esse

198 796 349 838 Romae
384 811 575 838 manere:
629 813 904 854 caussamque
940 814 1032 840 eam
1070 798 1324 848 adscribere,
1362 815 1457 858 quae
1491 808 1586 842 erat
1616 801 1658 842 in

197 853 396 911 epistola,
428 869 479 897 ne
515 870 556 896 se
585 855 758 897 absente
792 856 906 910 leges
938 872 1022 899 suae
1048 857 1387 914 negligerentur,
1409 859 1521 901 sicut
1550 867 1659 900 esset

197 912 394 969 neglecta
412 914 798 956 summaria—Ex
820 913 910 957 Cic.
930 915 987 956 ad
1006 914 1137 957 Attio.
1164 916 1231 965 13,
1256 916 1297 957 7.

329 1010 424 1043 Conf.
442 1011 482 1042 de
497 1013 569 1054 lege
584 1013 768 1045 summaria
787 1014 921 1046 Sueton.
941 1014 1011 1046 Jul.
1028 1025 1104 1057 cap.
1121 1018 1174 1047 43.
1191 1021 1223 1047 et
1236 1015 1309 1048 Cic.
1326 1018 1368 1048 ad
1384 1017 1464 1050 fam.
1481 1019 1513 1058 9,
1533 1021 1582 1052 15,

255 1120 343 1164 Sed
364 1121 468 1163 heus
497 1129 562 1169 tu,
582 1122 709 1165 celari
729 1123 875 1165 videor
905 1140 930 1165 a
966 1133 1022 1174 te,
1057 1126 1387 1182 quomodonam,
1417 1128 1474 1170 mi
1505 1129 1658 1177 frater,

196 1179 248 1222 de
270 1181 424 1223 nostris
450 1180 644 1222 versibus
665 1181 843 1223 Caesar?
884 1183 996 1225 Nam
1035 1184 1219 1240 primum
1248 1185 1407 1228 librum
1438 1202 1479 1228 se
1509 1187 1659 1243 legisse

198 1238 383 1295 scripsit,
408 1238 460 1280 ad
486 1253 551 1279 me
571 1247 690 1280 snte:
724 1248 768 1280 et
803 1239 953 1297 prima,
995 1242 1067 1291 sic,
1096 1252 1147 1284 ut
1180 1252 1308 1300 neget
1346 1260 1386 1286 se
1424 1259 1475 1286 ne
1509 1245 1660 1287 Graeea

196 1296 369 1352 quidem
420 1295 594 1338 meliora
643 1297 806 1354 legisse.
901 1298 1086 1357 Reliqua
1136 1300 1192 1341 ad
1241 1301 1467 1358 quemdam
1516 1301 1658 1344 locum

187 1354 471 1470 ιμίἓυαιθυμώἰ-ιεραι,
491 1353 570 1396 hoc
590 1355 702 1397 enim
723 1356 861 1398 utitur
882 1357 1014 1400 verbo
1031 1359 1249 1401 eta-Ea:
1263 1358 1351 1402 Cz'e.
1372 1361 1427 1403 ad
1445 1359 1659 1408 Quintum

220 1427 255 1454 r.
279 1413 322 1464 2,
350 1412 413 1454 16.

254 1527 322 1572 Ex
350 1527 573 1572 Britannia
605 1531 745 1573 Caesar
763 1531 817 1573 ad
842 1547 907 1574 me
929 1532 1028 1575 Kal.
1052 1533 1175 1590 Sept.
1197 1532 1315 1577 dedit
1337 1534 1518 1584 litteras,
1551 1550 1658 1592 quas

196 1603 276 1646 ego
295 1587 441 1645 accepi
463 1588 517 1630 A.
541 1586 597 1629 D.
623 1588 702 1631 IV.
729 1589 824 1631 Kal.
850 1589 1009 1633 Octob.
1034 1592 1135 1633 satis
1153 1593 1392 1635 commodas
1411 1592 1464 1635 de
1486 1594 1656 1636 Britan-

195 1645 299 1688 nicis
317 1645 469 1688 rebus:
503 1646 677 1702 quibus,
700 1662 750 1688 ne
769 1647 967 1700 admirer,
989 1648 1108 1706 quod
1127 1665 1152 1690 a
1174 1658 1215 1690 te
1236 1650 1376 1692 nullas
1404 1652 1656 1710 acceperim,

196 1704 360 1752 scribit,
394 1720 434 1745 se
463 1704 548 1746 sine
581 1713 622 1746 te
646 1705 789 1755 fuisse,
825 1722 922 1747 cum
952 1706 1007 1749 ad
1037 1723 1152 1750 mare
1182 1709 1419 1759 accesserit,
1440 1710 1658 1753 etex—Eoe

197 1762 284 1804 Cic.
309 1763 365 1804 ad
388 1762 745 1820 Quz'ntumfratr.
769 1764 811 1813 3,
838 1764 873 1805 l.

254 1880 400 1929 Quum
430 1878 537 1921 hanc
559 1879 645 1935 jam
673 1879 897 1937 epistolam
926 1881 1239 1938 complicarem,
1261 1883 1472 1928 tabellarii
1490 1900 1514 1926 a
1533 1885 1656 1928 vobis

194 1945 418 1979 venerunt.
444 1938 497 1978 A.
521 1937 577 1978 D.
601 1937 679 1978 XI.
705 1938 801 1980 Kal.
827 1939 950 1996 Sept.
973 1939 1170 1983 vicesimo
1189 1940 1270 1983 die.
1337 1942 1375 1984 O
1408 1958 1473 1983 me
1504 1942 1655 1985 sollici.

195 1997 316 2038 tum!
349 2003 559 2051 quantum
586 2011 666 2052 ego
684 1994 801 2038 dolui
824 1996 865 2038 in
887 1997 1064 2039 Ctesaris
1093 1999 1348 2042 suavissimis
1373 2000 1553 2042 litteris!
1585 2002 1656 2044 sed

193 2068 281 2110 quo
314 2061 437 2095 erant
464 2053 694 2102 suaviores,
715 2070 764 2095 eo
790 2054 990 2111 majorem
1009 2055 1199 2098 dolorem
1218 2057 1332 2100 illius
1352 2058 1423 2101 ille
1445 2074 1566 2101 casus
1583 2058 1654 2102 ad-

191 2111 509 2154 ferebat—Ex
531 2110 616 2153 Cic.
640 2113 696 2153 ad
719 2111 928 2160 Quintum
938 2114 1005 2171 fr.
1027 2114 1070 2163 3,
1097 2115 1134 2163 l,
1154 2115 1196 2157 5.

256 2253 335 2296 EX
366 2252 689 2296 EPISTOLIS
722 2254 806 2296 AD
841 2255 893 2296 C.
930 2254 1176 2299 OPPIUM
1199 2257 1287 2308 ,ΕΤ
1320 2259 1584 2305 BALBUM

722 2311 1120 2356 CORNELIUM.

422 2411 645 2455 CAESAR
678 2411 866 2454 OPPIO
898 2412 976 2454 ET
1009 2413 1331 2458 CORNELIO
1365 2418 1411 2459 S.

197 2512 397 2554 GAUDEO
440 2512 678 2554 mehercule
726 2527 801 2553 vos
848 2509 1081 2568 significare
1121 2513 1292 2565 litteris,
1348 2531 1478 2572 quam
1526 2516 1651 2560 valde

195 2570 386 2626 probetis
404 2586 467 2620 ea,
492 2586 587 2626 quae
606 2570 724 2626 apud
747 2569 988 2612 Corsinium
1017 2577 1118 2612 sunt
1150 2581 1283 2628 gesta.
1315 2574 1489 2616 consilio
1508 2584 1650 2620 vestro

194 2636 292 2669 utar
323 2628 522 2678 libenter,
554 2636 597 2668 et
631 2628 710 2669 hoc
733 2627 956 2679 libentius,
978 2629 1096 2685 quod
1126 2645 1192 2670 me
1223 2639 1374 2687 sponte
1395 2632 1530 2674 facere
1552 2649 1649 2675 con-

194 2685 432 2737 stitueram,
463 2695 512 2727 ut
531 2701 661 2742 quam
683 2684 937 2727 lenissimum
957 2701 1023 2728 me
1046 2687 1293 2743 praeberem,
1314 2697 1357 2730 et
1379 2689 1647 2747 Pompeium,

193 2742 338 2785 darem
356 2759 546 2801 operam,
569 2750 621 2783 ut
649 2743 975 2785 reconciliarem.
999 2753 1211 2785 tentemus
1229 2744 1308 2787 hoc
1333 2747 1473 2797 modo,
1501 2748 1534 2790 si
1553 2764 1649 2806 pos-

193 2818 338 2844 sumus
367 2801 556 2844 omnium
585 2801 831 2843 voluntates
863 2816 1114 2859 recuperare
1150 2810 1193 2843 et
1226 2802 1431 2846 diuturna
1467 2805 1648 2849 victoria

192 2859 282 2903 uti:
317 2861 518 2917 quoniam
538 2859 693 2916 reliqui
711 2858 1002 2902 diuturnitate
1020 2859 1167 2904 odium
1185 2860 1373 2919 effugere
1393 2877 1476 2906 non
1497 2873 1646 2922 potue-
