1946 3261
276 203 366 248 280
759 201 844 245 DE
876 198 1080 244 BELLO
1113 198 1327 246 CIVILI.

337 329 411 372 30.
444 327 599 384 Itaque
636 325 680 369 in
721 326 949 385 praesentia
1001 326 1197 386 Pompeii
1246 326 1498 387 insequendi
1546 328 1755 372 rationem

284 387 472 437 omittit;
503 386 548 428 in
578 383 832 444 Hispaniam
852 384 1065 444 proficisci
1085 387 1330 430 constituit:
1362 386 1604 431 duumviris
1620 386 1756 431 muni-

283 445 499 503 cipiorum
529 442 723 487 omnium
742 443 942 503 imperat,
964 440 1015 487 ut
1033 460 1162 489 naves
1181 445 1441 503 conquirant
1458 445 1756 489 Brundisium-

314 519 375 545 ue
402 501 673 545 deducendas
704 511 872 546 curent.
935 503 1082 547 Mittit
1113 505 1156 547 in
1180 505 1424 548 Sardiniam
1455 521 1555 548 cum
1584 503 1752 563 legione

283 575 375 605 una
391 560 620 604 Valerium
641 560 877 620 Legatum;
909 561 952 605 in
970 561 1161 606 Siciliam
1179 563 1415 607 Curionem
1438 563 1761 623 Propraetorem

282 635 383 666 cum
401 617 645 678 legionibus
664 629 853 677 quatuor
870 637 880 670 ς
911 621 1124 672 eumdem,
1147 638 1282 680 quum
1302 622 1493 665 Siciliam
1509 621 1759 681 recepisset,

283 677 488 737 protinus
521 677 565 721 in
603 678 799 722 Africam
835 679 1112 723 transducere
1132 680 1370 724 exercitum
1395 682 1536 740 jubet.
1608 679 1757 723 Sardi-

277 737 395 780 niam
415 736 644 780 obtinebat
668 737 734 779 M.
761 737 914 789 Cotta,
946 738 1137 782 Siciliam
1169 740 1236 782 M.
1264 741 1392 790 Cato,
1423 739 1621 783 Africam
1640 746 1757 782 sorte

279 794 459 839 Tubero
479 795 675 839 obtinere
695 795 898 840 debebat.
962 797 1216 849 Caralitani,
1236 798 1363 841 simul
1383 799 1439 842 ad
1458 815 1502 841 se
1530 797 1756 841 Valerium

280 853 400 897 mitti
437 853 689 904 audierunt,
722 855 925 899 nondum*
965 857 1132 900 rofecto
1153 874 1206 900 ex
1227 857 1368 907 Italia,
1405 873 1482 899 sua
1517 865 1670 915 sponte
1701 872 1754 898 ex

276 912 444 980 oppido
469 913 645 955 Cottam
665 913 855 972 ejiciunt.
961 915 999 957 le
1020 917 1300 974 perterritus,
1320 915 1440 974 quod
1461 931 1629 959 omnem
1654 930 1758 973 pro-

274 970 463 1014 vlnciam
483 972 722 1014 consentire
743 972 1034 1032 intellegeret,
1073 991 1126 1017 ex
1148 975 1349 1019 Sardinia
1369 975 1413 1017 in
1435 974 1631 1017 Africam
1654 989 1755 1031 pro-

275 1029 410 1087 fugit.
476 1030 590 1073 Cato
611 1030 655 1073 in
679 1030 826 1074 Sicilia
848 1049 975 1076 naves
1003 1033 1153 1091 longas
1179 1043 1348 1076 veteres
1366 1033 1603 1082 reficiebat,
1624 1047 1756 1075 novas

277 1087 531 1131 civitatibus
551 1088 789 1146 inperabat.
826 1091 932 1134 Haec
952 1108 1110 1151 magno
1121 1092 1267 1136 studio
1279 1092 1454 1150 agebat.
1496 1091 1548 1135 In
1571 1090 1756 1133 Lucanis

279 1146 533 1204 Brutiisque
573 1163 652 1205 per
691 1148 857 1207 legatos
897 1167 994 1194 suos
1035 1151 1192 1194 civium
1236 1151 1533 1194 Romanorum
1574 1149 1756 1192 dilectus

275 1203 488 1247 habebat:
521 1206 717 1263 equitum
738 1208 1019 1267 peditumque
1050 1219 1217 1253 certum
1247 1225 1475 1252 numerum
1509 1224 1534 1250 a
1569 1208 1757 1251 civitati-

275 1262 361 1306 bus
384 1262 542 1306 Siciliae
563 1263 782 1322 exigebat.
848 1269 1018 1317 Quibus
1039 1269 1168 1311 rebus
1186 1284 1304 1327 paene
1326 1267 1545 1326 perfectis,
1565 1267 1757 1309 adventu

280 1321 488 1364 Curionis
509 1323 700 1380 cognito,
736 1326 938 1380 queritur
970 1327 1012 1369 in
1033 1327 1250 1375 concione,
1284 1335 1313 1353 “
1336 1343 1423 1369 sese
1446 1325 1687 1384 projectum
1707 1340 1758 1367 ac

276 1386 308 1405 “
333 1379 560 1437 proditum
579 1396 603 1422 a
627 1381 708 1424 Cn.
736 1382 961 1442 Pompeio,
989 1385 1082 1441 qui,
1116 1386 1314 1428 omnibus
1349 1385 1478 1428 rebus
1498 1383 1758 1441 inparatissi-

277 1444 308 1463 “
330 1453 442 1487 mus,
481 1453 566 1481 non
603 1441 887 1485 necessarium
924 1443 1091 1486 bellum
1126 1444 1379 1502 suscepisset
1411 1451 1470 1493 et,
1507 1442 1564 1485 ab
1583 1458 1627 1484 se
1660 1441 1759 1485 reli-

276 1502 308 1522 “
331 1495 515 1553 quisque
536 1496 579 1538 in
604 1497 768 1540 Senatu
798 1500 1109 1557 interrogatus,
1143 1504 1286 1544 omnia
1305 1503 1385 1544 sibi
1404 1517 1491 1542 esse
1518 1500 1574 1542 ad
1595 1500 1760 1543 bellum

275 1561 307 1580 “
331 1563 438 1612 apta
457 1570 507 1596 ac
528 1565 696 1612 parata,
719 1557 1100 1601 confirmavissetx‘
1167 1558 1273 1601 Haee
1291 1559 1333 1602 in
1355 1557 1558 1603 concione
1581 1569 1759 1615 questus

273 1628 329 1656 ex
349 1612 575 1669 provincia
593 1613 725 1670 fugit.

337 1671 410 1712 31.
445 1670 579 1712 Nacti
602 1686 761 1712 vacuas
782 1672 838 1713 ab
868 1671 1060 1729 imperiis
1092 1672 1334 1716 Sardiniam
1375 1673 1590 1725 Valerius,
1623 1675 1760 1719 Curio

283 1727 496 1777 Siciliam,
525 1743 623 1769 cum
643 1728 904 1772 exercitibus
924 1745 974 1771 eo
995 1731 1267 1788 perveniunt.
1322 1730 1518 1783 Tubero,
1549 1750 1686 1793 quum
1719 1734 1762 1778 in

281 1785 479 1829 Africam
501 1786 699 1836 venisset,
730 1785 896 1830 invenit
933 1789 975 1830 in
998 1790 1219 1846 provincia
1245 1806 1342 1833 cum
1364 1791 1545 1849 imperio
1586 1792 1760 1836 Attium

281 1845 468 1893 Varum,
490 1844 565 1901 qui
582 1844 637 1887 ad
659 1845 913 1896 Auximum,
948 1855 998 1889 ut
1019 1864 1153 1906 supra
1173 1848 1573 1903 demonstravimus,
1602 1851 1764 1894 amissis

281 1902 554 1952 cohortibus,
592 1903 791 1961 protinus
819 1920 871 1946 ex
907 1905 1012 1964 fuga
1047 1906 1090 1948 in
1124 1907 1318 1950 Africam
1351 1918 1611 1966 pervenerat
1628 1919 1763 1968 atque

281 1977 377 2004 eam
396 1977 472 2004 sua
493 1970 648 2018 sponte
669 1977 853 2005 vacuam
873 1974 1180 2022 occupaverat,
1211 1966 1463 2025 dilectuque
1485 1967 1636 2012 habito
1655 1968 1763 2012 duas

279 2019 473 2078 legiones
500 2021 717 2070 effecerat,
751 2020 972 2065 hominum
1003 2032 1047 2066 et
1077 2023 1272 2068 locorum
1303 2026 1458 2068 notitia
1487 2035 1531 2069 et
1561 2042 1641 2070 usu
1671 2027 1762 2086 ejus

282 2078 518 2138 provinciae
558 2088 708 2121 nactus
743 2079 886 2123 aditus
921 2082 974 2124 ad
1011 2099 1061 2125 ea
1095 2084 1301 2133 conanda,
1333 2085 1450 2142 quod
1477 2086 1625 2186 plaucis
1662 2094 1763 2129 ante

282 2136 406 2180 annis
436 2153 489 2179 ex
514 2137 713 2180 Praetura
730 2155 823 2181 eam
853 2140 1121 2198 provinciam
1145 2143 1412 2186 obtinuerat.
1526 2144 1563 2187 ic
1584 2144 1758 2188 venien-

279 2202 370 2240 tem
392 2195 569 2239 Uticam
590 2197 772 2240 navibus
793 2198 1069 2243 Tuberonem
1107 2210 1240 2260 portu
1269 2211 1401 2261 atque
1431 2203 1594 2262 oppido
1615 2202 1761 2262 prohi-

330 2306 453 2347 Pomp.
467 2308 721 2344 ins-ratiovoem,
749 2307 993 2347 cogitationem
1052 2320 1129 2342 cum
1156 2310 1274 2352 paucis
1305 2310 1507 2354 praemissus.
1538 2312 1643 2345 Curio
1673 2324 1754 2346 cum

286 2348 329 2379 de
367 2348 430 2381 ins.
464 2349 645 2391 Pompeio,
680 2351 864 2383 consilium
904 2352 992 2385 inse-
1052 2354 1207 2395 pluribus
1233 2361 1367 2387 secutus
1382 2362 1443 2388 est.
1467 2357 1522 2389 Cf.
1548 2357 1698 2399 Appian.
1721 2362 1755 2398 2,

285 2392 429 2434 quendi.
451 2393 504 2424 Μ.
1051 2401 1105 2430 41.
1129 2410 1163 2440 p.
1182 2402 1257 2433 453.
1281 2401 1329 2431 M.

335 2437 535 2477 Leqionibus
550 2443 708 2480 quatuor.
747 2438 859 2481 Vulgo
877 2441 993 2474 tribus.
1097 2444 1172 2475 Sese
1184 2447 1377 2485 proJ'ectoem.
1400 2443 1455 2476 Cf.
1471 2443 1544 2477 Cic.
1555 2455 1610 2488 ep.
1627 2446 1669 2477 ad
1684 2446 1755 2478 Λα.

289 2479 355 2512 Sed
373 2481 430 2513 IV
442 2481 621 2522 legendum
639 2483 762 2514 docent
782 2483 944 2516 Davisius
958 2492 993 2517 et
1054 2487 1104 2526 10,
1127 2489 1177 2518 16.

288 2524 425 2563 Clarke,
453 2530 490 2556 ut
504 2528 537 2565 2,
550 2528 605 2564 28,
630 2526 690 2558 ubi
709 2527 739 2558 11
756 2537 797 2558 ex
824 2527 870 2559 lV
888 2534 993 2560 trans·
1101 2531 1244 2563 Tubero.
1268 2531 1340 2563 vid.
1355 2531 1431 2564 Cic.
1457 2542 1520 2575 pro
1537 2532 1654 2576 Ligar.
1669 2545 1701 2566 c.
1722 2536 1751 2567 l.

289 2573 430 2609 portatae
445 2573 480 2600 et
494 2579 531 2604 c.
544 2572 598 2602 3¹1.
613 2570 679 2602 dua
692 2570 833 2612 reliquae
844 2571 992 2604 subruis·
1051 2578 1083 2606 2.
1107 2575 1158 2606 M.

289 2622 335 2644 sae
354 2618 538 2644 narrantur.
1098 2620 1213 2660 Supra
1240 2619 1550 2653 demonstrat-imus.
1593 2620 1648 2653 Cf.
1675 2631 1754 2663 cap.

334 2657 386 2688 M.
413 2657 506 2689 Cato.
538 2657 605 2689 vid.
630 2657 800 2690 Plutarch.
831 2657 864 2689 in
891 2659 991 2701 hujus
1057 2662 1107 2694 13.
1133 2664 1184 2694 M.

288 2698 359 2731 vita
374 2710 406 2731 c.
423 2702 476 2730 53.
521 2701 585 2732 Sed
602 2707 636 2733 et
652 2702 723 2741 hic,
743 2708 777 2733 et
793 2701 942 2744 Appian.
958 2709 990 2743 2,
1099 2708 1170 2739 Sua
1185 2713 1295 2749 sponte
1311 2719 1418 2741 vacua
1433 2708 1597 2751 imperio:
1612 2707 1755 2741 nolebat

288 2746 344 2776 40.
372 2754 407 2785 p.
435 2746 510 2776 452.
535 2745 691 2778 Asinium
719 2745 908 2778 Pollionem
936 2758 992 2779 ve-
1053 2749 1176 2782 habere
1215 2751 1411 2791 Praesidem,
1447 2753 1510 2785 etsi
1549 2753 1690 2785 'rubum
1718 2752 1752 2784 ei

288 2786 379 2818 nisse
394 2797 473 2819 cum
491 2788 683 2822 Caesariano
697 2789 847 2822 exercitu
861 2790 990 2830 dicunt,
1051 2794 1236 2829 destinatus
1248 2802 1318 2830 erat
1335 2796 1475 2831 Praeses.
1492 2796 1560 2831 vid.
1587 2796 1663 2830 Cic.
1677 2797 1710 2830 d.
1726 2797 1751 2835 Ι.

289 2840 368 2860 cum
393 2831 505 2864 Caesar
529 2833 564 2864 h.
580 2834 602 2864 l.
617 2839 652 2865 et
669 2834 737 2866 Dio
752 2834 835 2866 Cass
865 2837 918 2874 41,
935 2838 988 2873 41,
1049 2839 1099 2871 M.

287 2872 474 2909 Curionem
490 2876 655 2911 nominet.
698 2878 851 2913 Fortasse
873 2879 986 2917 Pollio
