1946 3261
232 197 317 241 528
451 200 506 242 A.
543 195 746 241 HIRTII
780 196 865 241 DE
898 196 1101 242 BELLO
1133 197 1480 246 AFRICANO.

226 340 312 382 que
327 323 686 367 interficerentur.
749 323 904 382 Itaque
925 324 953 367 ii
974 340 1119 368 omnes
1139 326 1354 386 Scipionis
1371 328 1545 380 milites,
1567 345 1703 389 quum

224 383 350 426 fidem
400 383 576 425 Caesaris
617 383 899 441 inplorarent,
947 384 1211 442 inspectante
1248 386 1343 445 ipso
1386 387 1552 431 Caesare
1589 397 1636 432 et
1678 406 1706 432 a

223 440 433 484 militibus
464 441 741 500 deprecante,
775 442 835 485 eis
863 442 927 485 uti
962 453 1205 501 parcerent,
1243 445 1299 488 ad
1331 461 1467 489 unum
1502 455 1605 490 sunt
1639 447 1702 491 in-

227 498 412 542 terfecti.

278 557 350 599 86.
385 559 528 602 Caesar
549 560 674 603 trinis
702 560 852 604 castris
880 560 1061 618 potitus,
1092 561 1326 620 occisisque
1347 562 1536 606 hostium
1555 563 1705 607 decem

219 614 389 660 milibus
429 618 677 677 fugatisque
698 619 1033 677 -compluribus,
1075 637 1118 663 se
1159 622 1340 679 recepit,
1384 622 1703 681 quinquaginta

217 674 425 719 militibus
445 678 620 727 amissis,
650 678 798 736 paucis
816 677 980 728 sauciis,
1003 679 1045 722 in
1068 688 1208 723 castra
1228 696 1277 722 ac
1299 680 1445 724 statim
1471 697 1524 723 ex
1546 681 1702 724 itinere

217 741 319 776 ante
339 735 548 793 oppidum
569 736 789 794 Thapsum
809 738 1016 787 constitit,
1044 737 1384 796 elephantosque
1407 738 1556 781 LXIV
1577 755 1702 782 orna-

215 799 282 835 tos
300 803 575 852 armatosque
590 812 686 838 cum
702 795 899 838 turribus
914 797 1259 854 ornamentisque
1280 798 1414 856 capit,
1432 805 1583 855 captos
1598 806 1699 842 ante

214 852 424 909 oppidum
457 853 688 896 instructos
709 855 953 897 constituit:
986 855 1030 898 id
1051 855 1132 898 hoc
1155 856 1346 905 consilio,
1373 856 1407 898 si
1428 865 1574 913 posset
1596 857 1696 899 Vir-

214 910 361 968 gilius,
396 912 560 970 quique
593 930 693 955 cum
714 929 764 955 eo
785 913 1111 964 obsidebantur,
1145 915 1205 956 rei
1227 915 1338 956 male
1361 923 1491 972 gestae
1522 929 1700 958 suorum

214 969 371 1013 indicio
390 986 415 1012 a
432 971 669 1029 pertinacia
684 972 852 1014 deduci.
905 973 1070 1015 Deinde
1092 975 1181 1031 ipse
1202 973 1438 1031 Virgilium
1456 972 1699 1031 adpellavit

211 1028 503 1086 invitavitque
531 1030 585 1072 ad
606 1030 872 1073 deditionem
892 1047 1097 1089 suamque
1121 1032 1344 1074 lenitatem
1363 1041 1408 1074 et
1429 1031 1699 1074 clementiam

211 1089 577 1131 commemoravit.
656 1089 798 1138 Quem
838 1098 1063 1147 postquam
1101 1090 1405 1133 animadvertit
1446 1105 1695 1148 responsum

208 1145 291 1189 sibi
327 1161 413 1189 non
447 1146 567 1195 dare,
606 1147 662 1189 ab
694 1148 856 1206 oppido
886 1150 1070 1199 recessit.
1134 1149 1314 1192 Postero
1347 1148 1433 1198 die,
1470 1149 1630 1192 Divina
1650 1165 1698 1192 re

209 1203 341 1254 facta,
378 1204 578 1248 concione
605 1206 830 1256 advocata,
866 1208 907 1249 in
937 1217 1171 1266 conspectu
1191 1207 1515 1266 oppidanorum
1534 1207 1695 1250 milites

209 1262 465 1306 conlaudat:
500 1273 727 1322 totumque
750 1266 984 1308 exercitum
1007 1276 1260 1309 veteranum
1287 1265 1485 1314 donavit,
1518 1265 1695 1324 praemia

207 1321 438 1365 fortissimo
470 1323 627 1380 cuique
657 1340 706 1366 ac
737 1325 847 1367 bene
880 1326 1057 1367 merenti
1090 1341 1170 1383 pro
1202 1333 1410 1384 suggestu
1433 1324 1610 1367 tribuit:
1643 1339 1693 1367 ac

206 1380 352 1423 statim
368 1380 467 1423 inde
490 1381 719 1439 digressus,
744 1383 901 1425 Rebilo
922 1383 1182 1426 Proconsule
1203 1400 1301 1426 cum
1320 1384 1460 1426 tribus
1476 1383 1531 1426 ad
1549 1383 1693 1442 Thap-

206 1455 300 1482 sum
321 1439 564 1498 legionibus
585 1450 629 1483 et
653 1442 734 1484 Cn.
757 1441 946 1484 Domitio
968 1459 1065 1484 cum
1087 1443 1254 1485 duabus
1275 1442 1453 1492 Tisdrae‚
1475 1442 1551 1485 ubi
1576 1443 1690 1486 Con-

205 1498 335 1541 sidius
360 1510 565 1557 praeerat,
600 1500 656 1542 ad
687 1500 969 1543 obsidendum
991 1501 1167 1551 relictis,
1205 1501 1270 1543 M.
1299 1501 1486 1544 Messala
1511 1501 1687 1544 Uticam

206 1566 306 1600 ante
322 1559 537 1616 praemisso
559 1575 657 1601 cum
677 1559 893 1617 equitatu,
911 1560 1002 1619 ipse
1021 1560 1170 1604 eodem
1187 1561 1270 1603 iter
1289 1560 1428 1602 facere
1447 1559 1686 1603 contendit.

265 1616 336 1658 87.
370 1616 553 1674 Equites
594 1617 765 1660 interim
808 1619 1028 1677 ScipioniS‚
1070 1620 1143 1677 qui
1185 1636 1237 1661 ex
1277 1619 1434 1677 proelio
1468 1619 1688 1678 fugerant,

205 1690 340 1732 quum
365 1675 540 1718 Uticam
572 1692 719 1719 versus
751 1677 835 1720 iter
870 1679 1074 1727 facerent,
1106 1679 1365 1736 perveniunt
1396 1677 1451 1720 ad
1477 1678 1687 1736 oppidum

207 1733 400 1777 Paradae.
466 1735 557 1777 Ubi
580 1751 714 1793 quum
746 1737 802 1779 ab
825 1736 966 1779 incolis
996 1753 1080 1779 non
1106 1737 1420 1795 reciperentur,
1451 1736 1549 1779 ideo
1569 1735 1689 1793 quod

203 1793 318 1836 fama
339 1792 394 1835 de
416 1792 601 1836 victoria
624 1794 802 1837 Caesaris
824 1796 1190 1853 praecucurrisse&
1223 1796 1265 1838 vi
1287 1795 1448 1853 oppido
1471 1795 1617 1854 potiti,
1639 1794 1682 1836 in

203 1852 344 1895 medio
365 1852 460 1895 foro
489 1853 621 1912 signis
654 1855 908 1896 coacervatfs
941 1855 1228 1911 omnibusque
1251 1854 1381 1896 rebus
1409 1869 1561 1896 eorum
1588 1867 1687 1896 con-

203 1911 349 1969 gestis,
380 1911 523 1970 ignem
555 1912 791 1970 subjiciunt
822 1923 950 1970 atque
981 1913 1073 1970 ejus
1106 1913 1258 1971 oppidi
1291 1912 1451 1955 incolas
1479 1911 1686 1969 cujusque

202 1971 367 2028 generis
388 1971 613 2028 aetatisque
641 1972 761 2014 vivos
793 1972 1127 2030 constrictosque
1154 1972 1197 2014 in
1219 1971 1432 2013 flammam
1451 1970 1685 2029 conjiciunt

202 2038 337 2086 atque
368 2030 429 2072 ita
460 2030 729 2073 acerbissimo
770 2030 972 2074 adficiunt
1011 2030 1243 2089 subplicio:
1293 2029 1445 2073 deinde
1485 2029 1687 2087 protinus

205 2087 382 2131 Uticam
414 2089 686 2147 perveniunt.
752 2090 984 2148 Superiore
1019 2099 1211 2147 tempore
1248 2089 1313 2131 M.
1339 2089 1469 2138 Cato,
1499 2087 1617 2146 quod
1640 2087 1683 2130 in

1020 2248 1166 2278 Recessit.
1215 2245 1282 2277 Alii
1309 2246 1461 2283 discescit,
1482 2243 1574 2285 quod
1591 2251 1677 2284 prae-

971 2290 1078 2321 serunt
1091 2290 1212 2321 Clarke
1227 2297 1260 2320 et
1274 2289 1363 2320 oud.
1377 2288 1458 2330 quia
1471 2288 1582 2319 Caesar
1599 2296 1675 2328 pro-

970 2335 1122 2375 grediens
1140 2333 1255 2365 urbem
1273 2333 1411 2375 reliquit
1428 2332 1616 2364 obsessam.

1020 2380 1145 2410 Rebilo.
1193 2377 1262 2409 Alii
1283 2379 1430 2415 Rehullo,
1459 2377 1674 2413 Rebillmetc.

973 2422 1080 2454 Notus
1105 2424 1142 2453 C.
1170 2424 1329 2454 Caninius
1355 2422 1506 2460 Rebilus,
1533 2418 1677 2460 lagatus

975 2466 1006 2497 in
1025 2466 1146 2497 Gallia.
1163 2466 1203 2497 G.
1220 2468 1252 2505 7,
1269 2468 1320 2497 83.

201 2240 409 2282 quibusdam
428 2242 592 2281 minutiis,
616 2243 835 2286 neglectoque
849 2256 903 2277 eo-

204 2296 278 2316 rum
293 2286 431 2321 indicio.
450 2287 535 2317 unde
551 2288 592 2318 de
608 2294 675 2318 tota
691 2298 722 2318 re
736 2289 900 2330 judicium

202 2329 280 2360 ferri
313 2336 441 2371 posset,
465 2341 537 2361 esse
565 2331 736 2366 effectum.
775 2340 810 2363 ut
841 2345 901 2365 non

202 2373 270 2404 nisi
287 2374 416 2416 aliquid
441 2375 481 2410 de
502 2375 567 2406 hoc
587 2376 707 2416 prselio
723 2387 901 2417 cognosce-

201 2427 326 2450 remus.
352 2419 402 2450 M.

254 2466 286 2496 Ii
299 2474 411 2495 omnes
429 2464 558 2495 milites.
604 2464 638 2495 ln
661 2464 760 2495 variis
782 2467 854 2497 cdd.
882 2468 906 2497 ii

204 2509 294 2540 male
310 2509 416 2539 deest.

251 2554 363 2585 Trinis
379 2554 493 2584 castris
521 2551 667 2590 Afranii,
695 2552 805 2585 Jubce.
829 2553 902 2584 Sci-

201 2597 327 2637 pionis.
372 2597 547 2629 Plularcli.
569 2597 638 2628 d.l.
661 2597 708 2628 sic
726 2598 900 2629 describit:

202 2641 399 2682 Scipionem
410 2641 600 2673 constitisse
613 2641 656 2672 ad
670 2641 783 2672 lacum
795 2642 901 2679 (conf.

200 2695 230 2716 c.
263 2686 330 2722 80),
357 2691 390 2715 et
419 2685 596 2725 reliquisse
623 2685 654 2715 in
679 2685 795 2716 castris
823 2685 900 2716 aliis

198 2728 327 2760 Jubam
354 2728 413 2766 (cf.
439 2740 468 2760 c.
484 2731 552 2769 85).
578 2729 609 2759 in
625 2728 705 2760 aliis
730 2728 899 2760 Afranium

198 2773 304 2813 (quod
324 2773 449 2805 factum
469 2785 542 2805 esse
566 2779 636 2804 tum
661 2773 800 2811 videtur,
822 2783 899 2804 cum

197 2816 373 2858 Thapsum
390 2817 511 2856 movit,
527 2828 603 2859 cap.
619 2819 672 2848 78.
689 2824 772 2848 extr.
789 2824 897 2847 castra

196 2869 279 2891 vero
305 2861 461 2893 videntur
487 2861 645 2902 intelligi,
676 2861 762 2892 unde
793 2860 898 2903 pridie

197 2912 289 2936 erant
306 2905 444 2946 egressi.
461 2915 492 2937 c.
507 2906 562 2937 83.
577 2904 676 2942 extr.)
695 2905 744 2936 M.

1017 2512 1230 2543 proconsule.
1254 2511 1296 2541 cf.
1311 2511 1351 2541 ad
1370 2520 1402 2541 c.
1419 2511 1469 2541 80.
1495 2508 1546 2540 M.

1022 2557 1143 2586 Uicam
1162 2572 1205 2577 —
1219 2554 1395 2585 contendit.
1421 2551 1566 2584 Ardebat
1579 2550 1670 2582 enim

969 2600 1082 2630 caesar
1107 2599 1297 2640 cupiditate
1312 2596 1464 2635 Catonis,
1488 2595 1545 2638 qui
1562 2593 1670 2627 Uticae

972 2649 1119 2683 praeerat,
1131 2642 1199 2673 vivi
1211 2641 1370 2683 capiendi
1382 2637 1669 2686 (Plutarch.Caes3

970 2689 1046 2722 50:
1069 2695 1099 2718 et
1116 2687 1337 2727 confugerant
1354 2684 1487 2716 Uticam
1509 2681 1668 2725 permulti

968 2742 986 2761 ε·
1005 2730 1174 2772 Scipionis
1191 2730 1358 2761 exercitus
1378 2729 1462 2769 (vid.
1476 2737 1554 2759 mox
1570 2735 1602 2758 c.
1615 2726 1669 2755 88.

967 2780 999 2805 et
1018 2775 1082 2806 Dio
1098 2774 1232 2806 Cassius
1250 2775 1303 2811 43,
1324 2774 1387 2810 10).
1416 2773 1464 2803 51.

1014 2819 1170 2850 Paradoe.
1217 2817 1286 2850 Alii
1315 2817 1501 2850 Par-adam.
1546 2811 1668 2844 Strabo

965 2862 985 2893 l.
1010 2864 1056 2893 17.
1082 2873 1115 2904 p.
1131 2864 1206 2894 831.
1237 2862 1344 2906 Φαςὰν,
1367 2859 1487 2892 Celsus
1511 2856 1668 2892 Porciam

969 2912 1073 2938 vocat.
