1946 3261
502 206 622 252 LIB.
655 207 714 253 v.
775 207 915 253 GAP.
953 196 1138 254 11-13.
1508 210 1589 256 107

88 338 119 362 ‘⁶
140 333 319 379 similia:
354 351 564 396 pecorum
584 353 766 396 magnus
786 337 1005 381 numerus.
1069 336 1276 381 Utuntur
1295 343 1373 381 aut
1390 351 1491 388 aere,
1507 346 1587 381 aut

89 401 120 422 “
143 395 314 438 annulis
335 396 499 448 ferreis,
534 396 588 440 ad
605 405 774 447 certum
798 396 1259 456 pondusexaminatis,
1285 413 1368 456 pro
1389 395 1583 441 nummo.

89 461 118 481 ‘⁶
145 454 354 497 Nascitur
375 455 436 498 ibi
456 456 688 514 plumbum
716 455 867 499 album
891 455 935 498 in
964 454 1286 498 mediterraneis
1316 455 1583 516 regionibus,

90 521 119 540 ‘⁶
142 512 186 555 in
207 514 450 557 maritumis
472 514 663 563 ferrum3
696 515 769 558 sed
789 515 881 573 ejus
900 513 1057 573 exigua
1078 522 1141 556 est
1163 514 1287 572 copia
1307 531 1315 556 :
1351 532 1434 558 aere
1453 524 1587 560 utun-

87 580 118 600 “
141 579 217 614 tur
237 572 476 630 inportato.
541 573 732 616 Materia
752 575 960 633 cujusque
979 572 1161 631 generis,
1184 581 1235 614 ut
1256 573 1302 615 in
1322 574 1483 625 Gallia,
1506 584 1587 626 est,

87 639 118 660 ‘⁶
141 639 304 690 praeter
344 632 494 690 fagum
531 640 665 690 atque
698 634 899 676 abietem.
966 633 1181 691 Leporem
1218 639 1263 673 et
1300 632 1505 690 gallinam
1542 643 1588 678 et

87 698 116 718 “
139 704 331 732 anserem
361 697 554 748 gustare,
588 694 650 734 fas
679 707 765 735 non
791 700 973 751 putant;
1018 691 1107 734 haec
1134 699 1278 732 tamen
1306 690 1430 733 alunt
1456 693 1588 737 animi

88 757 118 777 “
141 746 472 808 voluptatisque
502 766 662 792 caussa.
728 752 844 795 Loca
874 760 975 794 sunt
1008 748 1348 808 temperatioria,
1383 765 1515 807 quam
1542 752 1585 796 in

87 817 116 837 ‘⁶
142 808 305 858 Gallia,
326 809 643 852 remissioribus
665 809 917 870 frigoribus.

150 867 214 910 13.
250 875 280 894 ‘⁶
305 867 452 911 Insula
472 877 630 911 natura
652 870 885 928 triquetra,
917 869 1038 928 cujus
1057 883 1191 911 unum
1212 867 1326 910 latus
1347 875 1411 911 est
1433 876 1587 912 contra

85 935 116 955 ‘⁶
142 927 346 970 Galliam.
413 926 559 986 Hujus
579 927 726 972 lateris
744 930 856 973 alter
877 928 1076 988 angulus,
1099 928 1178 985 qui
1198 935 1263 969 est
1282 928 1337 970 ad
1360 928 1586 978 Cantium,

85 995 116 1014 ‘⁴
139 1003 228 1045 quo
258 987 346 1029 fere
377 1003 523 1030 omnes
551 1004 603 1030 ex
635 989 780 1031 Gallia
809 1005 937 1032 naves
969 986 1266 1045 adpelluntur,
1295 987 1350 1029 ad
1375 987 1587 1030 orientem

86 1054 115 1074 ‘⁶
137 1045 270 1090 solem
290 1061 298 1095 ;
343 1046 523 1089 inferior
555 1047 611 1090 ad
648 1048 870 1091 meridiem
908 1054 1089 1108 spectat.
1171 1046 1271 1089 Hoc
1313 1046 1428 1088 latus
1466 1054 1586 1089 tenet

85 1114 115 1133 ‘⁴
138 1105 314 1148 circiter
338 1105 456 1148 milia
477 1121 681 1165 passuum
709 1107 768 1150 D.
833 1107 1036 1151 Alterum
1065 1105 1210 1164 vergit
1241 1103 1303 1147 ad
1326 1105 1586 1164 Hispaniam

84 1172 113 1192 “
135 1173 268 1222 atque
287 1165 553 1208 occidentem
574 1166 723 1216 solem,
746 1183 834 1225 qua
853 1183 906 1210 ex
927 1174 1051 1226 parte
1067 1174 1131 1207 est
1156 1164 1386 1214 Hibernia,
1407 1165 1586 1207 dimidio

84 1233 112 1252 “
133 1223 292 1274 minor,
315 1233 366 1266 ut
386 1224 642 1275 aestimatur,
658 1241 790 1283 quam
810 1225 1059 1273 Britannia;
1081 1223 1154 1266 sed
1172 1224 1269 1282 pari
1287 1223 1429 1283 spatio
1448 1233 1585 1266 trans-

86 1292 116 1310 “
139 1283 306 1332 missus,
328 1292 462 1340 atque
484 1299 536 1325 ex
562 1285 723 1335 Gallia,
753 1295 817 1328 est
843 1286 885 1329 in
918 1284 1203 1328 Britanniam.
1269 1281 1319 1326 In
1339 1283 1421 1325 hoc
1442 1283 1584 1326 medio

86 1352 115 1370 ‘⁶
139 1357 269 1385 cursu
299 1350 363 1384 est
393 1342 548 1392 insula,
580 1360 677 1401 quae
705 1345 955 1402 adpellatur
988 1342 1149 1390 Mona;
1189 1342 1439 1402 complures
1471 1357 1583 1401 prae-

85 1410 114 1429 ‘⁶
138 1411 256 1444 terea
273 1401 458 1443 minores
469 1401 650 1460 objectae
669 1403 816 1445 insulae
835 1403 1159 1446 existimantur:
1184 1401 1236 1443 de
1255 1401 1415 1458 quibus
1434 1401 1584 1444 insulis

85 1469 115 1488 “
139 1460 339 1503 nonnulli
365 1459 650 1518 scripserunt,
683 1462 772 1504 dies
799 1462 1025 1504 continuos
1053 1460 1178 1502 XXX
1201 1460 1285 1502 sub
1314 1459 1471 1501 bruma
1493 1475 1582 1502 esse

84 1529 113 1547 “
138 1531 322 1562 noctem.
389 1519 482 1560 Nos
508 1518 614 1561 nihil
647 1520 699 1562 cle
728 1537 778 1562 eo
806 1519 1209 1578 percontationibus
1242 1519 1582 1577 reperiebamus,

82 1587 111 1607 “
134 1579 212 1622 nisi
245 1577 375 1620 certis
403 1592 456 1618 ex
483 1593 596 1634 aqua
628 1580 835 1620 mensuris
860 1578 1088 1619 breviores
1115 1593 1219 1626 esse,
1245 1593 1376 1633 quarn
1409 1578 1452 1619 in
1483 1593 1583 1620 con-

80 1647 109 1667 “
133 1638 315 1687 tinente,
338 1635 486 1679 iioctes
506 1636 772 1679 videbamus.
839 1636 984 1694 Hujus
1004 1645 1068 1679 est
1089 1636 1321 1694 longitudo
1345 1635 1507 1685 lateris,
1530 1645 1582 1680 ut

133 1827 474 1859 mmmmm-nummo.
516 1823 627 1865 Hujus
643 1822 713 1854 loci
727 1823 796 1854 lec-

81 1870 129 1903 tio
155 1871 256 1913 plane.
281 1870 407 1902 incerta
429 1875 491 1900 est.
535 1868 626 1909 Ergo
652 1867 793 1899 varieta-

81 1921 149 1948 tem
164 1925 299 1947 omnem
313 1912 443 1946 notavi.
472 1910 553 1951 Alii,
570 1918 716 1944 utuntur
733 1917 794 1944 aut

81 1959 164 2002 (vel,
193 1960 322 1999 autem)
345 1968 424 1997 aere‚
449 1962 510 1989 aue
530 1967 670 1989 nummo
694 1966 792 1994 aerea,

83 2010 144 2036 aut
167 2003 391 2044 aliisfm-reis.
452 2000 532 2039 Alii,
564 2006 702 2033 utuntur
733 2006 793 2032 aut

82 2059 180 2087 cereo,
210 2053 324 2079 αιιι--.
383 2046 453 2079 Alii
477 2056 580 2077 aureo
606 2055 666 2086 pro
693 2055 791 2076 oereo.

83 2092 167 2131 Alii,
193 2096 254 2124 aut
278 2092 426 2123 annulus
448 2090 526 2131 (pro
549 2090 642 2128 aliie)
664 2089 792 2124 fert-91¹2.

83 2135 168 2173 Alii,
199 2141 259 2167 aut
291 2136 418 2167 lanceiae
439 2134 572 2175 semein.
617 2133 702 2171 Alii,
732 2138 791 2165 aut

83 2183 181 2214 taleis
205 2179 342 2221 ferreis.
397 2179 532 2210 Faernus
563 2178 698 2209 laminis
725 2176 791 2218 legi

82 2224 209 2257 voluit.
247 2226 274 2256 A
289 2223 424 2255 duobus
435 2221 666 2254 codd-absunt
675 2222 791 2259 verba,

76 2280 140 2311 pro
156 2279 308 2304 numme).
339 2267 429 2309 Ergo
445 2265 546 2298 fuerit
561 2265 790 2303 temerarium,

83 2311 215 2354 aliquid
228 2311 366 2344 definire
384 2312 484 2343 velle.
536 2309 628 2348 Quid
645 2308 730 2341 alibi
749 2309 792 2340 sit

81 2358 186 2395 talea,
203 2356 271 2388 vid.
289 2357 323 2388 in
338 2357 408 2388 Ind.
424 2362 458 2387 et
474 2361 605 2386 constat
621 2365 640 2385 e
658 2353 790 2385 lexicis.

84 2400 118 2432 Si
143 2410 224 2442 ergo
248 2401 285 2432 h.
307 2401 332 2432 l.
357 2400 448 2431 idem
478 2399 619 2430 verbum
649 2399 790 2439 legatur,

82 2445 166 2487 quid
193 2445 328 2476 tandem
357 2445 421 2477 erit
446 2445 535 2476 talea
561 2443 693 2485 ferrea,
724 2453 791 2483 qua

83 2488 162 2530 quis
180 2500 242 2530 pro
258 2499 398 2520 nummo
410 2488 546 2520 utatur?
570 2487 646 2518 Non
663 2486 788 2518 sufficit

82 2533 206 2572 dicere,
229 2540 302 2564 esse
319 2532 521 2574 particulam
545 2531 623 2563 ferri
647 2541 791 2573 praesec-

81 2582 173 2608 tam:
207 2587 289 2608 nam
314 2586 381 2608 non
403 2575 568 2618 quidquid
589 2581 791 2617 praesectum

81 2628 146 2660 est,
169 2622 227 2653 sed
252 2621 404 2652 surculus
418 2626 612 2662 praesectus‚
626 2619 790 2660 autquod

78 2663 221 2698 formam
234 2665 361 2696 surculi
377 2664 543 2706 praesecti,
555 2664 609 2695 vel
626 2663 746 2695 bacilli
762 2674 790 2695 s.

79 2710 209 2742 stimuli
237 2709 350 2746 refert,
372 2709 407 2740 id
435 2709 570 2740 demum
588 2707 658 2739 dici
678 2713 790 2749 potest

78 2755 176 2787 talea.
219 2753 331 2785 Multo
355 2753 469 2784 minus
491 2754 590 2784 taleae
613 2762 687 2783 esse
710 2763 790 2794 pos-

77 2805 152 2831 sunt
168 2798 315 2838 laminae,
331 2804 370 2829 ut
390 2797 523 2829 cuidam
542 2795 697 2837 placuit:
734 2796 786 2827 hae

74 2842 167 2875 enim
193 2842 280 2875 nihil
305 2841 417 2874 simile
439 2841 655 2873 habentcum
674 2840 785 2872 taleis.

74 2888 256 2929 Perplacet
265 2886 380 2918 Vossii
392 2886 597 2927 conjectura,
607 2886 698 2924 taiis,
708 2895 784 2927 quae

69 2930 203 2964 videtur
225 2931 338 2964 cuivis
362 2930 397 2962 in
422 2936 570 2962 mentem
590 2928 703 2960 venire
725 2929 784 2960 de-

61 2974 164 3008 bere:
201 2981 237 3009 et
257 2975 357 3010 facile
382 2973 577 3018 potuissent
601 2973 660 3006 tali
682 2972 783 3007 ferrei

866 1832 931 1864 pro
947 1819 1097 1853 nummis
1112 1832 1198 1854 esse.
1232 1822 1309 1861 Sed,
1326 1826 1361 1852 ut
1374 1820 1460 1860 dixi,
1477 1821 1582 1855 lectio

863 1867 966 1908 plane
982 1866 1111 1898 incerta
1128 1872 1190 1898 est.
1219 1866 1268 1898 M.
1324 1866 1360 1898 ln
1384 1876 1419 1898 re
1433 1872 1501 1898 tam
1518 1867 1580 1898 du-

861 1911 921 1943 bia
948 1920 1072 1952 sequor
1095 1911 1263 1949 Graecum,
1284 1909 1345 1952 qui
1373 1910 1479 1942 habet
1504 1908 1579 1942 δακ-

862 1956 984 1989 τυλίοις.
1032 1954 1151 1986 Morus
1167 1956 1305 1986 dederat
1320 1955 1427 1986 taleis.

908 1999 1095 2032 Plumbnm
1133 2000 1264 2038 album,
1304 2004 1473 2031 stannum.
1532 1998 1573 2032 V.

861 2044 952 2076 Plin.
970 2045 1002 2081 ⁴,
1030 2045 1068 2075 16
1083 2044 1174 2084 (30).

907 2090 1068 2124 Materni,
1084 2088 1236 2126 arbores,
1250 2086 1402 2119 frutices.
1428 2088 1479 2119 M.

908 2133 1090 2164 Hibernia.
1125 2133 1258 2164 Addunt
1271 2131 1428 2164 nonnulli
1445 2133 1573 2165 insula.

907 2177 1122 2209 AEetimatur.
1162 2176 1217 2208 Sic
1242 2177 1332 2208 Oud.
1357 2187 1376 2208 e
1401 2177 1501 2208 codd.
1525 2176 1572 2209 al.

859 2223 1086 2253 existimatur.
1558 2240 1560 2242 -

907 2265 1057 2300 miserm.
1104 2264 1174 2298 Alii
1202 2264 1379 2307 subjectae.
1429 2266 1494 2297 Sed
1512 2265 1572 2298 Gr.

859 2308 1058 2342 ἀντικεῖσθαι.

891 2355 1201 2388 Per-conlationibus.
1220 2355 1269 2386 Ita
1277 2354 1352 2385 edd.
1363 2360 1427 2386 vet.
1436 2354 1477 2385 ed
1486 2353 1572 2385 varii

856 2399 957 2429 codd.
970 2400 1063 2440 quod
1078 2399 1285 2430 stewechius
1298 2399 1341 2429 ad
1360 2399 1477 2440 Veget.
1496 2403 1526 2435 3,
1538 2399 1569 2428 8.

858 2442 1046 2475 restituisse
1058 2455 1093 2475 se
1103 2449 1226 2483 narrat,
1238 2454 1320 2475 usus
1333 2442 1569 2475 scil.editione

857 2493 1032 2528 corrupta.

882 2533 1006 2606 [Certis
1019 2543 1059 2564 ex
1073 2543 1164 2574 aqua
1178 2534 1354 2571 mensuris,
1364 2529 1566 2573 clepsydris.

860 2576 882 2606 n
905 2600 912 2607 .

908 2621 1114 2654 Videbamus.
1141 2621 1248 2652 Recte
1263 2625 1349 2663 puto
1365 2619 1486 2651 abesse
1498 2618 1565 2650 hoc

855 2665 997 2697 verbum
1013 2676 1033 2697 a
1046 2666 1121 2696 cod.
1147 2665 1260 2697 Oxon.
1307 2664 1341 2695 Si
1357 2663 1436 2705 quis
1445 2669 1566 2701 servet,

855 2709 962 2750 ’paulo
985 2716 1063 2741 ante
1086 2711 1150 2741 nim·
1170 2709 1236 2741 erit
1261 2720 1324 2750 pro
1347 2708 1403 2739 sed
1417 2711 1566 2740 tantum-

856 2755 960 2792 modo,
974 2760 1010 2785 ut
1029 2753 1145 2785 Davis.
1159 2758 1192 2784 et
1209 2752 1428 2794 Oudendorp.
1445 2761 1565 2783 monu-

854 2803 963 2829 erunt.
1000 2798 1145 2838 Vulgata
1162 2796 1279 2835 lectio,
1291 2798 1355 2828 nisi
1368 2797 1457 2838 quod
1471 2798 1565 2828 certic

853 2843 1098 2881 -ι-ιὶῖρόαηιιις,
1107 2846 1157 2873 est
1171 2841 1215 2872 ab
1233 2840 1301 2880 his,
1314 2841 1375 2883 qui
1389 2840 1565 2884 explicare

854 2886 968 2917 locum
997 2886 1191 2917 voluerunt.
1217 2887 1268 2917 M.
1317 2886 1388 2926 Νξτὶ
1409 2894 1472 2927 pro
1495 2885 1563 2917 sed.

854 2930 928 2962 Cic.
954 2931 1034 2962 fam.
1062 2926 1119 2970 13,
1135 2931 1190 2973 ¹73.
1213 2935 1248 2962 et
1266 2940 1334 2979 pro
1359 2929 1451 2963 Rob.
1468 2930 1563 2962 Post.

855 2977 968 3014 nescio,
981 2977 1048 3008 ηὶςι·
1061 2974 1120 3008 hoc
1132 2975 1238 3008 video.
1310 2980 1312 2983 ·
