1946 3261
250 191 333 238 154
656 189 742 235 DE
773 185 976 234 BELLO
1007 186 1304 235 GALLICO.

247 318 403 375 Itaque
421 332 486 367 ea,
503 331 605 373 quae
623 314 884 359 fertilissima
902 323 1021 366 sunt,
1045 316 1288 360 Germaniae
1307 315 1402 360 loca
1419 315 1585 361 circum
1606 315 1720 361 Her-

245 378 411 436 cyniam
426 376 592 423 silvam,
611 374 762 431 (quam
781 374 1059 418 Eratostheni
1077 383 1123 418 et
1144 375 1404 433 quibusdam
1426 375 1590 418 Graecis
1607 376 1721 419 fama

246 445 391 479 notam
409 449 496 476 esse
515 432 657 483 video,
676 449 806 491 quam
827 433 891 476 illi
914 433 1150 491 Orcyniam
1164 434 1428 493 *adpellantQ
1449 434 1597 478 Volcae
1614 434 1721 477 Tec-

244 503 412 550 tosages
443 500 767 550 occupaverunt
800 501 933 549 atque
961 492 1024 535 ibi
1052 493 1350 536 consederunt.
1410 493 1520 542 Quae
1542 508 1645 550 gens
1664 493 1722 535 ad

245 552 324 594 hoc
341 560 513 609 tempus
527 551 577 593 iis
591 550 762 594 sedibus
777 567 864 594 sese
878 550 1070 594 continet
1082 567 1377 609 summamque
1394 550 1526 594 habet
1540 551 1722 610 justitiae

244 617 291 652 et
310 609 476 652 bellicae
507 609 645 652 laudis
666 609 931 668 opinionem:
964 625 1078 653 nunc
1106 626 1282 668 quoque
1309 612 1355 653 in
1383 610 1531 653 eadem
1557 610 1720 668 inopia,

243 675 451 725 egestate,
471 668 694 726 patientia,
715 685 804 726 qua
826 669 1047 719 Germani,
1077 678 1345 727 permanent,
1366 669 1514 713 eodem
1535 669 1656 712 victu
1676 676 1724 711 et

243 726 371 769 cultu
382 727 578 784 corporis
594 736 802 777 utuntur;
838 727 976 770 Gallis
991 736 1138 771 autem
1153 728 1390 772 Provinciae
1403 728 1725 786 propinquitas,

245 793 290 828 et
324 785 706 828 transmarinarum
740 802 888 829 rerum
924 787 1095 837 notitia,
1131 787 1270 830 multa
1299 787 1355 830 ad
1385 787 1554 845 copiam
1586 794 1724 843 atque

246 860 348 886 usus
363 843 564 901 largitur.
628 844 863 888 Paullatim
879 845 1116 888 adsuefacti
1131 847 1344 904 superari,
1361 846 1598 902 multisque
1614 845 1722 889 victi

246 901 427 960 proeliis,
450 917 502 943 ne
521 918 564 944 se
584 903 761 959 quidem
778 904 861 962 ipsi
880 919 982 947 cum
1001 904 1085 947 illis
1104 904 1270 947 virtute
1289 911 1560 963 comparant.

305 960 376 1003 25.
410 960 555 1018 Hujus
586 960 816 1020 Hercyniae
850 963 982 1014 silvae,
1021 979 1118 1021 quae
1147 979 1280 1022 supra
1315 964 1609 1007 demonstrata
1641 968 1724 1012 est,

248 1018 436 1063 latitudo
463 1034 617 1062 novem
647 1019 819 1064 dierum
848 1022 931 1066 iter
959 1022 1161 1080 expedito
1181 1030 1328 1081 patet:
1360 1037 1446 1066 non
1465 1021 1579 1064 enim
1596 1019 1724 1063 aliter

246 1077 361 1120 finiri
382 1085 542 1136 potest,
572 1093 712 1135 neque
738 1095 954 1124 mensuras
974 1081 1179 1124 itinerum
1199 1088 1428 1124 noverunt.
1488 1079 1648 1122 Oritur
1667 1078 1726 1122 ab

249 1136 556 1182 Helvetiorum
585 1145 631 1181 et
659 1136 894 1182 Nemetum
923 1147 969 1181 et
989 1138 1294 1183 Rauracorum
1312 1139 1486 1189 finibus,
1516 1146 1724 1196 rectaque

250 1290 307 1329 34)
333 1288 368 1320 in
393 1287 506 1320 nobili
530 1289 608 1321 loco
633 1288 673 1319 de
687 1286 953 1329 migrationibus

246 1334 424 1365 Gallorum
437 1332 518 1373 agit.
550 1332 669 1363 Narrat
683 1337 808 1369 autem,
834 1330 952 1362 Prisco

249 1377 431 1418 Tarquinio
459 1381 617 1417 regnante
643 1374 817 1406 coloniam
833 1375 951 1406 Gallo-

251 1431 326 1453 rum
341 1420 505 1463 Sigoveso
520 1420 606 1450 duce
615 1429 730 1450 versus
746 1418 952 1459 Hercyniam

250 1464 373 1496 silvam
418 1463 591 1504 migrasse.
652 1462 802 1493 Putabat
848 1461 952 1493 etiam

250 1506 447 1540 Mascovius
479 1507 625 1546 (Histor.
652 1506 812 1538 German.
843 1517 878 1547 p.
905 1507 951 1545 4),

250 1552 341 1583 hunc
365 1551 511 1583 Caesaris
534 1551 648 1582 locum
672 1551 714 1581 de
735 1550 793 1581 illa
816 1550 955 1582 colonia

251 1595 397 1636 intelligi
423 1605 535 1636 posse.
581 1593 660 1635 Egit
680 1599 795 1625 autem
821 1595 860 1625 de
889 1593 955 1625 mi-

251 1638 467 1681 grationibus
492 1638 669 1669 Gallorum
700 1637 821 1673 tribus,
852 1642 885 1668 et
913 1638 955 1668 de

252 1684 319 1715 hoc
349 1681 493 1714 Caesaris
523 1681 613 1719 loco,
644 1681 764 1722 Georg.
796 1680 953 1712 Gottlieb

255 1727 366 1765 PJato,
381 1726 451 1757 alio
468 1725 604 1756 nomine
618 1724 728 1763 Wild,
752 1725 786 1755 in
802 1724 955 1765 disputa-

252 1770 357 1809 tione,
384 1769 583 1800 Ratisbonae
614 1770 696 1799 1777
715 1768 819 1806 edita,
841 1768 954 1809 inqua

253 1813 434 1845 Boioarios
456 1823 523 1844 non
550 1823 571 1843 a
598 1812 706 1851 Boiis,
734 1813 794 1843 sed
823 1813 955 1854 Lango-

254 1857 382 1895 bardis,
403 1862 496 1888 ortos
521 1867 594 1887 esse
614 1857 727 1887 docet.
752 1857 803 1887 M.
850 1856 956 1887 Boio-

252 1902 343 1933 arios
371 1911 391 1932 a
421 1900 677 1932 Marcomannis
714 1905 809 1931 ortos
837 1900 957 1932 statuit

253 1946 409 1978 Mannert
437 1944 471 1976 in
494 1943 675 1976 Germania
696 1954 731 1985 p.
749 1945 824 1976 451.
849 1943 958 1986 partis

255 1992 285 2020 3.
310 1990 431 2029 Geogr.

302 2034 346 2064 Et
357 2033 571 2074 quibusdam.
607 2031 742 2062 Cluver.
753 2030 793 2062 G.
805 2033 846 2063 A.
864 2034 891 2069 1,
906 2034 956 2063 17.

254 2087 353 2117 quem
371 2076 521 2117 sequitur
537 2076 716 2112 (tenarius,
733 2074 851 2106 inserit
868 2077 956 2107 aliis.

255 2121 311 2151 Sic
332 2125 366 2150 et
388 2120 524 2150 Graecus
547 2120 723 2160 interpres3
748 2119 806 2149 sed
827 2124 956 2151 veteres

255 2174 345 2205 saepe
371 2164 491 2194 eodem
514 2164 637 2194 modo:
669 2164 803 2204 Jupiter
826 2169 856 2196 et
883 2165 958 2202 Dii,

257 2208 432 2241 Pindarus
446 2213 476 2239 et
489 2208 597 2247 lyrici.
623 2206 709 2237 Oua.

303 2252 497 2292 Orcyniam.
543 2249 596 2281 Sic
613 2249 750 2280 Graeeus
765 2255 799 2280 et
811 2251 956 2282 Ptolem.

259 2295 475 2333 Verosimile,
502 2303 623 2329 nomen
648 2299 757 2324 ortum
781 2294 825 2324 ab
844 2296 957 2331 Har-2,

260 2339 463 2371 Ham-wald.
512 2338 553 2368 V.
585 2336 724 2368 omnino
755 2337 955 2369 Glareanum

255 2384 297 2414 ad
314 2384 348 2414 h.
359 2383 382 2413 1.

306 2428 413 2458 l‘olcoe
445 2427 649 2465 Tectosayes,
680 2424 714 2455 id
741 2429 801 2462 est,
831 2424 958 2455 Tecto-

258 2482 363 2512 sages,
375 2479 457 2511 gens
472 2481 498 2500 s.
514 2479 589 2510 pars
600 2467 747 2499 nationis
758 2467 954 2499 Volcarum.

257 2515 376 2545 Strabo
390 2517 420 2545 4.
437 2513 530 2554 (pag.
543 2513 618 2551 187)
629 2511 726 2542 dicit:
751 2511 807 2541 τῶν
821 2512 956 2543 Οὐολκῶν

257 2559 281 2588 οἶ
297 2558 482 2598 Τεκτοσάγες
501 2556 681 2596 καλούμενοι.
708 2554 848 2586 Tacitus
859 2555 955 2594 (Ger-

258 2612 348 2633 man.
370 2611 447 2642 cap.
465 2601 533 2639 28),
556 2601 616 2632 ubi
639 2601 728 2631 hunc
751 2600 863 2630 locum
881 2599 955 2630 Cae-

257 2645 340 2676 saris
354 2650 610 2684 commemorat,
632 2643 737 2681 addit,
756 2643 859 2674 etiam
874 2643 956 2674 Hel-

258 2690 367 2721 vetios
394 2696 428 2720 et
451 2689 556 2720 Boios
580 2687 665 2719 olim
691 2687 725 2718 in
744 2686 956 2718 Germaniam

258 2734 506 2774 commigrasse.
553 2732 643 2764 Hinc
658 2741 758 2772 supra
771 2731 819 2769 (l,
833 2731 867 2769 5)
883 2729 957 2762 Cae-

259 2788 314 2809 sar
334 2778 531 2817 scripserat:
558 2778 644 2813 Boii,
668 2778 728 2816 qui
747 2781 843 2808 trems-
867 2775 957 2806 Rhe-

258 2832 342 2853 mum
356 2823 575 2853 imolam-ant.
612 2820 746 2850 Frustra
759 2830 839 2860 ergo
854 2818 957 2850 Sche-

259 2865 337 2896 dius
351 2864 408 2903 (de
426 2864 499 2895 Diis
512 2865 624 2895 Germ.
643 2874 676 2905 p.
693 2865 744 2903 13,
765 2864 830 2902 14.)
845 2868 956 2904 negat,

259 2919 339 2941 vera
366 2908 535 2940 Caesarem
572 2909 725 2939 locutum
759 2918 847 2946 esse,
877 2917 955 2939 cum

257 2954 376 2989 Gallos
393 2957 483 2987 trans
500 2952 656 2986 Rhenum
676 2951 836 2995 migrasse
850 2950 956 2994 scrip-

1021 1288 1111 1319 serit.
1157 1287 1289 1329 Nempe
1314 1293 1424 1329 putat,
1446 1288 1632 1321 Germanos
1654 1287 1722 1322 hoc

1021 1341 1088 1362 non
1106 1341 1262 1372 passuros
1272 1331 1387 1363 fuisse.
1421 1333 1485 1364 Sed
1498 1333 1642 1364 historia
1655 1341 1723 1365 non

996 1382 1007 1395 ³
1021 1375 1184 1406 refutatur
1200 1375 1440 1407 ratiocinando.
1456 1377 1507 1408 M.
1545 1376 1651 1409 Codd.
1666 1387 1724 1408 va-

1020 1418 1090 1450 rios
1119 1425 1152 1450 et
1181 1420 1258 1451 edd.
1287 1426 1355 1451 vet.
1385 1420 1563 1452 obsederat
1591 1419 1722 1453 vitium.

1021 1463 1212 1505 Legebatur
1236 1463 1367 1505 quippe
1389 1465 1492 1504 vulqo
1516 1465 1724 1506 Tectosaqes3

1021 1508 1077 1538 sed
1093 1506 1153 1538 alii
1169 1513 1259 1539 recte
1282 1509 1399 1547 lf‘olcae,
1421 1508 1513 1549 quod
1534 1513 1568 1539 et
1584 1507 1722 1540 Graecus

1023 1550 1138 1587 habet,
1165 1553 1253 1592 apud
1272 1562 1375 1593 quem
1396 1551 1538 1583 Vossius
1562 1552 1650 1584 bene
1666 1562 1726 1583 co-

1022 1595 1139 1636 pulam
1156 1596 1208 1625 zai
1223 1596 1326 1627 delet.
1371 1595 1512 1627 Ursinus
1528 1595 1641 1626 locum
1655 1606 1724 1628 res-

1020 1637 1123 1669 tituit.
1161 1639 1212 1670 De
1226 1650 1260 1670 re
1272 1639 1349 1680 ipsa
1365 1639 1495 1670 dubitat
1510 1638 1723 1670 Ciacconius.

1021 1681 1098 1720 Sed,
1122 1693 1227 1724 quum
1251 1693 1310 1724 per
1327 1683 1503 1724 Europam
1517 1683 1725 1725 Tectosages

1021 1725 1054 1756 in
1073 1726 1253 1767 Phrygiam
1278 1738 1384 1767 usque
1406 1725 1625 1764 excuti-erint,
1639 1732 1723 1759 teste

1022 1768 1184 1801 Strabone
1201 1771 1223 1801 1.
1235 1781 1266 1802 c.
1279 1771 1398 1811 quidni
1414 1776 1540 1811 partem
1555 1781 1673 1802 eorum
1689 1771 1723 1804 in

1021 1813 1194 1855 Hercynia
1210 1814 1345 1845 haesisse
1360 1825 1438 1845 vero
1455 1813 1585 1846 simile?

1069 1858 1168 1890 szc
1183 1868 1327 1899 quoque,
1349 1859 1425 1889 cod.
1442 1857 1616 1889 Petavian.
1632 1868 1724 1891 nunc

1021 1902 1166 1941 quidem,
1179 1903 1256 1933 cod.
1269 1902 1450 1934 Dukerian.
1461 1902 1572 1933 solum
1583 1902 1723 1934 verbum

1020 1955 1120 1983 nunc,
1137 1946 1212 1976 cod.
1227 1945 1338 1977 Oxon.
1354 1956 1444 1977 nunc
1459 1948 1632 1988 quoniam,
1644 1947 1723 1978 cod.

1022 1988 1117 2019 Leid.
1136 2000 1185 2030 pr.
1203 1995 1236 2020 et
1257 1989 1380 2031 Scalig.
1397 2000 1486 2020 nunc
1502 1990 1602 2030 quml,
1624 1990 1724 2021 codd.

1021 2032 1142 2073 reliqui
1172 2043 1299 2064 omnes.
1323 2044 1492 2074 nuncque,
1514 2034 1591 2064 edd.
1609 2034 1722 2075 vulgg.

1024 2076 1109 2113 Quis
1125 2087 1205 2117 ergo
1229 2077 1372 2113 definiat,
1393 2076 1473 2118 quid
1489 2076 1604 2108 Caesar
1618 2077 1725 2119 scrip-

1022 2120 1124 2150 serit?
1173 2121 1311 2153 Videtur
1342 2121 1530 2162 scripsisse,
1561 2131 1602 2153 ac
1633 2131 1724 2153 nunc

1021 2174 1165 2205 quoque.
1190 2166 1238 2196 M.

1071 2209 1180 2239 Gallis
1196 2214 1322 2246 autem,
1346 2207 1399 2246 iis,
1420 2207 1479 2249 qui
1500 2207 1533 2239 in
1549 2208 1659 2240 Gallia
1673 2219 1724 2240 re-

1021 2258 1223 2290 manserunt,
1237 2263 1306 2284 non
1324 2252 1516 2293 migrarunt.
1540 2253 1590 2283 M.

1069 2297 1265 2335 Provincice,
1289 2297 1361 2337 ejus
1377 2294 1483 2337 partis
1499 2294 1632 2334 Gallia»,
1646 2306 1723 2337 quae

1021 2345 1072 2369 est
1098 2339 1273 2380 provincia
1297 2340 1460 2371 Romana.
1508 2339 1592 2370 Edd.
1610 2339 1724 2380 plures

1023 2383 1206 2414 omiserunt
1236 2384 1300 2414 hoc
1329 2383 1484 2421 verbum3
1518 2383 1575 2413 sed
1603 2383 1724 2415 abesse

1021 2426 1152 2467 nequit3
1177 2428 1284 2458 codex
1297 2437 1381 2457 unus
1392 2426 1636 2467 (Dukerianus)
1644 2438 1724 2469 pro-

1021 2473 1155 2510 τὶποὶιες
1187 2470 1322 2512 reliqui,
1348 2471 1613 2512 provinciarum.
1659 2469 1723 2502 Sed

1022 2513 1122 2545 unice
1133 2525 1250 2546 verum
1262 2520 1324 2552 est,
1335 2525 1394 2556 per
1403 2513 1510 2555 ipsam
1523 2524 1605 2552 rem,
1617 2514 1722 2546 lectio

1022 2558 1145 2595 media,
1162 2559 1356 2590 Pron-imm.
1380 2559 1430 2589 M.
1467 2557 1649 2600 Conspirat
1665 2558 1721 2591 Gr.

1020 2601 1079 2633 inl.
1096 2603 1147 2635 τῆς
1164 2604 1220 2633 «νῦν
1233 2601 1381 2642 Ῥωμαίων
1397 2601 1556 2647 ἒπαξχίας.

1067 2647 1268 2678 Paullatim.
1313 2644 1433 2678 Clarke
1463 2646 1560 2679 malit
1584 2647 1723 2689 paulla-

1021 2692 1158 2730 timque.

1070 2735 1253 2776 Hercyniae
1277 2735 1367 2767 siltae
1392 2734 1544 2767 latitudo.
1589 2733 1641 2764 De
1657 2733 1720 2765 hac

1024 2786 1058 2806 re
1085 2783 1161 2817 post
1180 2777 1375 2810 Cluverium
1399 2779 1449 2818 (in
1466 2779 1621 2810 German.
1635 2778 1722 2816 ant.)

1022 2820 1155 2852 abunde
1181 2821 1250 2863 egit
1278 2821 1448 2854 Cellarius
1476 2822 1510 2854 in
1535 2821 1632 2853 notit.
1646 2821 1719 2854 orb.

1023 2871 1088 2896 ant.
1115 2865 1156 2896 T.
1174 2866 1199 2897 Ι.
1224 2869 1256 2905 2,
1274 2871 1302 2897 5.
1327 2869 1380 2898 31.
1426 2867 1476 2898 De
1504 2870 1595 2908 parte
1622 2865 1721 2908 hujus

1022 2908 1209 2950 silvae.quae
1218 2915 1269 2941 est
1279 2910 1556 2950 Bacenes‚vid.ad
1566 2911 1659 2950 6,10.
1670 2911 1721 2943 Μ.

1068 2954 1188 2994 Finit-i,
1211 2953 1353 2989 definiri.
1375 2955 1426 2989 M.
