1946 3261
793 202 1218 255 LATINITATIS.

249 319 371 363 Viffl'les
384 328 581 366 cast-rorum,
610 328 837 371 excubitores,
864 336 897 372 8,
912 338 952 366 35

246 365 426 399 Vindia-are
439 369 605 405 (vindicta
633 373 699 413 uti)
723 377 762 405 in
785 377 944 417 aliquem,

286 411 316 448 3,
338 412 389 442 16.
415 412 533 454 Veget.
546 415 586 446 de
602 426 626 447 r.
646 428 694 447 m.
716 420 745 455 1,
765 421 776 448 l

248 452 352 484 Vinea
367 462 499 488 constat
519 457 622 499 lignis
639 461 866 501 tenuioribus,
891 463 956 495 im-

283 497 397 536 posito
429 506 516 532 tecto
539 503 679 543 junctis,
705 507 796 545 quod
825 513 954 538 tectum

284 540 424 581 tabulis,
441 543 630 578 viminibus
643 547 860 591 cratibusque
873 561 953 581 con-

285 584 422 624 texitur,
446 587 509 618 sub
524 599 592 629 quo
608 591 671 621 tuti
692 597 789 631 stant,
804 593 862 634 qui
878 605 954 625 mu-

280 637 354 658 rum
371 629 551 669 subruunt,
583 637 615 671 2,
632 636 685 672 12,
704 637 758 666 30.
788 639 819 675 3,
835 640 888 669 21.
921 639 953 676 7,

281 671 335 700 27.
358 682 425 702 une
453 676 592 713 yalerie.
640 678 789 718 Adparet
818 691 860 712 ex
885 681 953 719 his,

278 723 383 753 quare
395 722 553 749 contexta
565 719 754 754 viminibus
765 723 951 764 dicatur,C.

279 759 310 792 2,
328 761 359 788 2.
387 761 478 800 quod
493 762 535 792 ad
557 763 630 804 ejus
657 769 786 798 tectum
804 768 951 801 referen-

277 800 359 832 dum
387 808 449 842 est,
480 815 684 848 quamquam
714 810 820 843 etiam
846 812 950 845 latera

275 844 466 879 viminibus
495 849 670 883 obstructa
702 860 789 885 sunt.
829 855 949 898 Veget.

277 888 318 919 de
332 900 367 920 re
381 890 455 922 mil.
478 896 508 928 4,
532 895 580 925 15.
602 898 701 928 vinea
717 900 843 939 aqitur,
869 910 947 932 cum

278 930 312 962 in
330 943 451 975 aggere
467 945 684 976 promovetur

239 973 372 1013 Vinum,
388 978 461 1019 ejus
476 979 626 1018 effectus,
645 987 676 1022 2,
697 986 747 1015 15.
776 987 805 1021 4,
824 990 842 1018 2

238 1017 401 1060 P'irqilr'oe,
418 1021 525 1063 sidus,
539 1024 610 1056 alio
625 1028 763 1060 nomine
778 1031 946 1072 Pleiades,

237 1104 397 1146 Virilitas,
413 1115 529 1151 erepta
543 1119 696 1153 exsexto,
712 1117 753 1148 Α.
774 1118 814 1149 70

239 1148 360 1190 Virtus,
376 1151 503 1185 bellica
521 1155 696 1197 fortitudo,
731 1162 757 1198 l,
777 1163 805 1192 1.
838 1165 871 1201 2,
891 1164 941 1196 15.

273 1195 378 1226 virtus·
391 1197 574 1238 elephanti,
599 1201 703 1234 robur
729 1214 771 1235 ex
795 1206 943 1240 dexteri-

271 1243 335 1276 tas,
352 1238 406 1269 Af.
425 1241 464 1271 72

236 1281 292 1313 Vis
306 1280 441 1323 (copia)
455 1296 587 1329 moyna
597 1291 754 1331 pulveris,
773 1293 814 1324 C.
831 1296 865 1331 2,
888 1296 942 1326 26.

271 1325 432 1359 similiter
460 1332 510 1361 vis
533 1343 666 1373 magma
694 1346 805 1378 aquae,
843 1338 884 1369 A.
909 1340 941 1370 9.

274 1371 423 1411 passive,
435 1372 474 1405 C.
496 1377 524 1413 l,
544 1378 604 1408 110

236 1413 362 1445 Vitium
377 1419 525 1456 sentinae,
550 1419 670 1453 vitiosa
685 1423 873 1464 exhalatio,
901 1426 940 1458 C.

274 1459 305 1496 3,
321 1461 376 1490 28.
393 1463 494 1492 turris
500 1462 580 1502 fecit
602 1467 721 1498 titium
738 1468 941 1502 labefactata

273 1506 307 1532 et
321 1513 488 1536 concussa
504 1506 598 1538 hiare
614 1510 733 1550 coepit,
748 1513 794 1543 H.
815 1514 851 1544 19

235 1546 367 1578 Vitrum
386 1549 648 1592 Britannorum,
673 1557 704 1591 5,
727 1557 763 1588 14

236 1589 363 1622 Ultima
379 1595 484 1631 natio,
502 1596 744 1638 remotissima,
762 1603 792 1636 3,
808 1603 849 1632 27

233 1633 336 1672 Unus,
353 1634 387 1666 in
410 1646 481 1669 una
495 1639 605 1679 (sola)
630 1644 760 1682 virtute,
787 1649 818 1684 2,
836 1647 889 1677 33.
908 1648 939 1685 3,

275 1679 324 1709 13.
339 1689 438 1719 unm,
454 1681 605 1722 quidam,
623 1689 654 1723 2,
667 1690 721 1718 25.
749 1692 781 1725 5,
799 1692 852 1721 45.
867 1700 940 1724 una

270 1720 415 1764 (aliqua)
430 1725 540 1764 vallis,
555 1727 596 1758 C.
614 1732 646 1767 2,
664 1732 718 1762 27.
743 1732 778 1765 In
803 1734 935 1775 plurali,

266 1775 339 1797 una
352 1773 474 1805 castra,
497 1770 535 1801 C.
557 1773 586 1809 1,
604 1773 644 1804 ⁷4

1656 225 1736 269 671

1032 338 1197 372 Vocabula
1214 349 1516 383 armamentorum,
1533 350 1682 391 nomina,
1697 353 1738 386 C.

1073 384 1100 420 1,
1119 386 1159 414 58

1030 425 1220 460 Voluntarie'
1233 429 1354 470 (socii)
1369 436 1401 470 5,
1418 435 1460 465 56

1030 468 1205 502 Voluntate
1222 474 1362 514 olimque
1377 478 1511 519 aliquid
1518 479 1641 520 facere,
1672 484 1700 522 1,
1717 484 1736 514 7

1030 511 1109 546 Vox,
1137 514 1179 544 de
1197 514 1324 557 integra
1346 519 1490 553 formula
1513 524 1668 562 solemni,
1696 527 1740 559 C.

1071 555 1098 591 l,
1115 557 1144 586 6.
1161 568 1264 597 voces,
1280 571 1439 599 rumores,
1462 567 1487 601 l,
1507 569 1546 598 39

1029 597 1167 630 Urbana
1183 601 1348 643 diqnitas,
1373 617 1475 647 quam
1491 610 1568 651 quis
1584 611 1686 645 hahet
1699 614 1733 646 in

1066 641 1160 678 urbe,
1187 643 1226 675 C.
1256 648 1287 683 3,
1318 651 1373 680 83.
1417 650 1555 694 Oppon.
1590 656 1734 690 militari

1028 685 1173 718 Urbanae
1189 689 1306 725 litem,
1326 692 1444 724 Romae
1454 697 1579 736 missae,
1595 700 1635 731 A.
1648 702 1690 732 65

1027 729 1125 768 Urm,
1142 731 1204 762 der
1214 734 1311 767 wilde
1327 736 1423 773 Ochs,
1441 739 1499 772 cler
1510 743 1690 783 Auerochs,
1705 746 1736 778 le

1061 773 1162 813 husie,
1179 777 1211 813 6,
1227 779 1270 807 25

1025 816 1121 855 Usus,
1150 820 1385 862 (exercitatio)
1400 826 1436 857 in
1462 831 1590 866 castris,
1619 833 1647 869 1,
1678 835 1732 866 39.

1060 871 1142 892 mous
1155 868 1213 902 est,
1244 875 1332 905 opus
1345 873 1407 906 est,
1424 872 1456 907 4,
1474 874 1506 902 2.
1532 874 1563 911 6,
1582 876 1630 905 15.
1655 881 1735 910 usui

1059 908 1119 942 est,
1136 915 1224 946 opus
1237 914 1298 946 est,
1322 914 1353 945 5,
1370 914 1397 942 1.
1420 924 1501 946 usus
1517 920 1617 956 venit,
1643 917 1731 952 inci-

1059 947 1113 988 pit
1128 959 1218 990 opus
1233 961 1318 989 esse,
1333 955 1362 989 7,
1380 957 1434 987 80.
1452 968 1533 990 usus
1544 962 1650 1000 adest,
1674 973 1732 996 ne-

1059 992 1200 1024 cessitas
1213 993 1346 1033 incidit,
1363 998 1402 1030 C.
1418 1003 1448 1039 3,
1467 1004 1520 1033 84.
1531 1014 1596 1036 usu
1608 1009 1730 1047 venire,

1058 1036 1209 1072 evenire,
1257 1040 1287 1076 7,
1324 1042 1355 1071 8.
1396 1053 1496 1076 usum
1533 1048 1729 1089 (experien-

1057 1079 1158 1119 tiam)
1177 1085 1332 1123 percepit,
1356 1087 1499 1129 adeptus
1529 1096 1592 1129 est,
1621 1094 1651 1130 6,
1675 1097 1729 1128 40.

1055 1123 1094 1154 C.
1113 1126 1145 1161 3,
1160 1126 1201 1155 84

1020 1168 1070 1205 Ut,
1086 1171 1148 1205 uti,
1160 1167 1347 1209 frequenter
1363 1173 1543 1215 omittitur,
1557 1180 1591 1217 4,
1612 1181 1661 1217 16,
1672 1184 1728 1216 21.

1059 1215 1090 1249 5,
1110 1215 1161 1243 58.
1189 1213 1218 1247 7,
1237 1214 1291 1243 63.
1317 1219 1349 1255 8,
1364 1221 1418 1250 20.
1435 1219 1488 1251 Af.
1506 1223 1548 1252 39

1019 1255 1162 1296 Uterque
1196 1258 1332 1297 utrique
1368 1263 1565 1296 insidiatur.
1611 1267 1654 1300 A.
1693 1273 1724 1302 4.

1062 1300 1207 1341 Uterque
1234 1300 1322 1340 plur.
1347 1314 1488 1338 numero
1519 1309 1563 1340 de
1590 1311 1726 1346 duabus

1055 1343 1271 1382 mulieribus,
1288 1352 1442 1391 utroeque
1463 1353 1631 1394 mulieres,
1652 1356 1676 1388 i.
1691 1368 1722 1390 e.

1052 1387 1176 1427 ambae,
1198 1390 1225 1423 l,
1243 1391 1285 1420 53

1017 1431 1069 1462 Uter
1086 1442 1182 1472 pace,
1199 1441 1241 1464 ea
1257 1434 1323 1466 frui
1349 1444 1522 1479 perpetua,
1558 1443 1586 1480 l,
1600 1445 1655 1475 44.
1672 1448 1723 1478 uei

1052 1477 1122 1505 suis
1133 1476 1268 1515 leqibus
1283 1480 1325 1510 de
1340 1490 1394 1519 eo,
1410 1482 1466 1513 cui
1488 1483 1595 1517 victor
1610 1487 1722 1521 nullas

1054 1518 1200 1559 imponit
1217 1522 1322 1563 leges,
1350 1524 1504 1565 αὖτόνομον
1526 1527 1606 1568 εἶναι,
1634 1534 1662 1570 l,
1678 1536 1720 1565 45

1016 1562 1131 1603 l‘ulqo,
1146 1563 1190 1595 ab
1201 1566 1361 1598 omnibus
1377 1574 1410 1600 et
1425 1570 1565 1612 ubique,
1589 1575 1616 1612 l,
1635 1577 1677 1606 39

1014 1606 1145 1639 Fuluus
1174 1610 1309 1650 irffme,
1343 1614 1370 1650 l,
1387 1616 1440 1645 50.
1467 1621 1503 1646 ut
1528 1615 1646 1658 Veget.
1677 1621 1721 1652 de

1052 1660 1094 1726 nle-
1125 1651 1198 1699 mil.
1242 1657 1270 1694 l,
1301 1657 1350 1688 16.
1380 1658 1501 1691 vulnus
1541 1659 1722 1704 importare

1050 1703 1070 1725 a
1087 1704 1167 1728 icui.
