<?xml version="1.0" encoding="UTF-8"?>
<!DOCTYPE html PUBLIC "-//W3C//DTD XHTML 1.0 Transitional//EN"
    "http://www.w3.org/TR/xhtml1/DTD/xhtml1-transitional.dtd">
<html xmlns="http://www.w3.org/1999/xhtml" xml:lang="en" lang="en">
 <head>
  <title>
</title>
<meta http-equiv="Content-Type" content="text/html;charset=utf-8" />
  <meta name='ocr-system' content='tesseract 3.04.00' />
  <meta name='ocr-capabilities' content='ocr_page ocr_carea ocr_par ocr_line ocrx_word'/>
</head>
<body>
  <div class='ocr_page' id='page_1' title='image "./commentariidebel00caesuoft_0398.png"; bbox 0 0 1946 3261; ppageno 0'>
   <div class='ocr_carea' id='block_1_1' title="bbox 197 177 1233 240">
    <p class='ocr_par' dir='ltr' id='par_1_1' title="bbox 197 177 1233 240">
     <span class='ocr_line' id='line_1_1' title="bbox 197 177 1233 240; baseline -0.008 0"><span class='ocrx_word' id='word_1_1' title='bbox 197 195 282 240; x_wconf 80' lang='lat'>358</span> <span class='ocrx_word' id='word_1_2' title='bbox 608 177 610 180; x_wconf 76' lang='grc'>’</span> <span class='ocrx_word' id='word_1_3' title='bbox 664 192 748 235; x_wconf 86' lang='lat' dir='ltr'>DE</span> <span class='ocrx_word' id='word_1_4' title='bbox 783 190 985 233; x_wconf 81' lang='lat' dir='ltr'>BELLo</span> <span class='ocrx_word' id='word_1_5' title='bbox 1021 190 1233 233; x_wconf 76' lang='lat' dir='ltr'>clvlm.</span> 
     </span>
    </p>
   </div>
   <div class='ocr_carea' id='block_1_2' title="bbox 190 315 1686 2026">
    <p class='ocr_par' dir='ltr' id='par_1_2' title="bbox 190 315 1683 1071">
     <span class='ocr_line' id='line_1_2' title="bbox 190 315 1677 374; baseline -0.004 -8"><span class='ocrx_word' id='word_1_6' title='bbox 190 322 418 366; x_wconf 81' lang='lat' dir='ltr'>licebatur.</span> <span class='ocrx_word' id='word_1_7' title='bbox 482 318 570 361; x_wconf 83' lang='lat' dir='ltr'>Sed</span> <span class='ocrx_word' id='word_1_8' title='bbox 591 317 723 360; x_wconf 83' lang='lat' dir='ltr'>fiebat</span> <span class='ocrx_word' id='word_1_9' title='bbox 759 316 964 374; x_wconf 75' lang='lat' dir='ltr'>aequitate</span> <span class='ocrx_word' id='word_1_10' title='bbox 1001 315 1167 359; x_wconf 82' lang='lat' dir='ltr'>decreti</span> <span class='ocrx_word' id='word_1_11' title='bbox 1202 324 1248 359; x_wconf 88' lang='lat' dir='ltr'>et</span> <span class='ocrx_word' id='word_1_12' title='bbox 1273 316 1540 360; x_wconf 82' lang='lat' dir='ltr'>humanitate</span> <span class='ocrx_word' id='word_1_13' title='bbox 1571 317 1677 360; x_wconf 89' lang='lat' dir='ltr'>Tre·</span> 
     </span>
     <span class='ocr_line' id='line_1_3' title="bbox 193 375 1677 435; baseline -0.002 -12"><span class='ocrx_word' id='word_1_14' title='bbox 193 380 328 429; x_wconf 90' lang='lat' dir='ltr'>bonii,</span> <span class='ocrx_word' id='word_1_15' title='bbox 340 378 416 435; x_wconf 88' lang='lat' dir='ltr'>qui</span> <span class='ocrx_word' id='word_1_16' title='bbox 436 376 500 419; x_wconf 87' lang='lat' dir='ltr'>his</span> <span class='ocrx_word' id='word_1_17' title='bbox 520 377 789 434; x_wconf 82' lang='lat' dir='ltr'>temporibus</span> <span class='ocrx_word' id='word_1_18' title='bbox 806 375 1041 419; x_wconf 87' lang='lat' dir='ltr'>clementer</span> <span class='ocrx_word' id='word_1_19' title='bbox 1059 384 1103 418; x_wconf 88' lang='lat' dir='ltr'>et</span> <span class='ocrx_word' id='word_1_20' title='bbox 1122 375 1344 418; x_wconf 87' lang='lat' dir='ltr'>moderate</span> <span class='ocrx_word' id='word_1_21' title='bbox 1361 376 1428 433; x_wconf 79' lang='lat' dir='ltr'>jus</span> <span class='ocrx_word' id='word_1_22' title='bbox 1448 376 1677 421; x_wconf 84' lang='lat' dir='ltr'>dicendum</span> 
     </span>
     <span class='ocr_line' id='line_1_4' title="bbox 190 434 1678 494; baseline -0.003 -12"><span class='ocrx_word' id='word_1_23' title='bbox 190 437 477 485; x_wconf 82' lang='lat' dir='ltr'>existimabat,</span> <span class='ocrx_word' id='word_1_24' title='bbox 511 443 561 478; x_wconf 89' lang='lat' dir='ltr'>ut</span> <span class='ocrx_word' id='word_1_25' title='bbox 581 435 765 494; x_wconf 85' lang='lat' dir='ltr'>reperiri</span> <span class='ocrx_word' id='word_1_26' title='bbox 786 450 870 477; x_wconf 89' lang='lat' dir='ltr'>non</span> <span class='ocrx_word' id='word_1_27' title='bbox 891 443 1080 492; x_wconf 83' lang='lat' dir='ltr'>possent,</span> <span class='ocrx_word' id='word_1_28' title='bbox 1112 451 1138 477; x_wconf 87' lang='lat' dir='ltr'>a</span> <span class='ocrx_word' id='word_1_29' title='bbox 1159 435 1318 492; x_wconf 89' lang='lat' dir='ltr'>quibus</span> <span class='ocrx_word' id='word_1_30' title='bbox 1339 434 1511 477; x_wconf 88' lang='lat' dir='ltr'>initium</span> <span class='ocrx_word' id='word_1_31' title='bbox 1527 434 1678 492; x_wconf 85' lang='lat' dir='ltr'>adpel-</span> 
     </span>
     <span class='ocr_line' id='line_1_5' title="bbox 192 493 1679 553; baseline -0.004 -12"><span class='ocrx_word' id='word_1_32' title='bbox 192 495 309 541; x_wconf 86' lang='lat' dir='ltr'>landi</span> <span class='ocrx_word' id='word_1_33' title='bbox 331 502 596 537; x_wconf 88' lang='lat' dir='ltr'>nasceretur.</span> <span class='ocrx_word' id='word_1_34' title='bbox 660 495 778 538; x_wconf 84' lang='lat' dir='ltr'>Nam</span> <span class='ocrx_word' id='word_1_35' title='bbox 809 494 989 537; x_wconf 83' lang='lat' dir='ltr'>fortasse</span> <span class='ocrx_word' id='word_1_36' title='bbox 1010 493 1199 553; x_wconf 88' lang='lat' dir='ltr'>inopiam</span> <span class='ocrx_word' id='word_1_37' title='bbox 1220 509 1425 536; x_wconf 84' lang='lat' dir='ltr'>excusare</span> <span class='ocrx_word' id='word_1_38' title='bbox 1446 501 1491 535; x_wconf 91' lang='lat' dir='ltr'>et</span> <span class='ocrx_word' id='word_1_39' title='bbox 1508 493 1679 537; x_wconf 84' lang='lat' dir='ltr'>calami—</span> 
     </span>
     <span class='ocr_line' id='line_1_6' title="bbox 190 552 1681 612; baseline -0.003 -14"><span class='ocrx_word' id='word_1_40' title='bbox 190 563 328 599; x_wconf 83' lang='lat' dir='ltr'><strong>tatem</strong></span> <span class='ocrx_word' id='word_1_41' title='bbox 348 561 427 596; x_wconf 82' lang='lat' dir='ltr'>aut</span> <span class='ocrx_word' id='word_1_42' title='bbox 448 553 671 612; x_wconf 83' lang='lat' dir='ltr'>propriam</span> <span class='ocrx_word' id='word_1_43' title='bbox 690 569 810 595; x_wconf 88' lang='lat' dir='ltr'>suam</span> <span class='ocrx_word' id='word_1_44' title='bbox 829 561 905 594; x_wconf 90' lang='lat' dir='ltr'>aut</span> <span class='ocrx_word' id='word_1_45' title='bbox 923 560 1170 610; x_wconf 84' lang='lat' dir='ltr'>temporum</span> <span class='ocrx_word' id='word_1_46' title='bbox 1192 552 1318 610; x_wconf 88' lang='lat' dir='ltr'>queri</span> <span class='ocrx_word' id='word_1_47' title='bbox 1339 561 1384 595; x_wconf 90' lang='lat' dir='ltr'>et</span> <span class='ocrx_word' id='word_1_48' title='bbox 1399 552 1681 596; x_wconf 87' lang='lat' dir='ltr'>difficultates</span> 
     </span>
     <span class='ocr_line' id='line_1_7' title="bbox 194 610 1682 672; baseline -0.002 -16"><span class='ocrx_word' id='word_1_49' title='bbox 194 613 470 657; x_wconf 83' lang='lat' dir='ltr'>auctionandi</span> <span class='ocrx_word' id='word_1_50' title='bbox 492 628 753 672; x_wconf 82' lang='lat' dir='ltr'>proponere,</span> <span class='ocrx_word' id='word_1_51' title='bbox 787 612 916 654; x_wconf 83' lang='lat' dir='ltr'>etiam</span> <span class='ocrx_word' id='word_1_52' title='bbox 945 611 1168 654; x_wconf 87' lang='lat' dir='ltr'>mediocris</span> <span class='ocrx_word' id='word_1_53' title='bbox 1200 620 1263 654; x_wconf 89' lang='lat' dir='ltr'>est</span> <span class='ocrx_word' id='word_1_54' title='bbox 1297 611 1456 660; x_wconf 87' lang='lat' dir='ltr'>animi;</span> <span class='ocrx_word' id='word_1_55' title='bbox 1487 610 1682 669; x_wconf 86' lang='lat' dir='ltr'>integras</span> 
     </span>
     <span class='ocr_line' id='line_1_8' title="bbox 195 669 1681 730; baseline -0.002 -15"><span class='ocrx_word' id='word_1_56' title='bbox 195 688 302 716; x_wconf 90' lang='lat' dir='ltr'>vero</span> <span class='ocrx_word' id='word_1_57' title='bbox 320 680 467 714; x_wconf 85' lang='lat' dir='ltr'>tenere</span> <span class='ocrx_word' id='word_1_58' title='bbox 487 672 781 730; x_wconf 79' lang='lat' dir='ltr'>possessioneS,</span> <span class='ocrx_word' id='word_1_59' title='bbox 801 670 875 727; x_wconf 93' lang='lat' dir='ltr'>qui</span> <span class='ocrx_word' id='word_1_60' title='bbox 893 687 934 712; x_wconf 90' lang='lat' dir='ltr'>se</span> <span class='ocrx_word' id='word_1_61' title='bbox 955 671 1115 714; x_wconf 89' lang='lat' dir='ltr'>debere</span> <span class='ocrx_word' id='word_1_62' title='bbox 1137 670 1372 720; x_wconf 81' lang='lat' dir='ltr'>fateantur,</span> <span class='ocrx_word' id='word_1_63' title='bbox 1395 670 1518 729; x_wconf 84' lang='lat' dir='ltr'>cujus</span> <span class='ocrx_word' id='word_1_64' title='bbox 1536 669 1681 719; x_wconf 89' lang='lat' dir='ltr'>animi,</span> 
     </span>
     <span class='ocr_line' id='line_1_9' title="bbox 193 728 1681 789; baseline -0.003 -14"><span class='ocrx_word' id='word_1_65' title='bbox 193 739 272 775; x_wconf 89' lang='lat' dir='ltr'>aut</span> <span class='ocrx_word' id='word_1_66' title='bbox 287 731 410 789; x_wconf 85' lang='lat' dir='ltr'>cujus</span> <span class='ocrx_word' id='word_1_67' title='bbox 434 730 712 789; x_wconf 74' lang='lat' dir='ltr'>impudentiae</span> <span class='ocrx_word' id='word_1_68' title='bbox 730 734 824 772; x_wconf 79' lang='lat' dir='ltr'>est?</span> <span class='ocrx_word' id='word_1_69' title='bbox 887 728 1060 787; x_wconf 89' lang='lat' dir='ltr'>Itaque,</span> <span class='ocrx_word' id='word_1_70' title='bbox 1084 729 1165 772; x_wconf 91' lang='lat' dir='ltr'>hoc</span> <span class='ocrx_word' id='word_1_71' title='bbox 1183 729 1258 787; x_wconf 91' lang='lat' dir='ltr'>qui</span> <span class='ocrx_word' id='word_1_72' title='bbox 1280 730 1539 787; x_wconf 85' lang='lat' dir='ltr'>postularet,</span> <span class='ocrx_word' id='word_1_73' title='bbox 1558 744 1681 786; x_wconf 84' lang='lat' dir='ltr'>repe-</span> 
     </span>
     <span class='ocr_line' id='line_1_10' title="bbox 197 787 1683 847; baseline -0.002 -14"><span class='ocrx_word' id='word_1_74' title='bbox 197 789 395 834; x_wconf 87' lang='lat' dir='ltr'>riebatur</span> <span class='ocrx_word' id='word_1_75' title='bbox 414 805 554 833; x_wconf 90' lang='lat' dir='ltr'>nemo.</span> <span class='ocrx_word' id='word_1_76' title='bbox 618 790 768 847; x_wconf 86' lang='lat' dir='ltr'>Atque</span> <span class='ocrx_word' id='word_1_77' title='bbox 789 789 906 847; x_wconf 88' lang='lat' dir='ltr'>ipsis,</span> <span class='ocrx_word' id='word_1_78' title='bbox 942 789 998 831; x_wconf 86' lang='lat' dir='ltr'>ad</span> <span class='ocrx_word' id='word_1_79' title='bbox 1035 805 1224 846; x_wconf 89' lang='lat' dir='ltr'>quorum</span> <span class='ocrx_word' id='word_1_80' title='bbox 1259 789 1529 831; x_wconf 88' lang='lat' dir='ltr'>commodum</span> <span class='ocrx_word' id='word_1_81' title='bbox 1550 787 1683 845; x_wconf 88' lang='lat' dir='ltr'>perti-</span> 
     </span>
     <span class='ocr_line' id='line_1_11' title="bbox 195 846 1680 905; baseline -0.003 -13"><span class='ocrx_word' id='word_1_82' title='bbox 195 849 343 899; x_wconf 90' lang='lat' dir='ltr'>nebat,</span> <span class='ocrx_word' id='word_1_83' title='bbox 364 849 519 892; x_wconf 82' lang='lat' dir='ltr'>durior</span> <span class='ocrx_word' id='word_1_84' title='bbox 539 849 737 891; x_wconf 89' lang='lat' dir='ltr'>inventus</span> <span class='ocrx_word' id='word_1_85' title='bbox 758 857 823 890; x_wconf 87' lang='lat' dir='ltr'>est</span> <span class='ocrx_word' id='word_1_86' title='bbox 848 848 1013 891; x_wconf 83' lang='lat' dir='ltr'>Coelius</span> <span class='ocrx_word' id='word_1_87' title='bbox 1035 856 1096 898; x_wconf 88' lang='lat' dir='ltr'>et,</span> <span class='ocrx_word' id='word_1_88' title='bbox 1115 848 1172 890; x_wconf 89' lang='lat' dir='ltr'>ab</span> <span class='ocrx_word' id='word_1_89' title='bbox 1195 847 1275 890; x_wconf 94' lang='lat' dir='ltr'>hoc</span> <span class='ocrx_word' id='word_1_90' title='bbox 1299 847 1520 905; x_wconf 86' lang='lat' dir='ltr'>profectus</span> <span class='ocrx_word' id='word_1_91' title='bbox 1537 846 1680 896; x_wconf 88' lang='lat' dir='ltr'>initio,</span> 
     </span>
     <span class='ocr_line' id='line_1_12' title="bbox 192 905 1681 967; baseline -0.002 -16"><span class='ocrx_word' id='word_1_92' title='bbox 192 925 248 952; x_wconf 88' lang='lat' dir='ltr'>ne</span> <span class='ocrx_word' id='word_1_93' title='bbox 265 908 432 951; x_wconf 81' lang='lat' dir='ltr'>frustra</span> <span class='ocrx_word' id='word_1_94' title='bbox 464 908 677 967; x_wconf 84' lang='lat' dir='ltr'>ingressus</span> <span class='ocrx_word' id='word_1_95' title='bbox 715 915 891 964; x_wconf 85' lang='lat' dir='ltr'>turpem</span> <span class='ocrx_word' id='word_1_96' title='bbox 928 923 1118 952; x_wconf 87' lang='lat' dir='ltr'>caussam</span> <span class='ocrx_word' id='word_1_97' title='bbox 1139 905 1380 956; x_wconf 85' lang='lat' dir='ltr'>videretur,</span> <span class='ocrx_word' id='word_1_98' title='bbox 1418 907 1559 965; x_wconf 88' lang='lat' dir='ltr'>legem</span> <span class='ocrx_word' id='word_1_99' title='bbox 1580 921 1681 964; x_wconf 86' lang='lat' dir='ltr'>pro-</span> 
     </span>
     <span class='ocr_line' id='line_1_13' title="bbox 194 964 1680 1026; baseline -0.002 -15"><span class='ocrx_word' id='word_1_100' title='bbox 194 966 426 1026; x_wconf 88' lang='lat' dir='ltr'>mulgavit,</span> <span class='ocrx_word' id='word_1_101' title='bbox 463 976 515 1011; x_wconf 90' lang='lat' dir='ltr'>ut</span> <span class='ocrx_word' id='word_1_102' title='bbox 549 966 684 1010; x_wconf 84' lang='lat' dir='ltr'>sexies</span> <span class='ocrx_word' id='word_1_103' title='bbox 725 966 812 1009; x_wconf 85' lang='lat' dir='ltr'>seni</span> <span class='ocrx_word' id='word_1_104' title='bbox 850 966 941 1009; x_wconf 91' lang='lat' dir='ltr'>dies</span> <span class='ocrx_word' id='word_1_105' title='bbox 976 968 1064 1011; x_wconf 88' lang='lat' dir='ltr'>sine</span> <span class='ocrx_word' id='word_1_106' title='bbox 1101 964 1242 1009; x_wconf 88' lang='lat' dir='ltr'>usuris</span> <span class='ocrx_word' id='word_1_107' title='bbox 1273 964 1450 1009; x_wconf 88' lang='lat' dir='ltr'>creditae</span> <span class='ocrx_word' id='word_1_108' title='bbox 1483 964 1680 1024; x_wconf 81' lang='lat' dir='ltr'>pecuniae</span> 
     </span>
     <span class='ocr_line' id='line_1_14' title="bbox 194 1026 435 1071; baseline -0.012 0"><span class='ocrx_word' id='word_1_109' title='bbox 194 1026 435 1071; x_wconf 85' lang='lat' dir='ltr'>solvantur.</span> 
     </span>
    </p>

    <p class='ocr_par' dir='ltr' id='par_1_3' title="bbox 193 1083 1686 2026">
     <span class='ocr_line' id='line_1_15' title="bbox 251 1083 1682 1142; baseline -0.001 -14"><span class='ocrx_word' id='word_1_110' title='bbox 251 1085 325 1128; x_wconf 81' lang='lat'>21.</span> <span class='ocrx_word' id='word_1_111' title='bbox 360 1085 510 1135; x_wconf 80' lang='lat' dir='ltr'>Quum</span> <span class='ocrx_word' id='word_1_112' title='bbox 546 1084 766 1127; x_wconf 87' lang='lat' dir='ltr'>resisteret</span> <span class='ocrx_word' id='word_1_113' title='bbox 799 1083 1010 1127; x_wconf 85' lang='lat' dir='ltr'>Servilius</span> <span class='ocrx_word' id='word_1_114' title='bbox 1041 1084 1208 1127; x_wconf 89' lang='lat' dir='ltr'>Consul</span> <span class='ocrx_word' id='word_1_115' title='bbox 1242 1083 1490 1142; x_wconf 87' lang='lat' dir='ltr'>reliquique</span> <span class='ocrx_word' id='word_1_116' title='bbox 1521 1083 1682 1142; x_wconf 88' lang='lat' dir='ltr'>Magis-</span> 
     </span>
     <span class='ocr_line' id='line_1_16' title="bbox 193 1142 1683 1202; baseline -0.003 -14"><span class='ocrx_word' id='word_1_117' title='bbox 193 1152 352 1194; x_wconf 86' lang='lat' dir='ltr'>tratus,</span> <span class='ocrx_word' id='word_1_118' title='bbox 390 1153 436 1187; x_wconf 83' lang='lat' dir='ltr'>et</span> <span class='ocrx_word' id='word_1_119' title='bbox 467 1142 606 1186; x_wconf 88' lang='lat' dir='ltr'>minus</span> <span class='ocrx_word' id='word_1_120' title='bbox 635 1143 836 1202; x_wconf 88' lang='lat' dir='ltr'>opinione</span> <span class='ocrx_word' id='word_1_121' title='bbox 869 1160 944 1186; x_wconf 88' lang='lat' dir='ltr'>sua</span> <span class='ocrx_word' id='word_1_122' title='bbox 976 1143 1189 1186; x_wconf 86' lang='lat' dir='ltr'>efficeret:</span> <span class='ocrx_word' id='word_1_123' title='bbox 1231 1143 1285 1186; x_wconf 87' lang='lat' dir='ltr'>ad</span> <span class='ocrx_word' id='word_1_124' title='bbox 1318 1142 1540 1186; x_wconf 90' lang='lat' dir='ltr'>hominum</span> <span class='ocrx_word' id='word_1_125' title='bbox 1569 1142 1683 1185; x_wconf 86' lang='lat' dir='ltr'>exci-</span> 
     </span>
     <span class='ocr_line' id='line_1_17' title="bbox 196 1201 1681 1260; baseline -0.001 -14"><span class='ocrx_word' id='word_1_126' title='bbox 196 1204 329 1247; x_wconf 90' lang='lat' dir='ltr'>tanda</span> <span class='ocrx_word' id='word_1_127' title='bbox 348 1202 508 1251; x_wconf 88' lang='lat' dir='ltr'>studia,</span> <span class='ocrx_word' id='word_1_128' title='bbox 536 1202 707 1245; x_wconf 80' lang='lat' dir='ltr'>sublata</span> <span class='ocrx_word' id='word_1_129' title='bbox 729 1202 875 1260; x_wconf 89' lang='lat' dir='ltr'>priore</span> <span class='ocrx_word' id='word_1_130' title='bbox 898 1203 1011 1260; x_wconf 87' lang='lat' dir='ltr'>lege,</span> <span class='ocrx_word' id='word_1_131' title='bbox 1044 1202 1152 1245; x_wconf 85' lang='lat' dir='ltr'>duas</span> <span class='ocrx_word' id='word_1_132' title='bbox 1174 1201 1474 1260; x_wconf 81' lang='lat' dir='ltr'>promulgavit</span> <span class='ocrx_word' id='word_1_133' title='bbox 1493 1217 1504 1249; x_wconf 85' lang='grc'><strong>;</strong></span> <span class='ocrx_word' id='word_1_134' title='bbox 1535 1216 1681 1251; x_wconf 90' lang='lat' dir='ltr'>unam,</span> 
     </span>
     <span class='ocr_line' id='line_1_18' title="bbox 195 1260 1682 1320; baseline -0.001 -16"><span class='ocrx_word' id='word_1_135' title='bbox 195 1278 283 1320; x_wconf 87' lang='lat' dir='ltr'>qua</span> <span class='ocrx_word' id='word_1_136' title='bbox 314 1261 528 1305; x_wconf 83' lang='lat' dir='ltr'>mercedes</span> <span class='ocrx_word' id='word_1_137' title='bbox 558 1260 876 1304; x_wconf 82' lang='lat' dir='ltr'>habitationum</span> <span class='ocrx_word' id='word_1_138' title='bbox 913 1277 1074 1304; x_wconf 86' lang='lat' dir='ltr'>annuas</span> <span class='ocrx_word' id='word_1_139' title='bbox 1102 1261 1440 1303; x_wconf 86' lang='lat' dir='ltr'>conductoribus</span> <span class='ocrx_word' id='word_1_140' title='bbox 1480 1260 1682 1310; x_wconf 87' lang='lat' dir='ltr'>donavit;</span> 
     </span>
     <span class='ocr_line' id='line_1_19' title="bbox 194 1317 1682 1377; baseline -0.003 -13"><span class='ocrx_word' id='word_1_141' title='bbox 194 1322 379 1364; x_wconf 87' lang='lat' dir='ltr'>alteram</span> <span class='ocrx_word' id='word_1_142' title='bbox 407 1320 656 1363; x_wconf 88' lang='lat' dir='ltr'>tabularum</span> <span class='ocrx_word' id='word_1_143' title='bbox 692 1335 933 1367; x_wconf 87' lang='lat' dir='ltr'>novarum;</span> <span class='ocrx_word' id='word_1_144' title='bbox 974 1320 1214 1377; x_wconf 88' lang='lat' dir='ltr'>inpetuque</span> <span class='ocrx_word' id='word_1_145' title='bbox 1246 1317 1536 1361; x_wconf 87' lang='lat' dir='ltr'>multitudinis</span> <span class='ocrx_word' id='word_1_146' title='bbox 1562 1318 1605 1360; x_wconf 88' lang='lat' dir='ltr'>iu</span> <span class='ocrx_word' id='word_1_147' title='bbox 1630 1320 1682 1362; x_wconf 89' lang='lat' dir='ltr'>C.</span> 
     </span>
     <span class='ocr_line' id='line_1_20' title="bbox 197 1377 1686 1428; baseline -0.001 -6"><span class='ocrx_word' id='word_1_148' title='bbox 197 1379 467 1423; x_wconf 91' lang='lat' dir='ltr'>Trebonium</span> <span class='ocrx_word' id='word_1_149' title='bbox 496 1379 629 1428; x_wconf 81' lang='lat' dir='ltr'>facto,</span> <span class='ocrx_word' id='word_1_150' title='bbox 661 1387 708 1421; x_wconf 90' lang='lat' dir='ltr'>et</span> <span class='ocrx_word' id='word_1_151' title='bbox 744 1378 963 1421; x_wconf 87' lang='lat' dir='ltr'>nonnullis</span> <span class='ocrx_word' id='word_1_152' title='bbox 988 1378 1240 1427; x_wconf 84' lang='lat' dir='ltr'>vulneratis,</span> <span class='ocrx_word' id='word_1_153' title='bbox 1270 1394 1368 1420; x_wconf 86' lang='lat' dir='ltr'>eum</span> <span class='ocrx_word' id='word_1_154' title='bbox 1396 1377 1451 1420; x_wconf 90' lang='lat' dir='ltr'>de</span> <span class='ocrx_word' id='word_1_155' title='bbox 1474 1377 1686 1421; x_wconf 88' lang='lat' dir='ltr'>tribunali</span> 
     </span>
     <span class='ocr_line' id='line_1_21' title="bbox 196 1437 1683 1494; baseline -0.002 -12"><span class='ocrx_word' id='word_1_156' title='bbox 196 1438 468 1482; x_wconf 87' lang='lat' dir='ltr'>deturbavit.</span> <span class='ocrx_word' id='word_1_157' title='bbox 533 1437 602 1480; x_wconf 93' lang='lat' dir='ltr'>De</span> <span class='ocrx_word' id='word_1_158' title='bbox 624 1437 784 1494; x_wconf 88' lang='lat' dir='ltr'>quibus</span> <span class='ocrx_word' id='word_1_159' title='bbox 807 1438 937 1480; x_wconf 88' lang='lat' dir='ltr'>rebus</span> <span class='ocrx_word' id='word_1_160' title='bbox 961 1437 1173 1479; x_wconf 81' lang='lat' dir='ltr'>Servilius</span> <span class='ocrx_word' id='word_1_161' title='bbox 1197 1437 1359 1479; x_wconf 82' lang='lat' dir='ltr'>Consul</span> <span class='ocrx_word' id='word_1_162' title='bbox 1387 1437 1440 1479; x_wconf 85' lang='lat' dir='ltr'>ad</span> <span class='ocrx_word' id='word_1_163' title='bbox 1475 1437 1683 1480; x_wconf 86' lang='lat' dir='ltr'>Senatum</span> 
     </span>
     <span class='ocr_line' id='line_1_22' title="bbox 198 1495 1685 1554; baseline -0.001 -14"><span class='ocrx_word' id='word_1_164' title='bbox 198 1496 366 1547; x_wconf 83' lang='lat' dir='ltr'>retulit,</span> <span class='ocrx_word' id='word_1_165' title='bbox 391 1497 665 1553; x_wconf 82' lang='lat' dir='ltr'>Senatusque</span> <span class='ocrx_word' id='word_1_166' title='bbox 684 1496 875 1538; x_wconf 88' lang='lat' dir='ltr'>Coelium</span> <span class='ocrx_word' id='word_1_167' title='bbox 899 1496 956 1538; x_wconf 86' lang='lat' dir='ltr'>ab</span> <span class='ocrx_word' id='word_1_168' title='bbox 985 1495 1234 1554; x_wconf 84' lang='lat' dir='ltr'>Republica</span> <span class='ocrx_word' id='word_1_169' title='bbox 1253 1495 1561 1538; x_wconf 85' lang='lat' dir='ltr'>removendum</span> <span class='ocrx_word' id='word_1_170' title='bbox 1588 1512 1685 1539; x_wconf 91' lang='lat' dir='ltr'>cen—</span> 
     </span>
     <span class='ocr_line' id='line_1_23' title="bbox 195 1553 1685 1612; baseline 0.001 -14"><span class='ocrx_word' id='word_1_171' title='bbox 195 1556 296 1598; x_wconf 83' lang='lat' dir='ltr'>suit.</span> <span class='ocrx_word' id='word_1_172' title='bbox 361 1554 461 1598; x_wconf 92' lang='lat' dir='ltr'>Hoc</span> <span class='ocrx_word' id='word_1_173' title='bbox 491 1554 667 1598; x_wconf 85' lang='lat' dir='ltr'>decreto</span> <span class='ocrx_word' id='word_1_174' title='bbox 701 1571 800 1596; x_wconf 90' lang='lat' dir='ltr'>eum</span> <span class='ocrx_word' id='word_1_175' title='bbox 828 1555 993 1597; x_wconf 92' lang='lat' dir='ltr'>Consul</span> <span class='ocrx_word' id='word_1_176' title='bbox 1021 1556 1181 1597; x_wconf 86' lang='lat' dir='ltr'>Senatu</span> <span class='ocrx_word' id='word_1_177' title='bbox 1205 1553 1430 1612; x_wconf 86' lang='lat' dir='ltr'>prohibuit</span> <span class='ocrx_word' id='word_1_178' title='bbox 1451 1563 1497 1597; x_wconf 90' lang='lat' dir='ltr'>et</span> <span class='ocrx_word' id='word_1_179' title='bbox 1517 1554 1685 1600; x_wconf 89' lang='lat' dir='ltr'>concio-</span> 
     </span>
     <span class='ocr_line' id='line_1_24' title="bbox 196 1612 1684 1671; baseline -0.001 -14"><span class='ocrx_word' id='word_1_180' title='bbox 196 1614 292 1657; x_wconf 87' lang='lat' dir='ltr'>nari</span> <span class='ocrx_word' id='word_1_181' title='bbox 313 1623 539 1657; x_wconf 88' lang='lat' dir='ltr'>conantem</span> <span class='ocrx_word' id='word_1_182' title='bbox 560 1612 616 1654; x_wconf 89' lang='lat' dir='ltr'>de</span> <span class='ocrx_word' id='word_1_183' title='bbox 636 1614 784 1655; x_wconf 82' lang='lat' dir='ltr'>rostris</span> <span class='ocrx_word' id='word_1_184' title='bbox 805 1613 1002 1656; x_wconf 82' lang='lat' dir='ltr'>deduxit.</span> <span class='ocrx_word' id='word_1_185' title='bbox 1067 1613 1164 1662; x_wconf 83' lang='lat' dir='ltr'>Ille,</span> <span class='ocrx_word' id='word_1_186' title='bbox 1196 1613 1431 1671; x_wconf 80' lang='lat' dir='ltr'>ignominia</span> <span class='ocrx_word' id='word_1_187' title='bbox 1454 1621 1498 1655; x_wconf 90' lang='lat' dir='ltr'>et</span> <span class='ocrx_word' id='word_1_188' title='bbox 1531 1613 1684 1657; x_wconf 89' lang='lat' dir='ltr'>dolore</span> 
     </span>
     <span class='ocr_line' id='line_1_25' title="bbox 199 1671 1682 1732; baseline -0.002 -15"><span class='ocrx_word' id='word_1_189' title='bbox 199 1680 438 1732; x_wconf 81' lang='lat' dir='ltr'>permotus,</span> <span class='ocrx_word' id='word_1_190' title='bbox 460 1671 601 1729; x_wconf 87' lang='lat' dir='ltr'>palam</span> <span class='ocrx_word' id='word_1_191' title='bbox 624 1687 665 1713; x_wconf 88' lang='lat' dir='ltr'>se</span> <span class='ocrx_word' id='word_1_192' title='bbox 694 1671 905 1730; x_wconf 87' lang='lat' dir='ltr'>proficisci</span> <span class='ocrx_word' id='word_1_193' title='bbox 935 1672 991 1713; x_wconf 88' lang='lat' dir='ltr'>ad</span> <span class='ocrx_word' id='word_1_194' title='bbox 1025 1672 1237 1714; x_wconf 78' lang='lat' dir='ltr'>Caesarem</span> <span class='ocrx_word' id='word_1_195' title='bbox 1273 1672 1518 1720; x_wconf 87' lang='lat' dir='ltr'>simulavit;</span> <span class='ocrx_word' id='word_1_196' title='bbox 1556 1672 1682 1723; x_wconf 88' lang='lat' dir='ltr'>clam,</span> 
     </span>
     <span class='ocr_line' id='line_1_26' title="bbox 196 1730 1685 1788; baseline 0 -13"><span class='ocrx_word' id='word_1_197' title='bbox 196 1730 362 1775; x_wconf 90' lang='lat' dir='ltr'>nunciis</span> <span class='ocrx_word' id='word_1_198' title='bbox 379 1731 433 1773; x_wconf 88' lang='lat' dir='ltr'>ad</span> <span class='ocrx_word' id='word_1_199' title='bbox 458 1730 669 1772; x_wconf 90' lang='lat' dir='ltr'>Milonem</span> <span class='ocrx_word' id='word_1_200' title='bbox 686 1730 835 1779; x_wconf 76' lang='lat' dir='ltr'>missis,</span> <span class='ocrx_word' id='word_1_201' title='bbox 855 1731 966 1788; x_wconf 86' lang='lat' dir='ltr'>(qui,</span> <span class='ocrx_word' id='word_1_202' title='bbox 991 1731 1149 1773; x_wconf 89' lang='lat' dir='ltr'>Clodio</span> <span class='ocrx_word' id='word_1_203' title='bbox 1170 1731 1418 1780; x_wconf 86' lang='lat' dir='ltr'>interfecto,</span> <span class='ocrx_word' id='word_1_204' title='bbox 1442 1747 1493 1773; x_wconf 90' lang='lat' dir='ltr'>eo</span> <span class='ocrx_word' id='word_1_205' title='bbox 1515 1731 1685 1775; x_wconf 87' lang='lat' dir='ltr'>nomine</span> 
     </span>
     <span class='ocr_line' id='line_1_27' title="bbox 199 1789 1685 1848; baseline -0.001 -15"><span class='ocrx_word' id='word_1_206' title='bbox 199 1799 295 1833; x_wconf 87' lang='lat' dir='ltr'>erat</span> <span class='ocrx_word' id='word_1_207' title='bbox 322 1790 588 1845; x_wconf 86' lang='lat' dir='ltr'>damnatus‚)</span> <span class='ocrx_word' id='word_1_208' title='bbox 618 1798 749 1845; x_wconf 90' lang='lat' dir='ltr'>atque</span> <span class='ocrx_word' id='word_1_209' title='bbox 781 1805 830 1831; x_wconf 83' lang='lat' dir='ltr'>eo</span> <span class='ocrx_word' id='word_1_210' title='bbox 860 1791 901 1831; x_wconf 89' lang='lat' dir='ltr'>in</span> <span class='ocrx_word' id='word_1_211' title='bbox 927 1789 1098 1831; x_wconf 85' lang='lat' dir='ltr'>Italiam</span> <span class='ocrx_word' id='word_1_212' title='bbox 1127 1798 1323 1837; x_wconf 82' lang='lat' dir='ltr'>evocato,</span> <span class='ocrx_word' id='word_1_213' title='bbox 1348 1789 1485 1845; x_wconf 90' lang='lat' dir='ltr'>quod,</span> <span class='ocrx_word' id='word_1_214' title='bbox 1521 1791 1685 1848; x_wconf 85' lang='lat' dir='ltr'>magnis</span> 
     </span>
     <span class='ocr_line' id='line_1_28' title="bbox 196 1847 1685 1907; baseline -0.001 -14"><span class='ocrx_word' id='word_1_215' title='bbox 196 1849 449 1893; x_wconf 87' lang='lat' dir='ltr'>muneribus</span> <span class='ocrx_word' id='word_1_216' title='bbox 470 1847 598 1898; x_wconf 87' lang='lat' dir='ltr'>datis,</span> <span class='ocrx_word' id='word_1_217' title='bbox 626 1847 896 1907; x_wconf 75' lang='lat' dir='ltr'>gladiatoriae</span> <span class='ocrx_word' id='word_1_218' title='bbox 932 1847 1103 1891; x_wconf 80' lang='lat' dir='ltr'>familiae</span> <span class='ocrx_word' id='word_1_219' title='bbox 1137 1848 1340 1904; x_wconf 82' lang='lat' dir='ltr'>reliquias</span> <span class='ocrx_word' id='word_1_220' title='bbox 1368 1847 1572 1897; x_wconf 85' lang='lat' dir='ltr'>habebat,</span> <span class='ocrx_word' id='word_1_221' title='bbox 1603 1848 1685 1892; x_wconf 88' lang='lat' dir='ltr'>sibi</span> 
     </span>
     <span class='ocr_line' id='line_1_29' title="bbox 195 1906 1686 1966; baseline -0.001 -15"><span class='ocrx_word' id='word_1_222' title='bbox 195 1908 419 1966; x_wconf 83' lang='lat' dir='ltr'>conjunxit</span> <span class='ocrx_word' id='word_1_223' title='bbox 440 1915 574 1964; x_wconf 86' lang='lat' dir='ltr'>atque</span> <span class='ocrx_word' id='word_1_224' title='bbox 600 1923 699 1948; x_wconf 90' lang='lat' dir='ltr'>eum</span> <span class='ocrx_word' id='word_1_225' title='bbox 728 1907 770 1949; x_wconf 90' lang='lat' dir='ltr'>in</span> <span class='ocrx_word' id='word_1_226' title='bbox 807 1906 1052 1949; x_wconf 89' lang='lat' dir='ltr'>Thurinum</span> <span class='ocrx_word' id='word_1_227' title='bbox 1085 1906 1140 1948; x_wconf 89' lang='lat' dir='ltr'>ad</span> <span class='ocrx_word' id='word_1_228' title='bbox 1170 1906 1461 1950; x_wconf 83' lang='lat' dir='ltr'>sollicitandos</span> <span class='ocrx_word' id='word_1_229' title='bbox 1493 1915 1686 1965; x_wconf 86' lang='lat' dir='ltr'>pastores</span> 
     </span>
     <span class='ocr_line' id='line_1_30' title="bbox 196 1965 1681 2026; baseline -0.001 -15"><span class='ocrx_word' id='word_1_230' title='bbox 196 1967 417 2026; x_wconf 83' lang='lat' dir='ltr'>praemisit.</span> <span class='ocrx_word' id='word_1_231' title='bbox 482 1966 580 2024; x_wconf 86' lang='lat' dir='ltr'>Ipse</span> <span class='ocrx_word' id='word_1_232' title='bbox 615 1981 751 2022; x_wconf 87' lang='lat' dir='ltr'>quum</span> <span class='ocrx_word' id='word_1_233' title='bbox 792 1965 1028 2008; x_wconf 86' lang='lat' dir='ltr'>Casilinum</span> <span class='ocrx_word' id='word_1_234' title='bbox 1064 1966 1260 2015; x_wconf 86' lang='lat' dir='ltr'>venisset,</span> <span class='ocrx_word' id='word_1_235' title='bbox 1293 1982 1466 2023; x_wconf 87' lang='lat' dir='ltr'>unoque</span> <span class='ocrx_word' id='word_1_236' title='bbox 1489 1975 1681 2024; x_wconf 85' lang='lat' dir='ltr'>tempore</span> 
     </span>
    </p>
   </div>
   <div class='ocr_carea' id='block_1_3' title="bbox 197 2095 909 2877">
    <p class='ocr_par' dir='ltr' id='par_1_4' title="bbox 198 2095 906 2227">
     <span class='ocr_line' id='line_1_31' title="bbox 243 2095 902 2138; baseline -0.005 -10"><span class='ocrx_word' id='word_1_237' title='bbox 243 2097 421 2138; x_wconf 79' lang='lat' dir='ltr'>Propriam</span> <span class='ocrx_word' id='word_1_238' title='bbox 445 2106 555 2127; x_wconf 67' lang='lat' dir='ltr'>suam.</span> <span class='ocrx_word' id='word_1_239' title='bbox 602 2095 809 2126; x_wconf 70' lang='lat' dir='ltr'>Alterutrum</span> <span class='ocrx_word' id='word_1_240' title='bbox 851 2104 902 2125; x_wconf 81' lang='lat' dir='ltr'>re-</span> 
     </span>
     <span class='ocr_line' id='line_1_32' title="bbox 198 2138 906 2180; baseline -0.003 -8"><span class='ocrx_word' id='word_1_241' title='bbox 198 2141 337 2172; x_wconf 80' lang='lat' dir='ltr'>dundat.</span> <span class='ocrx_word' id='word_1_242' title='bbox 363 2140 452 2179; x_wconf 70' lang='lat' dir='ltr'>Ergo</span> <span class='ocrx_word' id='word_1_243' title='bbox 468 2151 544 2172; x_wconf 87' lang='lat' dir='ltr'>cum</span> <span class='ocrx_word' id='word_1_244' title='bbox 559 2140 635 2169; x_wconf 82' lang='lat' dir='ltr'>cod.</span> <span class='ocrx_word' id='word_1_245' title='bbox 679 2139 775 2170; x_wconf 74' lang='lat' dir='ltr'>Leid.</span> <span class='ocrx_word' id='word_1_246' title='bbox 795 2138 906 2180; x_wconf 82' lang='lat' dir='ltr'>primo</span> 
     </span>
     <span class='ocr_line' id='line_1_33' title="bbox 199 2185 772 2227; baseline -0.005 -11"><span class='ocrx_word' id='word_1_247' title='bbox 199 2186 377 2227; x_wconf 80' lang='lat' dir='ltr'>propriam</span> <span class='ocrx_word' id='word_1_248' title='bbox 392 2185 614 2216; x_wconf 77' lang='lat' dir='ltr'>omittendum</span> <span class='ocrx_word' id='word_1_249' title='bbox 629 2189 689 2214; x_wconf 69' lang='lat' dir='ltr'>est.</span> <span class='ocrx_word' id='word_1_250' title='bbox 722 2185 772 2214; x_wconf 84' lang='lat' dir='ltr'>M.</span> 
     </span>
    </p>

    <p class='ocr_par' dir='ltr' id='par_1_5' title="bbox 202 2227 908 2305">
     <span class='ocr_line' id='line_1_34' title="bbox 249 2227 908 2269; baseline -0.006 -8"><span class='ocrx_word' id='word_1_251' title='bbox 249 2230 325 2261; x_wconf 86' lang='lat' dir='ltr'>Hoc</span> <span class='ocrx_word' id='word_1_252' title='bbox 354 2231 426 2269; x_wconf 77' lang='lat' dir='ltr'>qui.</span> <span class='ocrx_word' id='word_1_253' title='bbox 475 2229 528 2260; x_wconf 79' lang='lat' dir='ltr'>Sic</span> <span class='ocrx_word' id='word_1_254' title='bbox 557 2228 657 2257; x_wconf 79' lang='lat' dir='ltr'>codd.</span> <span class='ocrx_word' id='word_1_255' title='bbox 710 2227 821 2264; x_wconf 55' lang='lat' dir='ltr'>Vulgo</span> <span class='ocrx_word' id='word_1_256' title='bbox 851 2230 908 2268; x_wconf 79' lang='lat' dir='ltr'>qui</span> 
     </span>
     <span class='ocr_line' id='line_1_35' title="bbox 202 2274 276 2305; baseline -0.027 0"><span class='ocrx_word' id='word_1_257' title='bbox 202 2274 276 2305; x_wconf 77' lang='lat' dir='ltr'>hoc.</span> 
     </span>
    </p>

    <p class='ocr_par' dir='ltr' id='par_1_6' title="bbox 198 2313 909 2393">
     <span class='ocr_line' id='line_1_36' title="bbox 249 2313 909 2357; baseline -0.003 -9"><span class='ocrx_word' id='word_1_258' title='bbox 249 2316 434 2357; x_wconf 71' lang='lat' dir='ltr'>Profectus.</span> <span class='ocrx_word' id='word_1_259' title='bbox 478 2313 765 2357; x_wconf 67' lang='lat' dir='ltr'>Grut.pror-eclm.</span> <span class='ocrx_word' id='word_1_260' title='bbox 794 2315 909 2346; x_wconf 78' lang='lat' dir='ltr'>invitis</span> 
     </span>
     <span class='ocr_line' id='line_1_37' title="bbox 198 2361 300 2393; baseline -0.02 0"><span class='ocrx_word' id='word_1_261' title='bbox 198 2361 300 2393; x_wconf 79' lang='lat' dir='ltr'>codd.</span> 
     </span>
    </p>

    <p class='ocr_par' dir='ltr' id='par_1_7' title="bbox 197 2402 907 2877">
     <span class='ocr_line' id='line_1_38' title="bbox 249 2402 905 2436; baseline -0.003 0"><span class='ocrx_word' id='word_1_262' title='bbox 249 2406 364 2436; x_wconf 63' lang='lat' dir='ltr'>semies</span> <span class='ocrx_word' id='word_1_263' title='bbox 376 2405 447 2435; x_wconf 77' lang='lat' dir='ltr'>seni</span> <span class='ocrx_word' id='word_1_264' title='bbox 459 2403 543 2435; x_wconf 82' lang='lat' dir='ltr'>dies.</span> <span class='ocrx_word' id='word_1_265' title='bbox 582 2403 659 2434; x_wconf 81' lang='lat' dir='ltr'>Jam</span> <span class='ocrx_word' id='word_1_266' title='bbox 677 2402 821 2433; x_wconf 74' lang='lat' dir='ltr'>ostendit</span> <span class='ocrx_word' id='word_1_267' title='bbox 838 2404 905 2434; x_wconf 82' lang='lat' dir='ltr'>Da-</span> 
     </span>
     <span class='ocr_line' id='line_1_39' title="bbox 197 2446 907 2488; baseline -0.003 -8"><span class='ocrx_word' id='word_1_268' title='bbox 197 2448 319 2488; x_wconf 79' lang='lat' dir='ltr'>visius,</span> <span class='ocrx_word' id='word_1_269' title='bbox 343 2447 553 2480; x_wconf 88' lang='lat' dir='ltr'>Gronovium</span> <span class='ocrx_word' id='word_1_270' title='bbox 584 2447 615 2477; x_wconf 90' lang='lat' dir='ltr'>in</span> <span class='ocrx_word' id='word_1_271' title='bbox 642 2448 682 2478; x_wconf 83' lang='lat' dir='ltr'>de</span> <span class='ocrx_word' id='word_1_272' title='bbox 706 2446 861 2478; x_wconf 75' lang='lat' dir='ltr'>sestertiis</span> <span class='ocrx_word' id='word_1_273' title='bbox 881 2450 907 2485; x_wconf 69' lang='lat' dir='ltr'>t.</span> 
     </span>
     <span class='ocr_line' id='line_1_40' title="bbox 204 2491 904 2534; baseline -0.004 -10"><span class='ocrx_word' id='word_1_274' title='bbox 204 2497 237 2532; x_wconf 84' lang='lat'>5,</span> <span class='ocrx_word' id='word_1_275' title='bbox 260 2504 294 2534; x_wconf 89' lang='lat' dir='ltr'>p.</span> <span class='ocrx_word' id='word_1_276' title='bbox 323 2494 399 2524; x_wconf 75' lang='lat'>636.</span> <span class='ocrx_word' id='word_1_277' title='bbox 429 2491 478 2523; x_wconf 84' lang='lat' dir='ltr'>sic</span> <span class='ocrx_word' id='word_1_278' title='bbox 505 2491 686 2532; x_wconf 76' lang='lat' dir='ltr'>legendum</span> <span class='ocrx_word' id='word_1_279' title='bbox 713 2491 904 2531; x_wconf 78' lang='lat' dir='ltr'>judicasse:</span> 
     </span>
     <span class='ocr_line' id='line_1_41' title="bbox 199 2535 907 2568; baseline -0.003 0"><span class='ocrx_word' id='word_1_280' title='bbox 199 2542 238 2568; x_wconf 75' lang='lat' dir='ltr'>ut</span> <span class='ocrx_word' id='word_1_281' title='bbox 260 2539 391 2568; x_wconf 74' lang='lat' dir='ltr'>semisse</span> <span class='ocrx_word' id='word_1_282' title='bbox 413 2537 450 2567; x_wconf 83' lang='lat' dir='ltr'>in</span> <span class='ocrx_word' id='word_1_283' title='bbox 475 2536 544 2567; x_wconf 77' lang='lat' dir='ltr'>dies</span> <span class='ocrx_word' id='word_1_284' title='bbox 572 2537 641 2566; x_wconf 69' lang='lat' dir='ltr'>sim&gt;</span> <span class='ocrx_word' id='word_1_285' title='bbox 654 2552 698 2558; x_wconf 87' lang='lat'>-—</span> <span class='ocrx_word' id='word_1_286' title='bbox 713 2552 756 2556; x_wconf 97' lang='lat'><strong>—</strong></span> <span class='ocrx_word' id='word_1_287' title='bbox 773 2535 808 2565; x_wconf 89' lang='lat' dir='ltr'>h.</span> <span class='ocrx_word' id='word_1_288' title='bbox 825 2547 855 2566; x_wconf 78' lang='grc' dir='ltr'>ο.</span> <span class='ocrx_word' id='word_1_289' title='bbox 872 2542 907 2566; x_wconf 89' lang='lat' dir='ltr'>ut</span> 
     </span>
     <span class='ocr_line' id='line_1_42' title="bbox 199 2578 906 2613; baseline -0.004 0"><span class='ocrx_word' id='word_1_290' title='bbox 199 2580 380 2613; x_wconf 87' lang='lat' dir='ltr'>dimidium</span> <span class='ocrx_word' id='word_1_291' title='bbox 396 2578 518 2611; x_wconf 86' lang='lat' dir='ltr'>crediti</span> <span class='ocrx_word' id='word_1_292' title='bbox 536 2578 746 2610; x_wconf 77' lang='lat' dir='ltr'>restituerent</span> <span class='ocrx_word' id='word_1_293' title='bbox 775 2579 906 2610; x_wconf 78' lang='lat' dir='ltr'>debito-</span> 
     </span>
     <span class='ocr_line' id='line_1_43' title="bbox 202 2622 903 2665; baseline -0.006 -8"><span class='ocrx_word' id='word_1_294' title='bbox 202 2636 268 2663; x_wconf 83' lang='lat' dir='ltr'>res,</span> <span class='ocrx_word' id='word_1_295' title='bbox 294 2630 327 2656; x_wconf 86' lang='lat' dir='ltr'>et</span> <span class='ocrx_word' id='word_1_296' title='bbox 356 2623 496 2665; x_wconf 81' lang='lat' dir='ltr'>quidem</span> <span class='ocrx_word' id='word_1_297' title='bbox 531 2622 702 2663; x_wconf 60' lang='lat' dir='ltr'>praefinitis</span> <span class='ocrx_word' id='word_1_298' title='bbox 731 2622 852 2653; x_wconf 76' lang='lat' dir='ltr'>diebus</span> <span class='ocrx_word' id='word_1_299' title='bbox 876 2635 903 2653; x_wconf 69' lang='lat' dir='ltr'>S.</span> 
     </span>
     <span class='ocr_line' id='line_1_44' title="bbox 202 2665 903 2711; baseline -0.004 -11"><span class='ocrx_word' id='word_1_300' title='bbox 202 2668 435 2711; x_wconf 67' lang='lat' dir='ltr'>Junnsionibus.</span> <span class='ocrx_word' id='word_1_301' title='bbox 492 2667 583 2698; x_wconf 73' lang='lat' dir='ltr'>idem</span> <span class='ocrx_word' id='word_1_302' title='bbox 603 2665 770 2707; x_wconf 69' lang='lat' dir='ltr'>placuisse</span> <span class='ocrx_word' id='word_1_303' title='bbox 786 2666 903 2707; x_wconf 79' lang='lat' dir='ltr'>Lipsio</span> 
     </span>
     <span class='ocr_line' id='line_1_45' title="bbox 202 2710 903 2744; baseline -0.003 -1"><span class='ocrx_word' id='word_1_304' title='bbox 202 2712 334 2744; x_wconf 82' lang='lat' dir='ltr'>monuit</span> <span class='ocrx_word' id='word_1_305' title='bbox 363 2712 455 2742; x_wconf 80' lang='lat' dir='ltr'>Oud.</span> <span class='ocrx_word' id='word_1_306' title='bbox 481 2728 525 2733; x_wconf 88' lang='lat'>—</span> <span class='ocrx_word' id='word_1_307' title='bbox 550 2711 675 2742; x_wconf 73' lang='lat' dir='ltr'>Saltem</span> <span class='ocrx_word' id='word_1_308' title='bbox 692 2720 756 2741; x_wconf 87' lang='lat' dir='ltr'>non</span> <span class='ocrx_word' id='word_1_309' title='bbox 775 2710 903 2741; x_wconf 72' lang='lat' dir='ltr'>incom-</span> 
     </span>
     <span class='ocr_line' id='line_1_46' title="bbox 200 2754 902 2792; baseline -0.004 -4"><span class='ocrx_word' id='word_1_310' title='bbox 200 2759 334 2791; x_wconf 83' lang='lat' dir='ltr'>modus,</span> <span class='ocrx_word' id='word_1_311' title='bbox 351 2762 385 2787; x_wconf 86' lang='lat' dir='ltr'>ut</span> <span class='ocrx_word' id='word_1_312' title='bbox 403 2756 434 2786; x_wconf 90' lang='lat' dir='ltr'>in</span> <span class='ocrx_word' id='word_1_313' title='bbox 453 2755 578 2786; x_wconf 77' lang='lat' dir='ltr'>incerta</span> <span class='ocrx_word' id='word_1_314' title='bbox 606 2754 763 2792; x_wconf 74' lang='lat' dir='ltr'>lectione,</span> <span class='ocrx_word' id='word_1_315' title='bbox 786 2765 902 2786; x_wconf 67' lang='lat' dir='ltr'>sensus</span> 
     </span>
     <span class='ocr_line' id='line_1_47' title="bbox 201 2798 899 2840; baseline -0.004 -9"><span class='ocrx_word' id='word_1_316' title='bbox 201 2806 264 2839; x_wconf 80' lang='lat' dir='ltr'>est,</span> <span class='ocrx_word' id='word_1_317' title='bbox 293 2800 353 2832; x_wconf 77' lang='lat' dir='ltr'>etsi</span> <span class='ocrx_word' id='word_1_318' title='bbox 385 2799 474 2832; x_wconf 83' lang='lat' dir='ltr'>nihil</span> <span class='ocrx_word' id='word_1_319' title='bbox 498 2799 579 2832; x_wconf 83' lang='lat' dir='ltr'>certi</span> <span class='ocrx_word' id='word_1_320' title='bbox 607 2798 673 2830; x_wconf 84' lang='lat' dir='ltr'>dici</span> <span class='ocrx_word' id='word_1_321' title='bbox 694 2804 814 2840; x_wconf 74' lang='lat' dir='ltr'>potest.</span> <span class='ocrx_word' id='word_1_322' title='bbox 849 2801 899 2829; x_wconf 62' lang='lat' dir='ltr'>JI.</span> 
     </span>
     <span class='ocr_line' id='line_1_48' title="bbox 204 2842 902 2877; baseline -0.001 -3"><span class='ocrx_word' id='word_1_323' title='bbox 204 2843 319 2877; x_wconf 78' lang='lat' dir='ltr'>Verba</span> <span class='ocrx_word' id='word_1_324' title='bbox 346 2847 416 2876; x_wconf 68' lang='lat' dir='ltr'>sem*</span> <span class='ocrx_word' id='word_1_325' title='bbox 440 2845 507 2875; x_wconf 74' lang='lat' dir='ltr'>dies</span> <span class='ocrx_word' id='word_1_326' title='bbox 539 2854 557 2875; x_wconf 79' lang='lat' dir='ltr'>a</span> <span class='ocrx_word' id='word_1_327' title='bbox 582 2842 698 2876; x_wconf 84' lang='lat' dir='ltr'>multis</span> <span class='ocrx_word' id='word_1_328' title='bbox 725 2844 824 2876; x_wconf 90' lang='lat' dir='ltr'>codd.</span> <span class='ocrx_word' id='word_1_329' title='bbox 842 2844 902 2874; x_wconf 80' lang='lat' dir='ltr'>ab·</span> 
     </span>
    </p>
   </div>
   <div class='ocr_carea' id='block_1_4' title="bbox 970 2093 1682 2884">
    <p class='ocr_par' dir='ltr' id='par_1_8' title="bbox 973 2093 1682 2179">
     <span class='ocr_line' id='line_1_49' title="bbox 979 2093 1682 2134; baseline 0.001 -9"><span class='ocrx_word' id='word_1_330' title='bbox 979 2100 1067 2125; x_wconf 86' lang='lat' dir='ltr'>sunt.</span> <span class='ocrx_word' id='word_1_331' title='bbox 1097 2093 1228 2126; x_wconf 67' lang='lat' dir='ltr'>Varios.</span> <span class='ocrx_word' id='word_1_332' title='bbox 1249 2094 1458 2134; x_wconf 71' lang='lat' dir='ltr'>conjecturas</span> <span class='ocrx_word' id='word_1_333' title='bbox 1476 2093 1509 2125; x_wconf 92' lang='lat' dir='ltr'>in</span> <span class='ocrx_word' id='word_1_334' title='bbox 1540 2094 1572 2125; x_wconf 90' lang='lat' dir='ltr'>h.</span> <span class='ocrx_word' id='word_1_335' title='bbox 1590 2093 1612 2126; x_wconf 88' lang='lat' dir='ltr'>l.</span> <span class='ocrx_word' id='word_1_336' title='bbox 1631 2094 1682 2126; x_wconf 90' lang='lat' dir='ltr'>di-</span> 
     </span>
     <span class='ocr_line' id='line_1_50' title="bbox 973 2138 1489 2179; baseline 0.002 -11"><span class='ocrx_word' id='word_1_337' title='bbox 973 2138 1126 2179; x_wconf 83' lang='lat' dir='ltr'>judicant</span> <span class='ocrx_word' id='word_1_338' title='bbox 1144 2138 1334 2170; x_wconf 73' lang='lat' dir='ltr'>Gronovius</span> <span class='ocrx_word' id='word_1_339' title='bbox 1350 2144 1379 2169; x_wconf 78' lang='lat' dir='ltr'>et</span> <span class='ocrx_word' id='word_1_340' title='bbox 1398 2138 1489 2169; x_wconf 83' lang='lat' dir='ltr'>ond.</span> 
     </span>
    </p>

    <p class='ocr_par' dir='ltr' id='par_1_9' title="bbox 976 2182 1681 2267">
     <span class='ocr_line' id='line_1_51' title="bbox 1024 2182 1681 2215; baseline 0 -1"><span class='ocrx_word' id='word_1_341' title='bbox 1024 2185 1184 2215; x_wconf 80' lang='lat' dir='ltr'>Alteram.</span> <span class='ocrx_word' id='word_1_342' title='bbox 1232 2183 1300 2214; x_wconf 76' lang='lat' dir='ltr'>Atii</span> <span class='ocrx_word' id='word_1_343' title='bbox 1318 2185 1437 2213; x_wconf 76' lang='lat' dir='ltr'>aliam.</span> <span class='ocrx_word' id='word_1_344' title='bbox 1455 2182 1509 2213; x_wconf 83' lang='lat' dir='ltr'>Sic</span> <span class='ocrx_word' id='word_1_345' title='bbox 1528 2191 1681 2214; x_wconf 86' lang='lat' dir='ltr'>nonnun-</span> 
     </span>
     <span class='ocr_line' id='line_1_52' title="bbox 976 2225 1681 2267; baseline -0.001 -10"><span class='ocrx_word' id='word_1_346' title='bbox 976 2238 1076 2267; x_wconf 79' lang='lat' dir='ltr'>quam</span> <span class='ocrx_word' id='word_1_347' title='bbox 1094 2235 1122 2258; x_wconf 74' lang='lat' dir='ltr'>et</span> <span class='ocrx_word' id='word_1_348' title='bbox 1137 2227 1236 2258; x_wconf 80' lang='lat' dir='ltr'>alibi.</span> <span class='ocrx_word' id='word_1_349' title='bbox 1256 2227 1297 2258; x_wconf 90' lang='lat' dir='ltr'>V.</span> <span class='ocrx_word' id='word_1_350' title='bbox 1310 2228 1402 2258; x_wconf 68' lang='lat' dir='ltr'>(Iun.</span> <span class='ocrx_word' id='word_1_351' title='bbox 1417 2230 1448 2256; x_wconf 79' lang='lat'>8.</span> <span class='ocrx_word' id='word_1_352' title='bbox 1465 2225 1636 2258; x_wconf 78' lang='lat' dir='ltr'>Suet.Tit.</span> <span class='ocrx_word' id='word_1_353' title='bbox 1650 2228 1681 2256; x_wconf 81' lang='lat'>7.</span> 
     </span>
    </p>

    <p class='ocr_par' dir='ltr' id='par_1_10' title="bbox 1029 2270 1590 2302">
     <span class='ocr_line' id='line_1_53' title="bbox 1029 2270 1590 2302; baseline -0.002 0"><span class='ocrx_word' id='word_1_354' title='bbox 1029 2272 1242 2302; x_wconf 74' lang='lat' dir='ltr'>Tabularum</span> <span class='ocrx_word' id='word_1_355' title='bbox 1258 2283 1332 2302; x_wconf 74' lang='lat' dir='ltr'>ww.</span> <span class='ocrx_word' id='word_1_356' title='bbox 1356 2270 1424 2301; x_wconf 89' lang='lat' dir='ltr'>vid.</span> <span class='ocrx_word' id='word_1_357' title='bbox 1442 2270 1513 2301; x_wconf 84' lang='lat' dir='ltr'>lnd.</span> <span class='ocrx_word' id='word_1_358' title='bbox 1541 2270 1590 2301; x_wconf 83' lang='lat' dir='ltr'>M.</span> 
     </span>
    </p>

    <p class='ocr_par' dir='ltr' id='par_1_11' title="bbox 976 2313 1677 2401">
     <span class='ocr_line' id='line_1_54' title="bbox 1024 2313 1677 2352; baseline 0 -6"><span class='ocrx_word' id='word_1_359' title='bbox 1024 2317 1238 2348; x_wconf 73' lang='lat' dir='ltr'>Deturbarir.</span> <span class='ocrx_word' id='word_1_360' title='bbox 1304 2315 1394 2345; x_wconf 83' lang='lat' dir='ltr'>Bene</span> <span class='ocrx_word' id='word_1_361' title='bbox 1423 2313 1484 2346; x_wconf 87' lang='lat' dir='ltr'>sic.</span> <span class='ocrx_word' id='word_1_362' title='bbox 1531 2314 1677 2352; x_wconf 84' lang='lat' dir='ltr'>Quidam</span> 
     </span>
     <span class='ocr_line' id='line_1_55' title="bbox 976 2359 1431 2401; baseline -0.007 -11"><span class='ocrx_word' id='word_1_363' title='bbox 976 2360 1194 2401; x_wconf 65' lang='lat' dir='ltr'>proturbavit.</span> <span class='ocrx_word' id='word_1_364' title='bbox 1208 2359 1431 2400; x_wconf 66' lang='lat' dir='ltr'>perturbavit.</span> 
     </span>
    </p>

    <p class='ocr_par' dir='ltr' id='par_1_12' title="bbox 975 2400 1681 2655">
     <span class='ocr_line' id='line_1_56' title="bbox 1023 2400 1679 2443; baseline -0.002 -9"><span class='ocrx_word' id='word_1_365' title='bbox 1023 2404 1073 2435; x_wconf 63' lang='lat' dir='ltr'>:hl</span> <span class='ocrx_word' id='word_1_366' title='bbox 1107 2405 1280 2441; x_wconf 71' lang='lat' dir='ltr'>Milonem,</span> <span class='ocrx_word' id='word_1_367' title='bbox 1305 2402 1364 2443; x_wconf 83' lang='lat' dir='ltr'>qui</span> <span class='ocrx_word' id='word_1_368' title='bbox 1391 2400 1554 2434; x_wconf 71' lang='lat' dir='ltr'>Massiliae</span> <span class='ocrx_word' id='word_1_369' title='bbox 1583 2402 1679 2433; x_wconf 75' lang='lat' dir='ltr'>exsul</span> 
     </span>
     <span class='ocr_line' id='line_1_57' title="bbox 977 2446 1680 2487; baseline -0.003 -9"><span class='ocrx_word' id='word_1_370' title='bbox 977 2447 1076 2478; x_wconf 80' lang='lat' dir='ltr'>vixit.</span> <span class='ocrx_word' id='word_1_371' title='bbox 1123 2446 1254 2478; x_wconf 74' lang='lat' dir='ltr'>Ceteris</span> <span class='ocrx_word' id='word_1_372' title='bbox 1272 2457 1350 2487; x_wconf 75' lang='lat' dir='ltr'>ergo</span> <span class='ocrx_word' id='word_1_373' title='bbox 1374 2446 1549 2478; x_wconf 74' lang='lat' dir='ltr'>exsulibus</span> <span class='ocrx_word' id='word_1_374' title='bbox 1572 2455 1680 2486; x_wconf 86' lang='lat' dir='ltr'>nuper</span> 
     </span>
     <span class='ocr_line' id='line_1_58' title="bbox 975 2489 1681 2530; baseline -0.003 -8"><span class='ocrx_word' id='word_1_375' title='bbox 975 2492 1035 2529; x_wconf 83' lang='lat' dir='ltr'>(cs.</span> <span class='ocrx_word' id='word_1_376' title='bbox 1059 2503 1089 2521; x_wconf 85' lang='lat' dir='ltr'>c.</span> <span class='ocrx_word' id='word_1_377' title='bbox 1122 2491 1164 2530; x_wconf 88' lang='lat' dir='ltr'>l.)</span> <span class='ocrx_word' id='word_1_378' title='bbox 1187 2501 1205 2522; x_wconf 85' lang='lat' dir='ltr'>a</span> <span class='ocrx_word' id='word_1_379' title='bbox 1231 2491 1362 2521; x_wconf 62' lang='lat' dir='ltr'>Caesare</span> <span class='ocrx_word' id='word_1_380' title='bbox 1386 2489 1563 2527; x_wconf 76' lang='lat' dir='ltr'>revocatis,</span> <span class='ocrx_word' id='word_1_381' title='bbox 1594 2499 1681 2521; x_wconf 90' lang='lat' dir='ltr'>unus</span> 
     </span>
     <span class='ocr_line' id='line_1_59' title="bbox 975 2533 1678 2567; baseline -0.003 -1"><span class='ocrx_word' id='word_1_382' title='bbox 975 2535 1065 2567; x_wconf 85' lang='lat' dir='ltr'>Milo</span> <span class='ocrx_word' id='word_1_383' title='bbox 1080 2541 1254 2567; x_wconf 76' lang='lat' dir='ltr'>revocatus</span> <span class='ocrx_word' id='word_1_384' title='bbox 1267 2545 1331 2565; x_wconf 88' lang='lat' dir='ltr'>non</span> <span class='ocrx_word' id='word_1_385' title='bbox 1344 2540 1427 2565; x_wconf 76' lang='lat' dir='ltr'>erat.</span> <span class='ocrx_word' id='word_1_386' title='bbox 1460 2534 1548 2566; x_wconf 90' lang='lat' dir='ltr'>llinc</span> <span class='ocrx_word' id='word_1_387' title='bbox 1561 2533 1678 2565; x_wconf 85' lang='lat' dir='ltr'>odium</span> 
     </span>
     <span class='ocr_line' id='line_1_60' title="bbox 976 2578 1676 2617; baseline -0.004 -6"><span class='ocrx_word' id='word_1_388' title='bbox 976 2579 1009 2610; x_wconf 88' lang='lat' dir='ltr'>in</span> <span class='ocrx_word' id='word_1_389' title='bbox 1039 2580 1221 2611; x_wconf 72' lang='lat' dir='ltr'>Caesarem.</span> <span class='ocrx_word' id='word_1_390' title='bbox 1263 2578 1341 2610; x_wconf 87' lang='lat' dir='ltr'>Dio.</span> <span class='ocrx_word' id='word_1_391' title='bbox 1365 2578 1459 2610; x_wconf 76' lang='lat' dir='ltr'>Cass.</span> <span class='ocrx_word' id='word_1_392' title='bbox 1477 2580 1532 2617; x_wconf 68' lang='lat'>40,</span> <span class='ocrx_word' id='word_1_393' title='bbox 1554 2579 1606 2609; x_wconf 81' lang='lat'>54.</span> <span class='ocrx_word' id='word_1_394' title='bbox 1623 2580 1676 2616; x_wconf 78' lang='lat'>42,</span> 
     </span>
     <span class='ocr_line' id='line_1_61' title="bbox 975 2625 1103 2655; baseline 0.008 -2"><span class='ocrx_word' id='word_1_395' title='bbox 975 2625 1028 2654; x_wconf 77' lang='lat'>‘2-1.</span> <span class='ocrx_word' id='word_1_396' title='bbox 1054 2625 1103 2655; x_wconf 85' lang='lat' dir='ltr'>M.</span> 
     </span>
    </p>

    <p class='ocr_par' dir='ltr' id='par_1_13' title="bbox 976 2664 1676 2751">
     <span class='ocr_line' id='line_1_62' title="bbox 1020 2664 1676 2705; baseline -0.006 -7"><span class='ocrx_word' id='word_1_397' title='bbox 1020 2668 1216 2699; x_wconf 71' lang='lat' dir='ltr'>Muneribus</span> <span class='ocrx_word' id='word_1_398' title='bbox 1232 2664 1475 2705; x_wconf 69' lang='lat' dir='ltr'>(gladiatoriis)</span> <span class='ocrx_word' id='word_1_399' title='bbox 1491 2665 1591 2698; x_wconf 72' lang='lat' dir='ltr'>datis.</span> <span class='ocrx_word' id='word_1_400' title='bbox 1603 2664 1676 2697; x_wconf 92' lang='lat' dir='ltr'>Cic.</span> 
     </span>
     <span class='ocr_line' id='line_1_63' title="bbox 976 2711 1414 2751; baseline 0.005 -11"><span class='ocrx_word' id='word_1_401' title='bbox 976 2722 1042 2751; x_wconf 78' lang='lat' dir='ltr'>pro</span> <span class='ocrx_word' id='word_1_402' title='bbox 1061 2711 1140 2742; x_wconf 84' lang='lat' dir='ltr'>Mil.</span> <span class='ocrx_word' id='word_1_403' title='bbox 1158 2721 1190 2740; x_wconf 87' lang='lat' dir='ltr'>c.</span> <span class='ocrx_word' id='word_1_404' title='bbox 1209 2713 1262 2741; x_wconf 73' lang='lat'>35.</span> <span class='ocrx_word' id='word_1_405' title='bbox 1289 2712 1414 2742; x_wconf 79' lang='lat' dir='ltr'>Cellar.</span> 
     </span>
    </p>

    <p class='ocr_par' dir='ltr' id='par_1_14' title="bbox 970 2753 1678 2841">
     <span class='ocr_line' id='line_1_64' title="bbox 1020 2753 1678 2797; baseline -0.005 -11"><span class='ocrx_word' id='word_1_406' title='bbox 1020 2757 1198 2797; x_wconf 67' lang='lat' dir='ltr'>Reliquias.</span> <span class='ocrx_word' id='word_1_407' title='bbox 1247 2753 1339 2785; x_wconf 70' lang='lat' dir='ltr'>Male</span> <span class='ocrx_word' id='word_1_408' title='bbox 1366 2754 1420 2785; x_wconf 79' lang='lat' dir='ltr'>hic</span> <span class='ocrx_word' id='word_1_409' title='bbox 1445 2758 1516 2785; x_wconf 80' lang='lat' dir='ltr'>erat</span> <span class='ocrx_word' id='word_1_410' title='bbox 1532 2753 1678 2795; x_wconf 69' lang='lat' dir='ltr'>reliquas</span> 
     </span>
     <span class='ocr_line' id='line_1_65' title="bbox 970 2811 1069 2841; baseline -0.01 -11"><span class='ocrx_word' id='word_1_411' title='bbox 970 2811 1069 2841; x_wconf 66' lang='lat' dir='ltr'>quas.</span> 
     </span>
    </p>

    <p class='ocr_par' dir='ltr' id='par_1_15' title="bbox 1015 2842 1536 2884">
     <span class='ocr_line' id='line_1_66' title="bbox 1015 2842 1536 2884; baseline -0.004 -8"><span class='ocrx_word' id='word_1_412' title='bbox 1015 2845 1059 2876; x_wconf 82' lang='grc' dir='ltr'>Ιιι</span> <span class='ocrx_word' id='word_1_413' title='bbox 1082 2843 1288 2876; x_wconf 75' lang='lat' dir='ltr'>Thurinum.</span> <span class='ocrx_word' id='word_1_414' title='bbox 1314 2842 1388 2876; x_wconf 83' lang='lat' dir='ltr'>scil.</span> <span class='ocrx_word' id='word_1_415' title='bbox 1405 2851 1536 2884; x_wconf 81' lang='lat' dir='ltr'>agrum-</span> 
     </span>
    </p>
   </div>
  </div>
 </body>
</html>
