1946 3261
676 190 794 236 LIB.
829 189 916 235 III.
980 189 1121 234 CAP.
1154 186 1348 233 92-94.
1680 185 1771 232 405

257 319 483 373 stiterunt,
522 337 576 365 ne
605 320 840 364 consumtis
868 319 1037 363 viribus
1073 316 1502 376 adpropinquarent;
1533 328 1766 375 parvoque

255 380 498 425 intermisso
535 381 745 439 temporis
777 380 937 439 spatio,
975 394 1026 421 ac
1059 393 1210 420 rursus
1242 385 1456 421 renovato
1491 391 1638 427 cursu,
1671 376 1767 435 pila.

255 441 466 483 miserunt
488 440 796 498 celeriterque,
832 449 883 482 ut
903 446 998 481 erat
1022 445 1295 496 praeceptum
1328 452 1354 479 a
1377 437 1565 486 Caesare,
1599 435 1769 495 gladios

254 500 538 543 strinxerunt.
619 499 779 556 Neque
813 513 918 541 vero
962 495 1212 554 Pompeiani
1256 494 1358 537 huie
1398 495 1464 538 rei
1505 495 1764 539 defuerunt.

255 560 372 602 Nam
394 568 439 602 et
462 560 550 601 tela
571 558 697 600 missa
718 565 1003 617 exceperunt,
1025 565 1071 598 et
1092 556 1292 613 inpetum
1315 554 1539 611 legionum
1563 555 1767 599 tulerunt

250 627 297 662 et
318 618 491 661 ordines
518 626 904 666 conservaverunt,
941 615 1129 674 pilisque
1161 613 1312 663 missis,
1346 612 1402 654 ad
1431 614 1600 672 gladios
1621 614 1765 659 redie-

250 686 372 720 runt.
435 677 603 720 Eodem
626 685 826 735 tempore
848 676 1021 733 equites
1040 674 1098 717 ab
1118 672 1293 716 sinistro
1316 671 1510 730 Pompeii
1533 688 1686 724 cornu,
1711 683 1766 718 ut

250 745 345 779 erat
364 737 644 795 imperatum,
666 736 854 778 universi
874 740 1254 794 procucurrerunt
1272 730 1498 789 omnisque
1520 732 1767 777 multitudo

250 795 585 854 sagittariorum
606 812 648 838 se
672 794 895 854 profudit:
932 808 1123 852 quorum
1146 792 1348 850 inpetum
1370 798 1520 833 noster
1541 791 1767 849 equitatus

220 892 224 893 γ
250 870 338 897 non
370 855 493 904 tulit,
524 856 597 898 sed
632 854 831 913 paullum
865 854 963 897 loco
996 860 1142 895 motus
1165 850 1311 893 cessit:
1346 849 1609 908 equitesque
1636 850 1766 895 Pom-

251 915 395 974 peiani
418 914 498 957 hoc
520 914 664 958 acrius
687 914 849 956 instare
883 922 930 956 et
958 929 1002 955 se
1032 909 1261 954 turmatim
1292 909 1515 968 explicare
1537 910 1764 968 aciemque

250 982 440 1017 nostram
459 991 484 1017 a
507 974 643 1017 latere
661 982 816 1033 aperto
837 972 1022 1016 circuire
1044 978 1291 1029 coeperunt.
1358 968 1491 1019 Quod
1514 969 1590 1013 ubi
1617 969 1767 1013 Caesar

248 1034 443 1077 animum
465 1034 675 1083 advertit,
710 1043 881 1090 quartae
918 1031 1043 1079 aciei,
1072 1045 1205 1088 quam
1239 1028 1493 1072 instituerat
1515 1045 1590 1072 sex
1611 1028 1766 1073 cohor-

249 1093 360 1137 tium
394 1110 588 1143 numer0‚
618 1096 791 1150 signum
823 1092 958 1136 dedit.
1023 1089 1096 1132 Illi
1128 1088 1332 1132 celeriter
1365 1097 1764 1148 procucurrerunt,

249 1153 504 1212 infestisque
538 1148 677 1212 signis
699 1161 821 1195 tanta
845 1152 886 1194 vi
922 1151 963 1192 in
1001 1148 1198 1207 Pompeii
1227 1147 1400 1206 equites
1427 1147 1629 1206 inpetum
1651 1148 1766 1193 fece-

247 1221 370 1263 runt,
390 1222 441 1256 ut
461 1210 614 1256 eorum
636 1228 761 1255 nemo
778 1211 1031 1254 consisteret
1049 1223 1282 1268 omnesque
1300 1207 1498 1253 conversi
1518 1222 1604 1250 non
1622 1208 1763 1252 solum

250 1272 346 1315 loco
368 1271 646 1321 excederent,
676 1271 752 1314 sed
776 1271 978 1329 protinus
1008 1269 1178 1311 incitati
1201 1270 1309 1325 fuga
1341 1274 1510 1311 montes
1530 1267 1766 1312 altissimos

249 1340 469 1391 peterent.
536 1332 709 1382 Quibus
737 1329 966 1379 submotis,
999 1344 1144 1371 omnes
1177 1327 1396 1385 sagittarii
1424 1326 1765 1387 funditoresque

249 1391 469 1442 destituti,
511 1391 712 1439 inermes,
756 1390 843 1433 sine
886 1387 1106 1448 praesidio,
1151 1386 1372 1430 interfecti
1412 1395 1529 1429 sunt.
1595 1387 1768 1432 Eodem

250 1450 406 1509 inpetu
441 1449 644 1494 cohortes
679 1449 903 1493 sinistrum
925 1464 1078 1498 cornu,
1110 1445 1413 1506 pugnantibus
1440 1444 1573 1488 etiam
1596 1454 1691 1489 tum
1711 1463 1767 1490 ac

249 1510 552 1554 resistentibus
573 1511 616 1553 in
636 1511 728 1554 acie
754 1508 1046 1568 Pompeianis,
1064 1505 1381 1550 circumierunt
1398 1520 1562 1562 eosque
1584 1520 1610 1548 a
1632 1513 1764 1567 tergo

250 1579 353 1613 sunt
375 1570 533 1613 adorti.

311 1629 382 1671 94.
418 1630 583 1673 Eodem
626 1637 827 1688 tempore
864 1627 1040 1670 tertiam
1082 1625 1219 1668 aciem
1264 1624 1427 1674 Caesar,
1471 1638 1572 1681 quae
1612 1623 1765 1682 quieta.

248 1688 392 1732 fuerat
426 1699 472 1733 et
504 1706 547 1732 se
584 1688 639 1731 ad
662 1688 706 1731 id
738 1697 910 1745 tempus
944 1686 1040 1729 loco
1072 1692 1293 1734 tenuerat,
1325 1698 1589 1742 procurrere
1613 1684 1762 1742 jussit.

249 1747 336 1799 Ita,
359 1765 497 1807 quum
537 1757 732 1791 recentes
760 1755 894 1804 atque
926 1745 1087 1804 integri
1124 1744 1302 1787 defessis
1334 1743 1652 1794 successissent,
1686 1743 1764 1788 alii

247 1817 396 1852 autem
431 1825 457 1852 a
485 1817 613 1865 tergo
635 1807 935 1855 adorirentur,
972 1805 1182 1848 sustinere
1209 1803 1462 1862 Pompeiani
1492 1817 1578 1846 non
1603 1812 1763 1862 potue-

247 1878 354 1912 runt
385 1878 517 1927 atque
542 1868 731 1911 universi
753 1877 878 1924 terga
902 1874 1145 1909 verterunt.
1211 1863 1372 1921 Neque
1400 1878 1507 1906 vero
1540 1862 1760 1907 Caesarem

248 1928 423 1978 fefellit,
463 1928 569 1986 quin
611 1928 667 1971 ab
701 1927 752 1970 iis
793 1925 1064 1974 cohortibus,
1105 1940 1203 1982 quae
1235 1931 1389 1966 contra
1424 1921 1672 1981 equitatum
1712 1923 1760 1968 in

247 1997 407 2045 quarta
423 1989 514 2031 acie
533 1987 770 2031 conlocatae
790 1994 947 2035 essent,
966 1985 1138 2028 initium
1156 1983 1351 2026 victoriae
1368 1981 1578 2030 oriretur,
1598 1989 1648 2024 ut
1663 1981 1760 2041 ipse

250 2048 292 2091 in
324 2047 605 2091 cohortandis
635 2046 846 2089 militibus
880 2045 1266 2104 pronunciaverat.
1330 2041 1406 2084 Ab
1434 2040 1498 2084 his
1530 2040 1645 2084 enim
1668 2041 1758 2100 pri-

249 2123 368 2152 mum
400 2106 623 2165 equitatus
653 2114 719 2148 est
742 2105 908 2165 pulsus,
944 2105 1001 2147 ab
1022 2104 1171 2147 iisdem
1194 2102 1320 2145 factae
1341 2100 1478 2144 caedes
1508 2100 1758 2160 sagittario-

250 2183 347 2211 rum
367 2175 502 2224 atque
523 2165 816 2214 funditorum,
844 2165 901 2207 ab
924 2163 1076 2207 iisdem
1097 2162 1210 2206 acies
1241 2159 1509 2219 Pompeiana
1532 2176 1560 2203 a
1578 2159 1758 2206 sinistra

249 2235 376 2287 parte
407 2235 502 2270 erat
525 2225 753 2270 circumita
774 2233 909 2282 atque
931 2223 1105 2267 initium
1125 2222 1243 2282 fugae
1266 2221 1447 2264 factum.
1513 2219 1602 2264 Sed
1627 2219 1758 2265 Pom-

1035 2356 1119 2383 rum.
1166 2351 1250 2383 Haec
1281 2356 1353 2383 tota
1385 2348 1547 2392 periodus
1569 2349 1754 2392 glossatori

1034 2394 1151 2428 deberi
1163 2395 1299 2428 videtur
1316 2395 1484 2427 Bentleio.
1519 2393 1639 2427 Statim
1655 2395 1752 2428 enim

298 2357 350 2389 Ne
373 2356 612 2388 wnswmtis—
635 2352 697 2386 alii
728 2357 767 2384 ‘ut
796 2362 876 2390 non,
903 2351 964 2383 alii

248 2406 285 2434 ul
315 2411 368 2432 ne.
409 2400 521 2431 forsan
556 2405 657 2431 recte.
719 2397 774 2429 Sic
805 2403 838 2428 et
877 2396 965 2428 alibi

251 2445 378 2478 Caesar.

298 2491 366 2521 Sem
389 2490 682 2522 eoleorae.nunaero.
729 2488 790 2519 Est
816 2486 882 2518 hoc
906 2496 965 2516 ve-

250 2546 345 2574 rum;
368 2534 439 2566 vid.
457 2533 499 2564 ad
516 2543 547 2564 c.
562 2534 624 2572 893
649 2531 760 2564 sedin
776 2532 871 2563 nullo
887 2530 964 2562 cod.

249 2580 298 2612 sic
315 2579 437 2620 legitur
450 2589 457 2608 ε
484 2577 520 2609 hi
534 2576 626 2609 enim
638 2588 679 2609 ear
690 2579 964 2609 cohorc.numero

250 2624 392 2656 habent.
439 2622 530 2664 Ergo
557 2632 614 2653 seat
642 2628 692 2653 est
716 2632 737 2653 a
764 2619 966 2653 correctori-

250 2670 329 2702 bus.
350 2669 399 2700 M.
445 2665 650 2698 Emendavit
672 2666 801 2707 primus
819 2665 965 2696 FaErnus

250 2725 269 2746 e
286 2713 494 2754 conjectura.
541 2710 721 2742 Consentit
744 2709 964 2742 Mare-landus

250 2769 274 2801 p
297 2804 458 2835 Destituti
495 2800 540 2833 ab
576 2799 769 2841 equitibus;
807 2801 964 2836 inermes,

249 2848 328 2880 telis
345 2846 510 2889 profusis;
535 2846 606 2877 sine
617 2844 790 2887 praesidio,
811 2853 832 2875 a
859 2843 964 2876 nullis

253 2892 431 2935 equitibus
446 2890 589 2923 defensi.
614 2890 666 2921 M.

296 2938 348 2978 Ab
375 2938 425 2971 his
450 2938 540 2971 enim
555 2951 598 2960 —
614 2936 752 2968 initium
769 2934 868 2977 fuqae
886 2933 963 2978 fac-

1032 2442 1200 2483 adrogans
1224 2440 1371 2473 nimium
1397 2446 1431 2471 et
1455 2439 1666 2481 gloriosulus
1689 2441 1751 2472 ad-

1034 2491 1131 2529 paret
1145 2485 1270 2525 Caesar,
1286 2485 1363 2527 ipso
1373 2484 1504 2527 judice.
1544 2483 1634 2516 Dein
1647 2484 1752 2517 verba.

1033 2531 1078 2564 ab
1101 2531 1221 2563 iisdem
1251 2533 1388 2563 initium
1405 2529 1503 2572 fuqoe
1518 2528 1652 2570 factum
1673 2539 1750 2561 am-

1032 2574 1140 2617 bigue
1156 2574 1227 2607 dici
1241 2579 1408 2614 autumat,
1418 2572 1515 2616 quasi
1528 2572 1637 2605 iidem
1651 2572 1754 2616 fuge-

1030 2620 1112 2659 rint,
1127 2630 1194 2652 non
1213 2619 1370 2661 fugarint.

1079 2666 1198 2697 Factae
1225 2665 1342 2696 caedes.
1388 2662 1445 2694 Sic
1476 2663 1576 2696 codd.
1608 2667 1643 2695 et
1668 2663 1750 2695 edd.

1030 2714 1101 2741 vet.
1147 2708 1335 2750 Aliisacta.

1079 2755 1279 2786 Circumita.
1341 2751 1470 2794 Vulgo,
1508 2755 1750 2786 circumventa.

1032 2800 1120 2830 Ante
1145 2799 1211 2830 hoc
1236 2797 1380 2829 verbum
1403 2797 1438 2828 τὸ
1459 2802 1536 2829 erat
1557 2797 1750 2829 tollendum

1031 2849 1094 2882 est,
1112 2849 1150 2875 ut
1164 2842 1305 2885 quidam
1319 2847 1532 2874 monuerunt.
1547 2842 1599 2873 M.
1635 2842 1672 2874 In
1690 2842 1748 2874 his

1032 2889 1181 2927 Gruter.,
1204 2887 1339 2925 Clarke,
1360 2886 1449 2918 Oud.
1466 2886 1658 2919 Marcland.
1673 2886 1749 2928 qui,

1031 2938 1069 2968 ut
1100 2933 1199 2972 solet,
1229 2931 1363 2977 accipit
1392 2936 1493 2976 atque
1525 2942 1589 2977 pro
1619 2931 1751 2967 statim,
