1946 3261
623 209 742 255 LIB.
776 208 861 255 III.
924 210 1063 255 CAP.
1095 211 1287 256 80-82.
1612 210 1706 260 397

208 336 491 397 longinquam
528 337 904 400 obpugnationem
944 339 1154 384 sustinere
1196 356 1282 385 non
1323 354 1460 399 posse.
1535 337 1701 399 Scipio,

200 396 388 441 discessu
423 399 695 443 exercituum
710 401 768 443 ab
791 399 1068 459 Dyrrhachio
1086 401 1281 457 cognito,
1318 400 1531 443 Larissam
1563 399 1699 459 legio-

205 471 279 500 nes
310 457 577 501 adduxerat:
613 459 848 517 Pompeius
883 457 1076 502 nondum
1113 458 1344 502 Thessaliae
1373 458 1701 518 adpropinqua-

206 515 299 559 bat.
365 517 525 566 Caesar,
559 517 709 560 castris
730 518 920 568 munitis,
956 517 1088 560 scalas
1113 517 1418 575 musculosque
1439 518 1493 561 ad
1511 519 1703 576 repenti-

207 590 308 618 nam
342 575 716 634 obpugnationem
750 576 845 619 fieri
884 585 928 620 et
961 584 1100 619 crates
1143 577 1290 634 parari
1327 577 1468 635 jussit.
1533 577 1702 627 Quibus

210 635 343 678 rebus
362 635 539 683 effectis,
563 634 815 677 cohortatus
835 636 994 678 milites
1014 634 1179 685 docuit,
1194 643 1407 693 quantum
1426 652 1551 678 usum
1570 635 1703 680 habe-

207 702 278 736 ret
297 693 351 736 ad
379 692 694 735 sublevandam
724 694 913 737 omnium
947 710 1095 737 rerum
1128 695 1334 752 inopiam,
1368 695 1504 752 potiri
1537 696 1703 752 oppido

208 752 339 810 pleno
360 760 492 810 atque
525 753 764 810 opulento;
795 754 923 796 simul
946 753 1124 811 reliquis
1142 753 1395 796 civitatibus
1425 752 1554 810 hujus
1582 755 1705 798 urbis

206 812 406 869 exemplo
441 811 600 854 inferre
639 820 878 861 terrorem;
911 821 955 854 et
987 812 1031 854 id
1067 811 1161 854 fieri
1195 812 1412 861 celeriter,
1446 812 1702 871 priusquam

207 871 371 914 auxilia
390 879 718 914 concurrerent.
781 871 953 929 Itaque,
989 887 1089 913 usus
1108 871 1318 928 singulari
1340 871 1528 913 militum
1545 872 1705 926 studio,

207 929 376 980 eodem,
400 945 487 988 quo
507 938 707 980 venerat,
744 930 815 973 die
839 939 937 989 post
967 929 1119 973 horam
1140 927 1296 972 nonam
1318 930 1532 989 oppidum
1551 930 1702 974 altissi-

206 989 285 1032 mis
301 990 514 1032 moenibus
535 990 791 1048 obpugnare
819 990 1063 1048 adgressu5‚
1087 998 1187 1032 ante
1204 989 1302 1033 solis
1321 1005 1519 1032 occasum
1533 1006 1703 1049 expug-

207 1049 330 1092 navit
347 1057 391 1091 et
411 1049 465 1091 ad
483 1048 779 1107 diripiendum
801 1049 1013 1092 militibus
1033 1049 1267 1098 concessit;
1300 1049 1535 1106 statimque
1553 1050 1610 1093 ab
1626 1065 1703 1108 op-

206 1108 309 1167 pido
325 1116 466 1151 castra
482 1108 619 1151 movit
639 1117 684 1150 et
709 1108 999 1166 Metropolim
1022 1108 1156 1159 venit,
1178 1109 1251 1160 sic,
1270 1118 1321 1151 ut
1342 1109 1518 1152 nuncios
1537 1125 1705 1169 expug-

208 1167 296 1210 nati
319 1166 471 1226 oppidi
492 1168 736 1225 famamque
757 1167 1052 1211 antecederet.

265 1227 337 1268 81.
373 1227 690 1283 Metropolitae,
727 1227 914 1284 primum
937 1227 1089 1270 eodem
1119 1227 1184 1271 usi
1212 1227 1405 1279 consilio,
1428 1227 1577 1271 iisdem
1607 1244 1705 1287 per-

205 1285 315 1329 moti
346 1286 613 1335 rumoribus,
645 1295 794 1343 portas
825 1287 1074 1330 clauserunt
1112 1303 1347 1345 murosque
1380 1289 1557 1330 armatis
1587 1304 1702 1332 com-

210 1345 472 1403 pleverunt;
504 1344 579 1387 sed
606 1354 772 1402 postea,
792 1361 890 1387 casu
916 1346 1102 1388 civitatis
1137 1347 1424 1405 Gomphensis
1453 1347 1630 1405 cognito
1652 1364 1705 1390 ex

209 1404 410 1462 captivis,
424 1420 534 1461 quos
550 1404 693 1446 Caesar
709 1404 763 1446 ad
778 1420 952 1447 murum
971 1405 1270 1462 producendos
1287 1415 1535 1456 curaverat,
1558 1415 1708 1464 portas

209 1472 493 1521 aperuerunt.
558 1463 729 1512 Quibus
760 1462 1086 1521 diligentissime
1116 1465 1395 1514 conservatis,
1428 1465 1599 1508 conlata
1620 1466 1709 1509 for-

209 1532 318 1566 tuna
337 1522 678 1580 Metropolitum
698 1539 796 1565 cum
821 1539 922 1565 casu
947 1522 1309 1580 Gomphensium,
1339 1523 1461 1566 nulla
1477 1523 1707 1568 Thessaliae

210 1581 295 1624 fuit
317 1582 484 1631 civitas,
515 1590 674 1639 praeter
698 1582 940 1631 Larissaeos‚
963 1583 1037 1639 qui
1060 1583 1227 1640 magnis
1254 1583 1517 1625 exercitibus
1538 1584 1706 1642 Scipio-

210 1641 273 1684 nis
294 1641 571 1689 tenebantur,
589 1641 694 1698 quin
715 1641 873 1683 Caesari
887 1650 1092 1699 parerent
1109 1651 1243 1699 atque
1262 1641 1478 1698 imperata
1495 1641 1705 1686 facerent.

210 1700 311 1750 Ille,
344 1700 502 1757 segetis
531 1699 733 1742 idoneum
755 1700 897 1742 locum
920 1700 962 1743 in
983 1701 1099 1758 agris
1132 1709 1298 1749 nactus,
1331 1716 1429 1757 quae
1460 1716 1600 1759 prope
1617 1702 1705 1759 jam

211 1768 384 1802 matura
403 1767 514 1809 erat,
536 1759 596 1802 ibi
615 1758 854 1801 adventum
873 1769 1125 1818 exspectare
1153 1759 1349 1818 Pompeii
1370 1775 1509 1819 eoque
1537 1776 1707 1804 omnem

213 1819 428 1863 rationem
452 1818 556 1861 belli
578 1819 777 1861 conferre
799 1819 1038 1861 constituit.

270 1878 342 1921 82.
379 1877 613 1936 Pompeius
650 1878 797 1935 paucis
830 1887 929 1936 post
962 1878 1118 1923 diebus
1151 1879 1194 1923 in
1217 1879 1483 1923 Thessaliam
1504 1880 1707 1939 pervenit

211 1939 577 1995 concionatusque
609 1936 730 1994 apud
761 1947 969 1980 cunctum
1002 1939 1245 1982 exercitum
1277 1940 1362 1982 suis
1393 1940 1485 1997 agit
1517 1941 1706 1998 gratias;

212 1997 427 2055 Scipionis
446 1996 604 2039 milites
626 1996 898 2047 cohortatur,
923 2006 989 2047 ut,
1013 2008 1139 2056 parta
1154 1999 1242 2056 jam
1260 1999 1458 2049 victoria,
1477 1999 1637 2057 praedae
1659 2015 1711 2042 ac

211 2056 488 2114 praemiorum
524 2055 660 2098 velint
691 2072 779 2099 esse
811 2057 1072 2115 participes:
1118 2058 1390 2116 receptisque
1427 2059 1626 2102 omnibus
1665 2058 1709 2102 in

215 2131 301 2158 una
319 2121 461 2158 castra
480 2114 739 2173 legionibus,
761 2132 887 2158 suum
909 2132 1007 2158 cum
1034 2116 1238 2174 Scipione
1258 2116 1466 2160 honorem
1498 2118 1711 2176 partitur,

211 2173 522 2233 classicumque
542 2173 662 2232 apud
682 2190 781 2217 eum
801 2175 911 2225 cani,
940 2184 985 2219 et
1004 2175 1195 2219 alterum
1216 2175 1280 2218 illi
1306 2176 1432 2236 jubet
1453 2178 1710 2235 praetorium

262 2271 517 2302 meurrerem.
531 2270 609 2301 edd.
625 2275 692 2301 vet.
707 2276 929 2303 occurrerem.

266 2315 494 2356 Gomphensis.
532 2315 568 2345 In
586 2314 748 2345 omnibus
759 2315 859 2345 codd.
877 2321 928 2346 est

216 2359 476 2401 comprehensis,
493 2358 526 2390 in
546 2359 700 2390 Leidens.
715 2358 825 2400 primo
838 2369 929 2390 com-

212 2413 351 2445 prexxoe.
412 2402 621 2434 ciacconius
660 2413 739 2434 vere
777 2403 929 2444 reposuit

1045 2272 1172 2311 Seqem
1202 2270 1362 2302 idoneum
1392 2272 1513 2304 locum.
1574 2272 1712 2313 Ergone

998 2314 1064 2346 hoc
1084 2314 1251 2356 significat
1266 2315 1382 2347 locum
1399 2315 1524 2347 Caesari
1540 2316 1632 2358 obpo
1640 2322 1710 2347 rtu-

998 2369 1093 2397 num,
1111 2367 1250 2402 propter
1268 2366 1430 2402 segetem,
1447 2371 1522 2402 quae
1541 2361 1588 2392 ibi
1613 2362 1708 2392 erat?

997 2404 1063 2435 Sed
1078 2404 1155 2445 quis
1187 2404 1287 2436 facilc
1314 2405 1471 2436 frumenti
1499 2405 1613 2436 locum
1632 2405 1708 2436 ido-

219 2448 460 2489 Gomphmmis:
485 2447 513 2479 si
539 2447 616 2488 quis
645 2447 735 2478 enim
779 2448 927 2479 Dionem

217 2491 310 2524 Cass.
325 2493 488 2530 conferat,
513 2491 657 2530 videbit,
687 2492 740 2523 his
756 2491 841 2533 ipsis
856 2492 927 2523 fere

219 2535 347 2574 verbis,
362 2535 490 2577 quibus
505 2535 618 2568 Caesar
635 2547 716 2567 usus
744 2542 827 2575 erat,
858 2547 929 2568 rem

221 2579 360 2612 narrari.
385 2581 437 2612 M.
482 2580 626 2613 Hotom.
657 2579 748 2612 idem
778 2580 928 2613 hariola-

219 2631 274 2657 tus
290 2631 371 2656 erat.

265 2671 528 2711 Metropolitum.
565 2669 684 2701 Graeca
714 2669 834 2707 forma,
863 2673 929 2702 Mn-

216 2714 412 2758 σροπολι-τᾶἳν,
428 2725 489 2756 pro
506 2714 851 2756 Metropolitanorum.
877 2715 929 2746 De

220 2769 258 2795 re
271 2769 303 2790 v.
319 2758 388 2790 Dio
401 2759 426 2790 l.
442 2769 475 2790 c.

267 2804 437 2836 parerent
453 2821 497 2827 --
506 2803 671 2844 facerent.
719 2802 772 2835 Sic
788 2814 808 2834 e
827 2803 927 2835 codd.

221 2847 366 2880 restituit
380 2847 556 2879 Davisius.
573 2854 610 2879 ut
624 2853 657 2878 et
671 2847 768 2880 alibi.
792 2848 846 2879 Cf.
856 2855 927 2880 not.

216 2894 262 2930 ad
277 2896 310 2930 2,
326 2894 357 2924 6.
375 2892 486 2934 Vulgo
497 2893 575 2924 dant
585 2898 725 2934 pareret
737 2910 779 2916 —
787 2893 927 2933 faceret.

215 2936 394 2990 pellarius
410 2939 542 2982 praerert
553 2942 685 2982 pateret
702 2955 745 2965 --
753 2936 896 2982 faceret.

998 2458 1098 2480 neum
1115 2449 1180 2480 hoc
1194 2459 1293 2480 sensu
1311 2450 1425 2480 dicat?
1450 2449 1552 2490 Atqui
1566 2449 1707 2480 verbum

997 2497 1115 2535 quetis
1138 2493 1238 2525 abest
1265 2493 1310 2525 ob
1349 2493 1490 2535 optimis
1518 2493 1709 2526 codicibus,

996 2538 1125 2569 Tamen
1143 2543 1284 2579 propter
1297 2537 1481 2579 sequentia,
1506 2547 1584 2579 quoe
1604 2549 1710 2580 prope

987 2584 1069 2623 jam
1083 2587 1223 2614 ‘matura
1239 2588 1310 2614 erat
1325 2582 1414 2620 (sive
1441 2587 1550 2619 νναηΙ,
1573 2588 1610 2613 ut
1624 2582 1706 2614 boni

997 2627 1097 2658 codd.
1121 2626 1263 2666 habent)
1278 2626 1344 2658 tale
1360 2625 1500 2657 verbum
1517 2627 1708 2667 praecedere

996 2670 1128 2702 debuit.
1174 2671 1329 2702 Fortasse
1359 2680 1451 2711 ergo,
1483 2676 1520 2700 ut
1552 2676 1585 2701 et
1616 2670 1706 2702 Oud.

995 2715 1110 2747 visum
1137 2720 1200 2754 est,
1221 2715 1255 2746 in
1285 2714 1399 2746 verbis
1428 2713 1559 2755 aliquid
1589 2715 1705 2747 mendi

996 2759 1089 2793 latet.
1114 2759 1178 2790 etsi
1204 2769 1337 2790 sensum
1366 2758 1508 2789 omnino
1537 2759 1706 2791 videmus.

998 2805 1049 2836 M.
1074 2805 1166 2835 Bene
1184 2803 1294 2836 Bentl.
1310 2802 1414 2834 deleri
1427 2803 1526 2844 jubet
1539 2807 1655 2845 seqetis
1671 2811 1706 2836 et

997 2848 1075 2880 dein
1103 2849 1167 2890 leg.
1203 2849 1287 2889 quia
1312 2858 1417 2890 prope
1444 2850 1525 2890 jam
1562 2855 1706 2882 matura.

995 2905 1053 2928 era
1059 2898 1094 2925 nt
1102 2893 1276 2934 frumenta
1282 2915 1290 2922 .
1401 2930 1404 2931 ⁷

1041 2938 1228 2975 classicum
1242 2954 1286 2966 -
1302 2939 1393 2980 cani,
1408 2947 1505 2982 aeque
1519 2939 1611 2982 apud
1628 2937 1706 2972 Scia
