1946 3261
193 208 276 251 656

195 335 382 368 Imercluzli
403 343 441 363 re
458 332 703 372 frumentaria,
725 331 833 362 arceri
851 332 896 363 ab

223 388 230 392 ‘
241 378 282 409 iis
298 377 392 414 locis,
402 377 490 407 unde
501 375 703 407 frumentum
718 375 785 416 peti
799 380 897 416 pote-

235 426 296 457 rat,
323 423 349 458 l,
363 422 405 451 23

196 463 398 496 Imm-dicere
428 464 533 493 alicui
561 472 598 493 re
628 463 758 503 aliqua,
793 464 820 498 1,
842 464 896 494 46.

236 507 433 538 irum-dicere
444 515 539 547 aqua
549 510 579 536 et
594 507 677 546 iyni,
693 505 726 536 in
737 505 897 537 exsilium

236 549 380 587 mittere,
411 551 442 587 6,
458 551 512 580 41.
559 547 622 580 Sed
650 553 682 587 5,
705 552 759 580 58.
791 551 897 580 inter-

236 594 344 624 disere
357 598 408 624 est
419 592 549 633 jubere,
565 592 697 624 edicere

194 636 399 677 Inteojicere,
415 635 639 677 interponere,
652 634 853 673 immiscere,
865 637 896 673 7,

235 681 290 710 36.
315 681 504 721 interjicere
532 684 635 711 sentes
657 679 841 717 arboribue,
865 682 896 716 2,

196 767 353 805 Interior,
365 766 436 798 vid.
450 767 493 798 ad
505 769 536 800 2,
552 769 584 797 2.
598 766 644 796 cf.
657 769 690 803 5,
707 766 758 804 12,
776 766 826 803 13,
844 766 894 796 14.

233 812 415 849 inter-imos,
427 810 487 852 qui
503 809 589 842 intra
607 808 733 840 moenia
747 814 836 847 sunt,
863 810 895 845 7,

192 896 340 929 Interire
354 898 396 928 de
413 907 447 927 re
462 895 619 934 inanima,
631 895 672 927 de
685 895 838 933 navibus,
852 894 891 926 C.

237 942 266 978 l,
283 943 337 972 58.
367 940 405 971 C.
423 942 455 977 3,
472 942 525 971 27.
556 941 597 971 Α.
613 941 669 970 21.
691 939 731 971 de
744 948 811 971 ‚usu
827 943 895 970 lor-

232 989 436 1021 me‘nlomm,
451 983 492 1014 C.
509 987 540 1021 2,
560 985 598 1014 16

191 1027 354 1065 Interitio,
369 1026 534 1065 interitus,
547 1027 669 1063 caedes,
690 1026 733 1055 H.
751 1026 791 1055 24

191 1065 424 1103 Inter-‘mittere'
449 1075 576 1110 tempus¹
612 1080 635 1100 a
668 1069 784 1099 labore
820 1073 895 1107 (va-

231 1114 362 1152 cuum),
383 1114 423 1144 C.
445 1115 471 1150 1,
493 1115 545 1142 32.
572 1111 617 1143 cs.
642 1112 707 1143 Ad.
731 1114 894 1143 intermic-

230 1163 304 1190 tunt
327 1158 509 1193 subeuntes,
533 1154 692 1186 desinunt
721 1155 895 1193 accedere,

232 1199 376 1230 παύονται
392 1198 623 1242 πξοσερχιῖμενοι,
638 1201 670 1236 2,
684 1201 738 1229 95.
753 1198 893 1239 flumen

229 1244 426 1279 intermittit,
447 1252 595 1273 vacuum
620 1241 769 1282 spatium
789 1241 892 1273 relin-

229 1286 317 1328 quit,
345 1286 436 1328 quod
459 1296 546 1326 aqua
571 1295 638 1316 non
662 1284 809 1316 offusum
831 1291 893 1323 est,

234 1333 260 1368 1,
274 1332 328 1361 38.
350 1331 580 1362 intermissum
606 1330 766 1369 spatium,
791 1327 891 1359 inter-

228 1373 371 1412 vallum,
386 1375 418 1411 7,
433 1375 488 1405 72.
508 1374 700 1403 interonassa
716 1372 826 1409 vallis»,
842 1371 890 1402 in-

227 1416 402 1454 termedia,
431 1418 463 1455 8,
489 1417 521 1446 9.
552 1416 740 1446 &mermes-so
766 1415 890 1453 triduo,

225 1459 335 1492 tribus
349 1459 472 1491 diebus
486 1469 505 1489 e
519 1457 624 1499 apsis,
640 1460 668 1496 l,
679 1459 732 1488 27.
751 1462 787 1488 ut
799 1463 891 1490 nocte

226 1506 428 1541 intemz'ssa,
439 1503 563 1534 interea
577 1502 656 1532 dum
672 1511 739 1532 nox
753 1499 889 1532 labitur.

227 1547 314 1579 ibid.
343 1549 536 1579 intermissa
564 1545 701 1577 collibus
726 1545 892 1585 plumeies,

228 1591 341 1622 media
366 1590 449 1621 inter
470 1589 587 1626 colles,
613 1587 798 1628 interjecta,
822 1597 888 1618 non

226 1640 316 1666 tecta
342 1634 442 1671 colle,
467 1635 498 1671 7,
523 1634 575 1663 70.
604 1632 647 1662 cf.
676 1631 762 1662 ibid.
787 1641 817 1661 c.
840 1633 890 1661 17.

227 1675 673 1715 intermissae(distantes,sic
685 1675 786 1716 paulo
797 1675 891 1713 aute)

226 1722 366 1761 paribus
390 1722 504 1761 spatia
527 1720 647 1756 trabes,
675 1721 706 1756 7,
732 1720 785 1763 23.
815 1728 889 1758 quae

229 1764 408 1805 hypallage
422 1769 488 1794 est:
512 1773 588 1794 nam
613 1761 723 1803 spatia
744 1772 771 1793 s.
789 1760 890 1792 inter-

228 1808 317 1838 valla
334 1806 593 1838 intermittuntur
608 1817 634 1836 s.
651 1805 889 1844 relinquuntur.

187 1851 384 1889 Internecio,
411 1849 564 1881 omnium
581 1848 720 1879 omnino
739 1846 891 1878 interitus

231 1899 263 1924 et
277 1894 400 1931 caedes,
417 1896 444 1931 l,
462 1895 512 1924 13.
529 1896 561 1930 2,
574 1894 616 1923 28

188 1937 420 1979 Interpellare,
433 1936 502 1969 vid.
514 1936 561 1967 ad
572 1937 610 1966 A.
630 1937 670 1967 50

186 1979 406 2022 Interponere
420 1990 564 2017 moram,
579 1982 611 2016 4,
627 1981 659 2009 9.
682 1980 890 2019 interponere

229 2034 395 2061 caussam,
430 2024 576 2064 proferre
614 2031 778 2059 caussam,
812 2031 889 2062 quae

228 2077 297 2097 rem
326 2066 500 2108 impediat,
525 2065 742 2097 excusatione
769 2064 831 2098 uti.
861 2066 890 2103 1,

229 2113 284 2140 49.
295 2111 500 2150 interponere
507 2111 616 2141 alicui·
616 2109 720 2148 fidem
728 2132 735 2141 .
746 2107 777 2138 ei
788 2108 887 2139 fidem

210 2153 338 2184 -facere
364 2153 522 2193 jurando,
551 2152 766 2189 obtestando,
797 2155 827 2189 5,
859 2154 890 2181 6.

226 2197 373 2237 inposita
400 2197 549 2236 suspicio,
580 2195 712 2235 injecta,
742 2195 889 2226 excitata

228 2239 272 2270 ab
287 2238 377 2277 aliis,
392 2242 423 2277 4,
438 2240 474 2269 31

186 2284 438 2324 lucem-umpere
461 2286 606 2323 pontem,
631 2281 829 2320 rescindere,
859 2284 890 2320 7,

186 2369 427 2401 Inter-scindere
437 2373 583 2410 pontem,
596 2367 794 2405 rescindere,
811 2372 841 2407 2,
855 2370 888 2398 9.

228 2412 465 2444 imm-scindere
479 2422 648 2454 agmen-em,
669 2412 744 2453 ejus
759 2418 886 2452 partem

224 2456 367 2491 diruere,
381 2457 412 2494 7,
426 2458 467 2486 <2⁴

186 2500 359 2532 Jmeaetum
384 2499 566 2530 viminibus
588 2504 731 2536 sculum,
761 2498 893 2529 textum

227 2554 246 2573 e
261 2541 462 2580 viminibus,
475 2545 506 2578 2,
523 2545 564 2573 33

185 2586 414 2617 Intolermzter
429 2587 534 2626 sequi,
558 2584 732 2623 acerrime,
755 2590 790 2615 ut
804 2585 887 2615 alter

225 2629 474 2661 vehementiam
507 2627 678 2670 sequentis
713 2628 770 2660 vix
801 2627 885 2659 ferre

225 2673 343 2713 possit,
361 2675 392 2711 7,
408 2675 444 2703 51

183 2716 320 2748 Imm-sit
336 2717 461 2757 aliquis
475 2716 596 2754 talum,
607 2716 692 2747 talus
703 2715 775 2756 ejus
789 2715 883 2746 luxa-

223 2765 275 2790 tus
289 2765 350 2798 est,
361 2760 466 2790 1-1.38.
478 2761 621 2791 intortus
632 2760 731 2795 talare,
742 2758 825 2790 ibid.
841 2760 880 2790 39

181 2801 323 2833 Intrv'tus
345 2804 388 2834 ab
404 2803 528 2841 labore,
548 2812 614 2834 non
629 2802 763 2836 attritus
780 2814 807 2834 s.
822 2803 880 2834 de-

221 2845 376 2878 bilitatus
392 2846 517 2884 labore,
532 2848 561 2885 8,
576 2848 617 2878 26

814 203 1015 249 INDEX

968 332 1126 363 Im-em're
1146 340 1186 361 ea,-
1202 332 1328 373 aliquo,
1350 338 1565 372 cognoscere,
1577 342 1670 374 quae-

1010 375 1111 405 rendo
1127 377 1328 416 comperire,
1343 379 1374 413 2,
1393 378 1432 406 16

968 419 1115 457 Ina-aeus,
1139 428 1206 449 non
1226 423 1304 450 ante
1319 420 1440 452 oculos
1465 418 1607 461 positus,
1628 418 1669 450 C.

1009 465 1040 499 ρ,
1058 463 1075 492 4

968 507 1129 542 Invitare,
1143 505 1182 537 C.
1203 507 1230 543 1,
1244 507 1283 536 74

967 550 1124 580 ΙηιὉΙανε
1139 550 1176 579 in
1190 550 1352 589 aliquem,
1374 550 1414 580 A.
1431 552 1471 580 52

967 593 1103 624 Inzoeilis
1119 592 1165 622 ad
1175 602 1342 633 pugynam„
1363 594 1404 623 de
1421 591 1546 633 pueris,
1567 595 1600 629 2,
1618 593 1671 623 16.

1007 634 1142 671 noxius,
1158 636 1213 667 Af.
1231 638 1283 666 54.
1307 638 1485 674 inutiliter,
1500 635 1672 673 damnose,

966 722 1156 760 IrridIcule,
1169 732 1237 754 non
1253 722 1438 761 ‘im-micul&
1453 722 1534 754 satis
1551 721 1671 759 facete,

1009 767 1038 803 1,
1053 767 1095 796 42

965 808 1162 850 Irrumpere
1173 813 1320 849 pontem,
1334 818 1513 849 occupare,
1524 809 1564 840 C.
1584 811 1669 848 1,,16

966 853 1032 890 Ita,
1047 862 1117 883 non
1132 853 1182 882 ita
1196 853 1353 890 multum,
1369 855 1400 890 5,
1414 854 1453 883 47

966 896 1036 926 Iam·
1052 898 1113 934 ire,
1128 895 1182 925 Af.
1199 897 1230 933 6,
1242 896 1283 926 75

965 939 1105 976 Iterum,
1121 938 1316 977 secundum,
1334 941 1362 977 1,
1376 939 1418 968 44

961 982 1099 1013 Jude'cia
1126 982 1265 1013 reddere
1290 984 1328 1013 in
1357 983 1522 1024 aliquem,
1546 982 1589 1014 de
1615 992 1670 1020 eo,

1004 1025 1061 1066 qui
1073 1026 1127 1066 jus
1143 1024 1239 1063 dicit,
1251 1025 1291 1056 C.
1308 1027 1397 1062 2,18

962 1068 1093 1109 Juqum
1116 1079 1247 1106 currus,
1270 1068 1378 1107 locus,
1398 1079 1467 1109 quo
1485 1078 1602 1101 currus
1619 1074 1669 1101 te-

1005 1111 1098 1143 moni
1121 1111 1282 1153 jungitur,
1309 1116 1341 1150 4,
1365 1114 1419 1142 33.
1454 1113 1516 1144 sub
1536 1116 1667 1155 jugum

1003 1157 1146 1190 mittere,
1173 1154 1257 1186 ritus
1294 1155 1573 1194 contumeliosus,
1598 1166 1666 1197 quo

1003 1197 1180 1236 indicatur,
1203 1198 1317 1229 hostes
1331 1198 1442 1229 victos
1455 1205 1490 1230 et
1506 1199 1540 1229 in
1563 1198 1669 1230 servi·

1004 1247 1109 1272 tutem
1126 1242 1280 1272 redactos
1294 1251 1380 1279 esse,
1405 1243 1433 1279 1,
1450 1243 1480 1271 7.
1501 1244 1552 1272 12.
1599 1241 1670 1273 De-

1004 1284 1140 1324 scripsit
1155 1283 1287 1322 Livius‚
1305 1287 1336 1322 3,
1349 1287 1404 1316 28.
1421 1284 1468 1315 cf.
1484 1286 1517 1322 9,
1533 1287 1564 1322 5,
1579 1286 1611 1316 6.

961 1329 1113 1367 Junqere
1141 1337 1265 1368 equum
1294 1337 1389 1369 equo,
1423 1326 1574 1368 proxime
1603 1327 1669 1360 ali-

1001 1382 1101 1411 quem
1116 1371 1322 1411 adequitare,
1338 1373 1369 1409 8,
1383 1373 1426 1402 48
1482 1401 1486 1405 2

960 1414 1126 1447 Juniores,
1149 1414 1207 1455 qui
1233 1420 1367 1446 aetatem
1395 1413 1576 1446 militarem
1604 1413 1668 1447 ha-

1004 1457 1095 1495 bem,
1118 1459 1150 1495 7,
1169 1459 1196 1488 1.
1239 1457 1280 1488 c.
1299 1460 1330 1495 3,
1355 1459 1428 1489 102.
1471 1457 1547 1489 Liv.
1569 1460 1666 1496 1,43.

1004 1501 1144 1541 Dionys.
1170 1501 1286 1532 llalic.
1317 1511 1352 1542 p.
1377 1503 1453 1532 291.
1485 1502 1540 1532 ed.
1570 1502 1666 1543 Sytb.

1001 1544 1050 1575 sic
1074 1544 1210 1577 desinit.
1231 1544 1292 1585 qui
1318 1545 1466 1576 nondum
1487 1544 1666 1586 attigerunt

1001 1597 1126 1619 annum
1149 1588 1260 1620 zctatis
1279 1587 1435 1629 quintum
1463 1594 1497 1620 et
1520 1589 1667 1629 quadra-

1000 1642 1181 1672 gesrmum.

959 1676 1032 1706 Jms.
1049 1675 1093 1706 cs.
1113 1676 1225 1707 Adire.

959 1719 1058 1750 Jwela.
1080 1729 1212 1757 caussa,
1235 1718 1368 1753 idonea.
1396 1723 1535 1760 propter
1561 1729 1664 1759 quam

1002 1772 1182 1799 meremur,
1220 1768 1256 1792 ut
1293 1762 1422 1802 aliquid
1451 1763 1522 1800 fiat,
1553 1764 1581 1800 l,
1609 1765 1663 1794 43.

992 1808 1124 1845 justum
1140 1806 1207 1836 diei
1221 1808 1296 1844 iter,
1310 1805 1378 1836 vid.
1393 1806 1435 1836 ad
1451 1805 1490 1836 C.
1509 1808 1540 1843 3,
1555 1807 1597 1836 76

958 1848 1054 1880 Justa
1065 1849 1241 1890 funebria,
1256 1849 1288 1886 6,
1305 1850 1352 1879 19.
1382 1847 1434 1880 Cf.
1451 1847 1663 1881 Mamissam.

960 1978 1072 2009 Labor
1098 1980 1219 2019 operis.
1245 1977 1402 2009 molestia
1431 1977 1604 2010 muniendi
1628 1984 1662 2010 et

1000 2020 1238 2062 oppugnandi,
1254 2023 1284 2059 7,
1299 2023 1354 2051 20.
1371 2023 1414 2052 28

959 2064 1180 2102 Labor'antex,
1205 2064 1262 2105 qui
1291 2064 1482 2105 periculum
1503 2064 1561 2096 vix
1583 2075 1664 2107 pro-

1001 2107 1118 2139 hibere
1135 2114 1288 2149 possunt,
1313 2110 1340 2141 l,
1355 2110 1407 2138 52.
1431 2107 1563 2148 laborat
1585 2112 1666 2141 ani·

999 2163 1064 2182 mn.
1087 2151 1208 2192 quovis
1233 2151 1336 2182 modo
1360 2157 1455 2183 ουν-ιι
1475 2157 1508 2183 et
1528 2152 1666 2193 cogitat,

1000 2197 1032 2233 7,
1047 2197 1081 2225 81

957 2238 1075 2269 Labra
1092 2238 1206 2279 sossoe,
1228 2239 1258 2273 7,
1279 2239 1333 2269 72.
1356 2242 1388 2269 et
1412 2239 1538 2279 pocula‘,
1559 2240 1591 2276 6,
1607 2241 1664 2270 28.

1000 2287 1075 2312 sunt
1091 2281 1259 2322 margines

963 2325 1134 2356 Laeessere
1147 2326 1272 2357 hostem
1281 2325 1410 2366 prmHo,
1421 2323 1551 2365 sagittis
1560 2324 1616 2366 jac
1624 2336 1662 2356 u-

1001 2369 1110 2409 lisque
1126 2367 1349 2408 conjiciendis
1364 2373 1421 2398 aut
1434 2367 1660 2408 adequitando

1000 2411 1131 2442 irritare
1147 2411 1277 2442 hostem
1299 2417 1331 2442 et
1347 2421 1479 2451 cogere,
1499 2416 1536 2442 ut
1551 2422 1587 2442 se
1603 2413 1660 2443 de-

998 2456 1122 2493 fendat,
1139 2457 1166 2492 l,
1186 2456 1235 2492 15,
1251 2457 1302 2485 93.
1318 2456 1476 2486 lacessere
1488 2456 1660 2496 prndium,

998 2498 1161 2529 lacessere
1177 2498 1291 2530 hostes
1303 2499 1344 2529 ad
1361 2498 1534 2539 proelium,
1550 2501 1581 2534 4,
1595 2501 1636 2531 3⁴

957 2542 1108 2574 Laetann.
1123 2545 1153 2579 5,
1168 2545 1208 2572 52

956 2586 1171 2626 Lan-quidm,
1187 2584 1338 2623 timidus,
1354 2586 1393 2616 Α.
1411 2587 1452 2615 25

956 2628 1108 2667 Lanam,
1119 2628 1342 2670 gladiatorum
1357 2627 1526 2670 magister,
1535 2627 1589 2660 As.
1602 2629 1656 2660 ⁷1.

953 2716 1112 2757 Lar-qiler
1122 2726 1228 2757 posse,
1249 2715 1392 2747 multum
1409 2715 1533 2749 valere.
1557 2716 1586 2753 1,
1605 2716 1655 2745 18.

995 2759 1028 2790 in
1043 2770 1091 2799 gr.
1107 2759 1272 2800 metflphr.
1287 2764 1348 2796 est,
1371 2761 1510 2789 πλεῖστοι
1524 2756 1653 2789 δύνασαι.

993 2803 1136 2843 Iarqiter
1151 2805 1317 2844 consequi,
1330 2802 1384 2833 Af.
1401 2804 1437 2833 71

951 2846 1131 2880 Laureatae
1143 2847 1248 2882 literae
1260 2852 1289 2880 et
1297 2846 1420 2888 fasces,
1432 2845 1471 2878 C.
1488 2847 1519 2884 8,
1533 2846 1570 2877 71
