1946 3261
282 472 370 544 C.
438 472 788 546 JULII
868 469 1444 542 CAESARIS

583 631 1162 686 COMMENTARII

449 789 563 837 DE
625 787 917 836 BELLO
975 785 1282 838 CIVILI.

584 1099 771 1143 LIBER
817 1099 1180 1141 SECUNDUS.

702 1249 1049 1279 ARGUMENTUM.

144 1315 227 1354 Cap.
249 1314 275 1350 l,
293 1316 324 1343 2.
337 1312 376 1343 C.
392 1311 588 1344 Trebonius
600 1311 788 1343 Massiliam
803 1311 989 1352 obpugnat.
1016 1314 1046 1348 3,
1064 1312 1095 1341 4.
1114 1310 1274 1342 Nasidius
1287 1321 1366 1342 cum
1377 1312 1485 1343 classe
1497 1312 1620 1350 adven-

184 1362 256 1388 tans
278 1356 429 1388 animum
455 1355 576 1387 ineolis
599 1355 702 1388 addit.
727 1356 783 1386 sed
831 1357 926 1384 5—7.
952 1354 986 1384 hi
1004 1354 1112 1385 navali
1132 1355 1252 1395 proelio
1271 1355 1418 1396 superati
1434 1361 1467 1386 et
1497 1358 1617 1393 8-11,

186 1399 358 1432 machinas
373 1410 500 1440 magnae
516 1399 633 1437 molis,
647 1409 667 1430 a
681 1398 853 1430 Trebonio
866 1402 1060 1435 exstructas,
1071 1397 1205 1429 diruere
1219 1398 1341 1430 frustra
1356 1398 1463 1430 adorti
1499 1401 1549 1437 12,
1567 1400 1619 1429 13.

187 1443 341 1476 inducias
358 1449 473 1485 petunt
487 1449 520 1474 et
536 1443 718 1484 inpetrant.
748 1445 797 1474 14.
813 1442 966 1473 obtentas
981 1441 1123 1480 violant,
1138 1448 1330 1483 erumpunt,
1342 1452 1444 1482 opera
1454 1441 1619 1474 Trebonii

187 1487 371 1529 disjiciunt.

187 1537 334 1564 currunt.

430 1490 481 1518 15.
517 1486 579 1517 [lis
602 1487 671 1518 cito
694 1487 866 1528 reparatis.

916 1487 966 1516 16.
1003 1485 1107 1516 territi
1133 1487 1175 1516 ad
1200 1486 1334 1517 easdem
1360 1485 1543 1518 deditionis
1572 1498 1623 1518 re-

149 1579 233 1615 Cap.
254 1577 304 1606 17.
329 1573 466 1606 Interim
484 1573 533 1605 M.
553 1573 658 1605 Varro
677 1574 709 1604 in
728 1572 884 1604 ulteriore
904 1572 1081 1613 Hispania.
1096 1571 1241 1607 cognitis
1256 1573 1367 1606 rebus.
1387 1585 1460 1615 quae
1478 1573 1509 1604 in
1527 1574 1624 1606 Italia,

186 1625 290 1661 gestae
308 1623 396 1657 sunt,
414 1618 446 1649 in
461 1616 648 1649 amicitiam
663 1616 805 1649 Caesaris
822 1616 963 1648 inclinat
980 1628 988 1646 z
1012 1627 1091 1647 mox
1110 1616 1197 1653 hunc
1214 1616 1257 1645 ad
1274 1616 1465 1648 Massiliam
1482 1618 1625 1650 detineri

187 1662 281 1694 audit
306 1669 339 1694 et

404 1664 453 1692 18.
488 1661 717 1692 defensionem
742 1666 846 1701 parat,
873 1661 929 1691 sed
989 1662 1038 1697 19,
1063 1662 1115 1690 ¹20.
1149 1660 1296 1691 desertus
1325 1660 1369 1692 ab
1394 1660 1557 1692 omnibus
1580 1662 1624 1693 ad

187 1706 354 1739 Caesarem
368 1705 499 1743 transit,
514 1705 572 1746 qui
619 1708 671 1735 21.
695 1704 786 1736 omni
807 1704 974 1745 Hispanos
991 1703 1060 1735 sibi
1074 1701 1231 1734 devincit.

150 1753 231 1792 Cap.
250 1754 303 1782 22.
328 1748 567 1782 Massilienses
581 1760 718 1790 quoque
736 1759 808 1779 sese
823 1749 958 1779 dedunt.

1005 1750 1146 1780 93—87.
1169 1746 1287 1781 Curio,
1309 1746 1452 1778 Caesaris
1468 1748 1627 1790 Legatus,

191 1795 235 1826 ad
258 1793 396 1826 Uticam
420 1793 506 1824 bene
533 1804 605 1825 rem
627 1793 712 1835 gerit
732 1799 847 1824 contra
873 1793 1009 1829 Varum.
1034 1802 1125 1829 mox,
1172 1794 1314 1822 38—4‘2.
1345 1791 1470 1832 proelio
1499 1798 1625 1826 temere

190 1838 376 1870 commisso
390 1838 433 1869 ad
449 1837 647 1879 Bagradam,
663 1848 683 1868 a
701 1837 789 1869 Varo
805 1842 837 1868 et
851 1836 993 1873 Sabura,
1010 1835 1110 1868 Jubae
1128 1835 1304 1867 Praefecto.
1326 1841 1502 1876 superatus
1525 1836 1628 1869 inter-

192 1881 315 1914 ficitur.
360 1885 415 1920 43,
431 1883 486 1913 44.
519 1881 697 1913 Exercitus
715 1880 862 1922 reliquiae
882 1880 1001 1922 partim
1021 1879 1051 1911 in
1067 1879 1220 1912 Siciliam
1245 1891 1280 1910 se
1304 1878 1483 1920 recipiunt,
1503 1881 1628 1923 partim

195 1927 284 1959 Varo
301 1936 336 1958 se
351 1927 494 1966 dedunt;
519 1926 644 1957 multos
659 1925 748 1957 Juba
764 1931 874 1956 necat.

152 1984 327 2046 DUM
363 1998 450 2041 haec
486 1998 529 2041 in
561 1999 770 2057 Hispania
801 2007 1031 2056 geruntur,
1065 1998 1116 2040 C.
1147 1996 1390 2040 Trebonius
1423 1996 1629 2056 Legatus,

150 2057 227 2117 qui
265 2057 319 2100 ad
361 2058 730 2115 obpugnationem
775 2057 975 2100 Massiliae
1016 2057 1192 2098 relictus
1228 2064 1340 2105 erat,
1372 2056 1542 2099 duabus
1577 2073 1631 2100 ex

153 2115 351 2183 partibus
372 2131 591 2174 aggerem,
623 2117 781 2166 vineas,
808 2126 1037 2172 turresque
1059 2115 1113 2157 ad
1134 2115 1345 2172 oppidum
1361 2131 1491 2172 agere
1515 2115 1634 2159 insti-

153 2183 255 2217 tult.

331 2175 436 2217 Una
471 2182 566 2216 erat
603 2175 800 2232 proxima
834 2174 980 2232 portui
1018 2173 1361 2230 navalibusque;
1406 2174 1544 2217 altera
1580 2174 1636 2217 ad

155 2242 341 2292 partem,
365 2248 453 2290 qua
477 2242 542 2275 est
563 2233 704 2276 aditus
725 2250 776 2276 ex
801 2233 945 2275 Gallia
964 2241 1096 2290 atque
1122 2232 1333 2290 Hispania
1349 2233 1403 2275 ad
1424 2232 1469 2275 id
1497 2249 1635 2283 mare,

201 2351 304 2384 Liber
331 2350 386 2383 hic
419 2352 585 2383 secundus
616 2352 693 2393 plus
722 2350 864 2382 dimidia

159 2401 254 2438 parte
286 2395 426 2437 periisse
457 2396 601 2427 videtur.
660 2395 865 2427 Ciacconius

159 2439 307 2472 ostendit
327 2440 445 2471 deesse
463 2440 567 2479 varia,
588 2440 631 2470 ad
652 2451 726 2481 quae
756 2439 867 2481 proxi-

160 2491 216 2515 mo
244 2483 330 2514 libro
361 2483 471 2515 Caesar
495 2495 568 2515 sese
597 2484 716 2523 refert5
751 2482 865 2525 qualia

163 2528 348 2559 Dolabellae
364 2539 382 2559 e
406 2529 586 2560 Dalmatia
595 2528 683 2568 fauo
695 2541 708 2565 ;
738 2529 868 2559 Antonii.

160 2572 282 2603 deditio
311 2571 358 2601 ml
390 2573 565 2609 Coronam,
590 2573 702 2603 seditio
733 2573 869 2612 leqinm's

160 2625 256 2647 nonae
264 2615 355 2656 apud
369 2616 579 2647 Placentiam
591 2621 625 2646 et
640 2617 741 2657 ipsius
759 2617 868 2647 Caesa-

162 2662 208 2690 mle
223 2659 383 2690 adt-entus
399 2659 445 2689 ml
463 2660 585 2690 urbem.

210 2703 417 2744 Obpuqnatesso
435 2703 605 2734 Massilioe.
633 2702 731 2734 Conf.
746 2705 774 2741 l,
786 2704 869 2732 34——

165 2747 219 2785 37,
234 2752 267 2777 et
284 2747 424 2776 56—59.
451 2746 500 2776 M.

210 2791 262 2821 Ad
283 2794 424 2831 partem.
484 2789 637 2822 Jurinius
656 2790 702 2822 ad
724 2795 870 2831 portam,

167 2833 251 2865 scita
265 2832 470 2864 emendatio.

213 2879 288 2914 Qua
325 2882 372 2909 est
406 2878 761 2910 adicus—Rhodani.
820 2877 871 2909 Ex

933 2359 1052 2391 magna
1069 2350 1231 2381 varietate
1254 2350 1352 2392 hujus
1375 2350 1442 2382 loci
1466 2351 1524 2383 vix
1548 2358 1640 2383 certa

934 2394 1033 2425 lectio
1050 2394 1189 2435 proferri
1207 2401 1318 2436 potest
1333 2406 1342 2433 3
1365 2396 1487 2427 saltem
1498 2406 1577 2426 cum
1593 2396 1637 2427 Is.

937 2438 1061 2470 Vossio
1078 2439 1120 2469 ad
1139 2439 1308 2480 Pompon.
1325 2438 1454 2470 Melam
1472 2441 1523 2479 (2,
1539 2440 1584 2478 5),
1600 2445 1638 2470 ut

936 2481 1096 2513 Davisius
1120 2483 1265 2520 monuit,
1295 2493 1355 2524 pro
1380 2484 1485 2523 adiqe't
1511 2483 1639 2523 legetur

936 2527 1090 2568 mltinyit.
1136 2527 1291 2561 Phrasin,
1315 2527 1488 2567 adtinqe‘m
1510 2528 1557 2558 ad
1577 2528 1643 2558 ali-

936 2571 1028 2608 quid,
1038 2570 1257 2602 defenderunt
1266 2570 1459 2611 interpretes
1469 2571 1511 2602 ad
1521 2570 1556 2602 h.
1565 2570 1600 2601 h.
1615 2571 1644 2603 l-

939 2615 987 2645 M.
1038 2614 1147 2645 Verba
1176 2626 1218 2645 aa}
1250 2616 1514 2654 Gallia-admit
1543 2615 1638 2646 uncis

938 2657 1076 2689 inclusit
1090 2658 1214 2699 Scalig.
1235 2664 1388 2699 tanquam
1412 2664 1570 2698 suspecta
1584 2658 1639 2691 vel

936 2702 1080 2742 glossam
1097 2701 1272 2742 sapientia.
1309 2702 1457 2742 Adtinqz't
1473 2701 1559 2733 bene
1567 2703 1639 2743 jam

938 2746 1054 2776 (ledere
1070 2746 1186 2786 Stepli.
1201 2744 1535 2785 Vascos.Gryphius.
1559 2746 1641 2778 For-

937 2799 995 2820 san
1007 2790 1162 2832 ἀςχαὶὶεῶς
1173 2790 1352 2830 legendum
1362 2789 1493 2830 adciffl't,
1504 2795 1540 2821 ut
1548 2791 1641 2831 apud

939 2833 1095 2865 Plautum
1125 2839 1157 2864 et
1175 2833 1270 2864 alios.
1316 2831 1413 2864 Conf.
1441 2833 1540 2866 Parei
1571 2835 1641 2867 lex.

941 2877 1134 2909 Plautinum
1150 2877 1211 2908 hac
1228 2887 1323 2908 voce.
