1946 3261
211 163 294 206 174
614 160 700 205 DE
732 159 937 205 BELLO
970 158 1268 207 GALLICO.

210 303 312 333 nare
333 286 594 330 instituerat.
658 285 758 335 Quo
779 300 833 328 ex
854 284 1016 344 oppido
1035 300 1170 342 quum
1189 284 1324 343 legati
1355 285 1410 329 ad
1429 302 1528 331 eum
1548 287 1685 332 venis-

209 356 319 396 sent,
342 354 530 395 oratum,
551 353 602 387 ut
624 344 707 387 sibi
724 344 967 403 ignosceret
993 360 1167 403 suaeque
1198 344 1300 388 vitae
1330 345 1601 396 consulerem
1633 355 1685 392 ut

210 404 433 449 celeritate
467 403 655 461 reliquas
682 420 749 447 res
774 403 1019 453 conficeret,
1042 419 1130 461 qua
1147 402 1355 461 pleraque
1375 412 1471 448 erat
1489 419 1687 450 consecu-

209 472 292 514 tus,
310 478 429 507 arma
449 463 654 520 proferri,
673 479 807 520 equos
827 462 1028 521 produci,
1046 462 1215 505 obsides
1231 462 1328 505 dari
1350 463 1491 521 jubet.
1555 465 1688 509 Parte

205 522 294 580 jam
323 520 522 566 obsidum
540 521 768 572 transdita,
789 537 923 579 quum
947 521 1116 579 reliqua
1136 521 1552 574 administrarentur,
1575 524 1687 568 Cen-

211 579 455 625 turionibus
486 588 532 625 et
565 580 710 639 paucis
739 581 947 623 militibus
978 580 1243 631 intromissis,
1279 582 1353 638 qui
1381 597 1500 627 arma
1516 583 1686 642 jumen-

209 648 339 697 taque
361 639 681 697 conquirerent,
704 640 924 697 equitatus
958 638 1145 685 hostium
1176 640 1329 697 procul
1358 642 1472 684 visus
1499 652 1579 693 est,
1609 640 1687 700 qui

210 705 366 765 agmen
385 698 756 758 Vercingetorigis
786 707 1088 743 antecesserat.
1153 699 1292 748 Quem
1318 699 1579 758 simulatque
1612 717 1688 760 op·

209 757 355 815 pidani
374 767 694 815 conspexerunt
715 768 848 815 atque
862 758 905 801 in
922 773 1041 816 spem
1059 757 1207 801 auxilii
1227 767 1467 809 venerunt;
1500 760 1689 806 clamore

207 816 380 863 sublato
399 833 519 860 arma
536 833 707 875 capere,
726 827 873 875 portas
889 817 1104 868 claudere,
1122 832 1295 859 murum
1309 817 1527 875 complere
1548 834 1689 878 coepe-

211 883 328 919 runt.
393 875 680 920 Centuriones
723 877 767 919 in
807 876 968 934 oppido
1001 891 1137 933 quum
1165 891 1219 918 ex
1244 875 1556 933 significatione
1583 877 1688 923 Gal-

208 932 352 979 lorum
372 935 474 978 novi
494 934 660 992 aliquid
694 935 752 978 ab
778 934 842 978 his
877 935 975 978 iniri
996 934 1158 978 consilii
1181 934 1507 986 intellexissent,
1537 936 1692 995 gladiis

208 993 422 1037 destrictis
460 1002 608 1052 portas
654 1003 992 1053 occupaverunt,
1047 1010 1232 1051 suosque
1271 1010 1418 1037 omnes
1457 995 1690 1040 incolumes

209 1061 480 1110 receperunt.

274 1111 338 1153 13.
375 1111 518 1157 Caesar
538 1128 591 1155 ex
622 1112 772 1156 castris
800 1112 1046 1170 equitatum
1078 1112 1202 1156 educi
1234 1112 1361 1170 jubet
1399 1112 1689 1170 proeliumque

209 1178 408 1227 equestre
427 1171 682 1216 committit:
719 1172 1020 1215 laborantibus
1036 1172 1124 1229 jam
1144 1172 1229 1214 suis
1253 1172 1494 1214 Germanos
1521 1172 1692 1228 equites

210 1228 386 1272 circiter
402 1229 485 1272 CD
503 1229 738 1280 submittit,
754 1247 861 1288 quos
877 1231 933 1273 ab
950 1231 1074 1273 initio
1089 1246 1233 1272 secum
1251 1229 1410 1272 habere
1426 1230 1690 1274 instituerat.

209 1287 374 1332 Eorum
394 1288 588 1346 inpetum
605 1289 724 1331 Galli
742 1290 951 1331 sustinere
970 1304 1054 1332 non
1076 1297 1314 1346 potuerunt
1331 1297 1463 1345 atque
1484 1289 1527 1332 in
1544 1288 1691 1348 fugam

208 1345 405 1403 conjecti,
443 1347 592 1390 multis
627 1348 802 1395 amissis,
840 1364 883 1390 se
918 1347 972 1390 ad
1006 1362 1161 1405 agmen
1203 1356 1482 1405 receperunt:
1532 1348 1692 1406 quibus

210 1404 467 1462 profligatiS,
521 1421 671 1448 rursus
713 1405 918 1464 oppidani
961 1405 1187 1464 perterriti
1236 1405 1565 1464 comprehensos
1601 1423 1689 1458 eon,

210 1478 397 1520 quorum
417 1479 550 1522 opera
583 1465 758 1522 plebem
781 1466 1040 1509 concitatam
1059 1465 1376 1515 existimabant,
1406 1465 1462 1509 ad
1480 1466 1693 1509 Caesarem

209 1522 506 1579 perduxerunt
527 1539 701 1580 seseque
724 1525 762 1566 ei
784 1524 1056 1567 dediderunt.
1123 1524 1292 1573 Quibus
1324 1524 1454 1567 rebus
1471 1525 1693 1574 confectis,

215 1581 358 1623 Caesar
378 1581 434 1623 ad
455 1582 661 1639 oppidum
687 1583 937 1632 Avaricum,
958 1583 1075 1640 quod
1095 1591 1190 1624 erat
1208 1583 1442 1626 maximum
1463 1584 1694 1627 munitissi-

211 1655 417 1696 mumque
436 1639 479 1681 in
499 1640 656 1683 finibus
678 1640 932 1699 Biturigum
949 1650 1083 1698 atque
1104 1641 1199 1699 agri
1224 1641 1482 1685 fertilissima
1500 1643 1690 1699 regione,

213 1698 436 1755 profectus
455 1708 542 1746 est;
579 1699 714 1756 quod,
737 1716 788 1742 eo
809 1700 970 1757 oppido
989 1710 1183 1757 receptO,
1204 1700 1421 1743 civitatem
1442 1700 1693 1759 Biturigum

208 1772 254 1799 se
275 1757 318 1799 in
340 1764 600 1814 potestatem
623 1758 898 1800 redacturum
919 1758 1176 1802 confidebat.

277 1815 340 1857 14.
379 1815 729 1873 VercingetoriX,
751 1826 818 1860 tot
839 1817 1051 1860 continuis
1066 1817 1342 1861 incommodis
1358 1817 1695 1868 Vellaunoduni,

215 1874 400 1923 Genabi,
435 1875 691 1918 Novioduni
727 1877 929 1933 acceptis,
966 1893 1062 1918 suos
1103 1876 1157 1918 ad
1197 1876 1426 1919 concilium
1465 1886 1691 1919 convocat.

217 1932 376 1983 Docet,
416 1933 595 1991 “longe
629 1935 713 1977 alia
745 1935 910 1977 ratione
949 1951 1035 1977 esse
1073 1935 1237 1978 bellum
1276 1935 1529 1993 gerendum,
1562 1944 1695 1994 atque

216 1999 244 2017 “
268 2001 394 2034 antea
426 1993 481 2035 sit
511 2001 702 2049 ges-tuin:
739 1994 938 2036 omnibus
972 1994 1107 2036 lnodis
1130 1993 1232 2036 huic
1255 1994 1315 2037 rei
1336 1994 1611 2044 studendum,
1646 2003 1696 2037 ut

217 2051 549 2107 “pabulatione
584 2061 628 2094 ct
665 2062 906 2096 commeatu
944 2052 1127 2095 Romani
1157 2052 1493 2111 prohibeantur;
1531 2052 1575 2095 id
1608 2069 1696 2096 esse

221 2116 250 2134 ‘⁶
272 2109 412 2159 facile,
437 2109 555 2167 quod
576 2111 775 2167 equitatu
799 2111 878 2169 ipsi
899 2111 1141 2162 abundent,
1180 2120 1223 2154 et
1244 2112 1363 2169 quod
1380 2112 1479 2155 anni
1500 2121 1696 2170 tempore

220 2174 250 2193 “
270 2167 579 2211 subleventur:
623 2171 832 2227 pabulum
866 2171 999 2212 secari
1035 2186 1119 2214 non
1159 2186 1303 2228 posse:
1344 2170 1579 2214 necessario
1615 2170 1697 2213 dis-

221 2234 249 2251 “
275 2241 421 2283 persos
452 2225 592 2269 hostes
626 2245 677 2270 cx
715 2228 904 2271 aedificiis
939 2238 1112 2287 petere:
1153 2229 1229 2273 hos
1250 2245 1394 2272 omnes
1423 2228 1620 2287 quotidie
1641 2229 1698 2272 ab

222 2292 250 2310 ‘⁴
273 2285 496 2342 equitibus
525 2286 658 2328 deleri
690 2304 824 2345 posse.
892 2288 1111 2331 Przeterea
1147 2288 1298 2331 salutis
1327 2305 1472 2331 caussa
1494 2289 1555 2331 rei
1578 2288 1697 2332 fami-

222 2342 390 2386 “liaris
424 2345 645 2387 commodo
684 2346 969 2404 negligenda;
1004 2348 1121 2391 vicos
1155 2357 1289 2405 atque
1323 2346 1498 2391 aedificia
1532 2347 1699 2390 incendi

216 2456 238 2479 a
265 2445 434 2489 plerisque
459 2448 560 2478 codd.
590 2452 624 2478 et
653 2448 732 2479 cdd.
765 2447 924 2489 antiquis.
1041 2451 1154 2481 Deleri
1166 2459 1271 2490 posse.
1293 2449 1340 2480 al.
1356 2449 1472 2491 «diripi.
1497 2449 1602 2481 Aliud
1616 2448 1696 2491 quid

220 2489 490 2532 Oudendorpius
520 2491 663 2523 resecari
692 2491 778 2522 vult.
823 2493 923 2523 Addit
993 2494 1095 2525 latere
1108 2492 1297 2533 suspicatur
1312 2494 1403 2524 Oud.

219 2533 272 2566 vir
299 2534 356 2566 ille
381 2535 501 2567 doctus
527 2541 561 2567 et
577 2536 663 2567 hanc
680 2546 832 2571 causam.
857 2547 921 2567 non
1042 2538 1181 2569 Ince-mli
1195 2543 1356 2577 oportere.
1398 2538 1480 2569 Post
1497 2537 1569 2568 haec
1593 2536 1697 2568 verba

218 2577 418 2620 Biturigum,
431 2579 531 2612 fuisse
545 2580 724 2621 oppidum,
735 2580 791 2611 sed
799 2581 927 2611 AEdno-
994 2582 1150 2613 lacunam
1163 2581 1343 2622 adgnoscit
1367 2581 1392 2612 1.
1408 2582 1448 2613 C.
1465 2581 1509 2612 11.
1533 2581 1615 2622 quia
1640 2582 1700 2612 liae

221 2632 292 2653 runi
309 2626 403 2664 (cap.
421 2625 490 2663 55),
519 2623 550 2654 in
575 2624 697 2655 tinibus
725 2623 927 2661 Biturigum,
994 2630 1100 2667 spatio
1129 2632 1254 2666 spectet
1271 2626 1313 2656 ad
1330 2625 1483 2657 locorum
1497 2632 1574 2656 ante
1588 2623 1698 2662 decit-

221 2676 290 2705 qno
301 2674 474 2709 occupato
490 2668 628 2699 demum
649 2669 681 2700 in
700 2668 783 2699 fines
802 2668 928 2699 13111111-
994 2677 1148 2701 natorum
1164 2669 1370 2707 distantiam,
1387 2679 1534 2711 quorum
1548 2677 1700 2700 comme-

221 2719 301 2748 gum
313 2711 424 2743 (faesur
441 2713 612 2753 profectus
626 2712 681 2744 sit.
700 2713 750 2744 M.
763 2711 929 2744 Videntur
995 2713 1141 2745 motatio
1157 2713 1245 2744 desit
1262 2725 1270 2751 ;
1295 2721 1366 2744 111111
1379 2716 1504 2745 har-tm·
1518 2722 1630 2744 ›vr-un
1644 2721 1698 2743 ω-

220 2753 359 2785 omnino
375 2755 530 2787 delenda.
992 2761 1090 2798 piam
1131 2756 1217 2789 nihil
1245 2757 1384 2797 habere,
1412 2767 1481 2798 quo
1511 2755 1694 2792 reseratum
1751 2782 1756 2786 .

270 2798 458 2831 (ammittit.
483 2799 551 2832 Alii
569 2804 738 2833 cmmm'm.
997 2802 1133 2833 demum
1164 2801 1286 2833 Boiam
1312 2807 1405 2843 putat
1433 2811 1506 2831 esse
1540 2800 1701 2841 Goeryobt'-

269 2841 928 2888 Perdam-unt.sci1.p1·0eractoseeate-
996 2856 1081 2877 ruam
1109 2845 1163 2877 vel
1208 2847 1434 2885 Geryon-inam
1466 2845 1587 2876 Boo'am
1617 2843 1639 2874 i.
1669 2854 1701 2874 e.

222 2882 301 2916 bris.
317 2885 364 2916 al.
376 2888 622 2927 produ-verum.
1005 2891 1208 2929 Geryon-iam
1240 2890 1414 2927 Boiorum,
1440 2889 1482 2920 de
1509 2897 1578 2929 qua
1606 2897 1639 2918 e.
1667 2890 1700 2919 9.

269 2927 539 3008 Οᾶιιζιίἕραῖεὸηῧ.
575 2931 763 2975 scripserat
777 2933 885 2966 forsan
899 2939 928 2965 ee
1004 2933 1117 2974 Vulgo
1144 2939 1256 2966 tamen
1281 2933 1397 2966 onmia
1421 2932 1511 2965 bene
1531 2931 1700 2964 cobet-ne

222 2981 288 3013 quo
326 2983 364 3014 Ju
391 2983 443 3006 icc
494 2986 513 3007 11
543 3000 549 3007 .
