1946 3261
199 215 286 258 440
437 214 492 255 A.
527 209 728 254 HIRTII
758 209 844 253 DE
875 208 1084 252 -BELLO
1111 207 1433 253 ALEXAND.

205 339 409 383 adversus
431 351 543 377 -eum
576 333 719 392 copias
754 334 883 384 misit,
925 334 1081 392 quibus
1115 334 1185 376 vel
1213 335 1408 392 superari
1447 332 1668 391 delerique

213 394 513 444 Mithridaten,
532 393 600 435 vel
622 394 709 435 sine
731 392 866 436 dubio
887 393 1065 436 retineri
1085 409 1224 451 posse,
1245 393 1464 434 credebat.
1512 391 1669 440 Quem·

207 452 436 497 admodum
456 459 602 494 autem
623 452 804 510 optabat
824 468 922 493 eum
949 452 1077 500 vinci,
1108 451 1166 493 sic
1182 451 1281 493 satis
1302 450 1504 498 habebat,
1541 449 1670 492 inver-

208 511 373 553 clusum
395 526 420 552 a
443 510 610 552 Caesare
631 526 656 552 a
676 527 719 553 se
741 510 930 552 retineri.
996 510 1103 559 Quae
1133 510 1280 568 primae
1305 509 1438 566 copiae
1462 507 1672 550 flumen-‘a

210 569 344 612 Delta
371 568 553 611 transire
572 577 617 610 et
648 568 895 610 Mithridati
922 584 1150 611 occurrere
1183 576 1436 626 potuerunt,
1465 565 1675 625 >proelium

210 626 530 676 commiserunt,
564 627 807 669 festinantes
844 627 1077 684 praeripere
1111 626 1464 684 subsequentibus
1486 623 1677 667 victoniae

209 685 483 728 societatem:
517 701 703 742 quorum
731 685 922 742 inpetum
955 685 1233 728 Mithridates
1266 698 1546 741 magnacum
1575 693 1676 740 pru-

209 743 373 792 dentia,
393 744 698 786 consuetudine
720 753 864 785 nostra
881 744 1029 786 castris
1050 745 1234 793 vallatis,
1253 742 1467 785 sustinuit.
1499 759 1501 762 ¹
1529 740 1678 790 Quum

209 818 314 845 vero
357 802 525 843 incaute
562 811 692 860 atque
732 802 962 843 insolenter
1002 803 1227 844 succedere
1264 817 1334 842 eos
1368 798 1679 842 munitionibus

212 859 397 909 videret,
430 861 653 917 eruptione
678 860 866 915 undique
893 859 1021 907 facta,
1050 875 1253 915 magnum
1283 873 1507 899 numerum
1533 870 1682 898 eorum

213 918 444 960 interfecit.
508 918 638 967 Quod
671 917 749 959 nisi
781 917 977 959 locorum
1011 917 1165 959 notitia
1196 915 1355 972 reliqui
1387 931 1429 957 se
1465 914 1683 962 texissent,

214 975 463 1034 partimque
484 976 527 1017 in
550 991 692 1024 naves,
724 976 882 1033 quibus
911 976 1069 1018 flumen
1100 975 1374 1023 transierant,
1406 973 1682 1030 recepissent,

215 1033 410 1076 funditus
431 1034 562 1075 deleti
585 1042 733 1075 essent.
800 1034 883 1083 Qui
914 1042 963 1075 ut
997 1034 1241 1091 paullulum
1274 1033 1329 1075 ab
1358 1031 1434 1074 illo
1464 1031 1620 1073 timore
1640 1046 1682 1072 se

214 1100 480 1140 recrearunt,
502 1092 713 1148 adjunctis
735 1092 798 1140 iis,
831 1092 906 1149 qui
926 1092 1317 1149 subsequebantur,
1347 1106 1494 1132 rursus
1514 1089 1683 1147 obpug-

215 1165 318 1192 nare
342 1149 629 1192 Mithridaten
650 1159 888 1207 coeperunt.

274 1207 343 1248 28.
380 1207 578 1249 Mittitur
599 1223 624 1249 a
647 1207 903 1250 Mithridate
920 1208 1099 1250 nuncius
1122 1207 1296 1255 Caesari,
1317 1207 1391 1263 qui
1413 1223 1503 1248 rem
1521 1213 1686 1264 gestam

216 1265 442 1324 perferret.
507 1265 740 1323 Cognoscit
761 1283 814 1307 ex
833 1267 933 1314 suis,
957 1266 1104 1308 eadem
1123 1265 1210 1307 haec
1231 1265 1444 1313 accidisse,
1469 1264 1580 1311 Rex.
1619 1263 1688 1306 Ita

216 1339 335 1381 paene
357 1323 437 1365 sub
458 1323 569 1365 idem
593 1332 765 1381 tempus
789 1333 833 1365 et
856 1324 951 1366 Rex
975 1324 1029 1365 ad
1047 1323 1375 1380 obprimendum
1401 1322 1688 1365 Mithridaten

216 1380 519 1438 proficiscitur,
553 1389 597 1422 et
630 1382 774 1424 Caesar
805 1381 860 1423 ad
890 1381 1196 1439 recipiendum.
1261 1381 1480 1424 Celeriore
1508 1381 1690 1424 fluminis

221 1439 315 1481 Nili
336 1439 608 1497 navigatione
632 1439 727 1481 Rex
755 1449 818 1482 est
847 1456 961 1489 usus,
996 1442 1038 1482 in
1067 1456 1154 1496 quo
1188 1455 1385 1499 magnam
1418 1449 1462 1482 et
1493 1448 1684 1498 paratam

216 1497 390 1540 classem
411 1497 612 1539 habebat.
677 1499 818 1541 Caesar
840 1499 987 1541 eodem
1009 1499 1159 1541 itinere
1178 1500 1241 1541 uti
1260 1499 1415 1548 noluit,
1432 1515 1484 1541 ne
1505 1498 1688 1541 navibus

215 1556 258 1598 in
279 1555 452 1598 flumine
473 1554 720 1598 dimicaret:
755 1557 826 1599 sed
846 1558 1159 1600 circumvectus
1176 1572 1226 1598 eo
1245 1557 1368 1607 mari,
1390 1557 1508 1615 quod
1531 1557 1688 1599 Africae

218 1614 355 1671 partis
376 1630 463 1655 esse
485 1613 662 1663 dicitur,
684 1615 810 1657 sicuti
832 1632 962 1673 supra
982 1616 1383 1665 demonstravimus,
1406 1617 1526 1674 prius
1546 1624 1689 1658 tamen

223 1672 356 1728 Regis
388 1671 522 1728 copiis
552 1673 754 1722 occurrit,
785 1690 913 1730 quam
946 1674 979 1715 is
1012 1674 1293 1717 Mithridaten
1322 1675 1501 1733 adgredi
1523 1681 1688 1731 posset,

222 1745 407 1787 eumque
427 1729 482 1770 ad
495 1745 538 1770 se
556 1731 763 1772 victorem
781 1731 983 1774 incolumi
1001 1734 1193 1774 exercitu
1212 1733 1389 1790 recepit.
1426 1731 1691 1775 Consederat

223 1804 322 1830 cum
343 1787 475 1845 copiis
498 1787 592 1830 Rex
613 1789 708 1831 loco
730 1798 883 1832 natura
904 1791 1085 1837 munito,
1108 1791 1225 1847 quod
1246 1800 1338 1833 erat
1360 1791 1450 1848 ipse
1471 1789 1692 1839 excelsior,

224 1846 402 1903 planitie
421 1862 472 1887 ex
493 1847 688 1889 omnibus
711 1849 907 1905 partibus
928 1849 1134 1905 subjecta,
1158 1850 1297 1891 tribus
1313 1860 1458 1891 autem
1480 1865 1533 1890 ex
1551 1848 1694 1890 lateri-

226 1905 307 1946 bus
328 1904 632 2004 variisflgenere
661 1907 967 1949 munitionibus
990 1908 1237 1964 tegebatur.
1299 1908 1447 1950 Unum
1471 1907 1581 1949 latus
1601 1916 1695 1950 erat

226 1962 444 2020 adjectum
495 1963 624 2005 umini
658 1965 788 2012 Nilo;
821 1965 1005 2007 alterum
1034 1965 1260 2007 editissimo
1287 1966 1382 2008 loco
1415 1965 1610 2014 ductum,
1643 1975 1693 2008 ut

227 2028 395 2078 partem
414 2028 654 2065 castrorum
676 2023 916 2072 obtineret;
950 2024 1129 2066 tertium
1152 2023 1308 2082 palude
1327 2023 1600 2081 cingebatur.

276 2163 407 2203 Mamm
424 2174 499 2195 cum
512 2166 699 2205 prudentia.
746 2166 810 2197 llic
827 2168 934 2198 codex
1003 2168 1122 2207 ciavit,
1138 2179 1337 2210 magnopere
1349 2169 1379 2200 ei
1396 2157 1548 2202 laudavit
1561 2175 1595 2201 et
1607 2181 1699 2203 com-

234 2205 412 2242 Ciacconii
442 2208 545 2245 addit,
575 2212 825 2251 constantiaque
847 2212 935 2242 ‘mili-
1005 2212 1164 2244 mentavit
1202 2214 1426 2254 Antipatrum.
1486 2213 1539 2245 Cf.
1571 2214 1699 2246 Usserii

235 2254 326 2280 tum:
342 2250 443 2280 bene.
483 2251 550 2281 Alii
566 2256 814 2294 constantiaque
831 2257 936 2285 m’rtu-
1004 2257 1150 2288 Annales
1168 2268 1202 2298 p.
1219 2259 1294 2294 471,
1310 2260 1384 2288 472.
1408 2259 1459 2288 Μ.
1492 2258 1541 2288 Ad
1557 2267 1589 2288 a.
1604 2259 1701 2290 395⁷.

232 2298 309 2324 tum
323 2293 442 2332 (male)
453 2299 483 2323 er
493 2296 807 2342 'Alexandrinorum
820 2301 935 2339 inpru-
1048 2302 1091 2332 In
1109 2312 1179 2342 qua
1196 2311 1372 2340 maqnam.
1405 2301 1537 2333 Habent
1552 2302 1652 2333 codd.
1667 2304 1704 2333 in

238 2336 363 2384 dantia.
410 2336 474 2385 Sed
492 2337 588 2376 illud,
603 2345 632 2370 et
652 2342 740 2370 Αἶαν.
761 2343 863 2382 impr„
887 2348 935 2373 est
1006 2355 1092 2385 qno.-
1114 2350 1145 2374 et
1165 2346 1241 2384 quis
1265 2355 1330 2375 non
1356 2344 1427 2376 sine
1451 2345 1549 2376 codd.
1564 2345 1612 2377 sic
1628 2356 1701 2378 cor-

237 2379 386 2411 alienum
401 2381 674 2413 additamentum.
699 2385 748 2415 M.
1004 2388 1112 2428 rigat?
1157 2388 1283 2419 Tamen
1300 2394 1334 2418 et
1351 2389 1416 2419 hoo
1433 2388 1550 2420 vitium
1567 2396 1616 2421 est
1632 2400 1699 2422 ser-

283 2424 477 2474 Succedere.
494 2425 563 2472 yid.
578 2426 649 2456 Ind.
675 2428 724 2457 M.
1005 2438 1117 2462 vatum
1131 2439 1228 2472 alque
1237 2433 1320 2463 adeo
1331 2432 1518 2464 defensum.
1538 2433 1586 2463 M.
1611 2433 1701 2465 Bene

285 2467 461 2517 Interfecet.
478 2467 641 2500 S1ccodd.
659 2470 939 2511 Vulgointerficit.
1005 2482 1119 2506 monet
1143 2476 1273 2507 Morus.
1332 2476 1375 2507 Et
1395 2475 1479 2508 varii
1499 2477 1598 2508 codd.
1623 2477 1701 2508 dant

265 2511 359 2559 'Qut'
372 2520 442 2542 rem
464 2514 781 2561 :qest-ampevferret.
822 2517 939 2548 socius
1002 2518 1089 2550 istud
1106 2529 1184 2560 quo.
1223 2519 1390 2561 Reposui.

239 2559 392 2602 victoriae
421 2554 630 2587 Mithridatis
663 2557 727 2588 suit
755 2560 937 2600 Antipater,
1051 2565 1161 2603 Supra
1175 2565 1350 2596 demonstr.
1373 2566 1476 2596 c.14.
1504 2565 1555 2596 M.

241 2597 387 2628 Herod1s
430 2598 480 2630 M.
529 2605 633 2640 pater,
676 2611 753 2632 cum
800 2603 937 2635 Judaeis.
1051 2608 1206 2639 Planitie.
1270 2608 1393 2650 Scalig.
1429 2619 1448 2640 e
1476 2609 1553 2640 cod.
1588 2606 1700 2640 Ursini

241 2641 383 2689 Jpseph.
410 2642 576 2690 Archaeol.
601 2645 652 2681 14,
674 2646 704 2675 8.
750 2646 838 2677 Hinc
854 2648 940 2678 ami-
997 2651 1149 2691 planitia.

242 2689 326 2732 pitia
348 2684 492 2716 Caesaris
516 2697 592 2717 cum
616 2688 804 2736 Antipatro,
831 2702 848 2721 e
874 2702 940 2732 qua
1055 2696 1428 2728 Alterum—obtineret.
1465 2695 1582 2726 Castra
1599 2693 1701 2734 Regis

243 2733 376 2778 inmuni
393 2728 531 2761 fortunae
556 2731 697 2763 Her0d1s
716 2732 788 2763 fuit.
837 2736 940 2766 Cella·
1006 2744 1099 2769 erant
1125 2738 1157 2769 in
1182 2738 1258 2769 loco
1283 2740 1478 2776 excelsiore,
1501 2739 1594 2779 cujus
1617 2737 1702 2768 latus

242 2781 326 2818 reus.
352 2770 941 2823 MonuerantGlandorpitisetRhei-
1008 2781 1145 2821 aliquod
1175 2782 1311 2813 ductum
1350 2789 1418 2814 erat
1457 2781 1701 2823 (procuri-ebat,

241 2813 384 2862 licanus.
404 2832 447 2863 -3
468 2817 516 2847 Ac
545 2817 756 2867 Mithridates
787 2820 829 2852 iis
860 2821 943 2863 ipsis
1008 2825 1541 2866 extendebatur)editissimorloco
1553 2824 1704 2863 (insum-

241 2856 362 2896 lit-erla,
386 2859 512 2902 qulbus
525 2867 702 2897 victonam
718 2863 842 2898 Caesari
858 2875 943 2899 nun·
1010 2879 1067 2902 mo
1082 2869 1268 2910 cacumine,
1284 2880 1342 2911 per
1358 2879 1525 2904 summum
1541 2878 1701 2910 cassumen
