1946 3261
670 265 789 310 LIB.
852 264 993 309 CAP.
1024 264 1214 308 58—60.
1601 261 1693 307 511.

187 392 460 453 propiusque
495 405 540 437 se
580 410 838 439 accessuros.
902 395 1030 452 Equo
1062 394 1377 436 circumvectus
1413 389 1695 449 legionesque-

187 453 454 505 cohortatus,
488 453 605 513 figno
634 455 753 504 dato,
785 470 1001 498 accessum
1021 452 1210 509 hostium
1230 451 1563 510 aueupabatur:
1597 451 1690 509 ipse

188 513 300 555 enim
332 529 357 555 a
384 514 470 556 suis
501 514 815 557 munitionibus
848 512 1020 570 longius
1051 527 1137 554 non
1169 511 1255 554 sine
1283 511 1449 554 ratione
1480 525 1565 553 non
1588 525 1689 568 pro-

187 571 387 622 cedebat,
410 574 529 630 quod
550 574 591 615 in
614 573 781 630 oppido
802 573 960 622 Uzitae,
981 570 1100 629 quod
1123 570 1272 627 Scipio
1286 571 1478 619 tenebat,
1498 569 1690 612 hostium

187 640 312 674 erant
349 632 548 675 cohortes
581 641 784 680 armatae:
832 631 972 675 eidem
1006 639 1153 673 autem
1194 629 1356 687 oppido
1386 628 1442 670 ad
1483 628 1691 671 dextrum

188 689 302 732 latus
333 691 424 748 ejus
455 706 592 733 cornu
623 699 716 733 erat
748 691 1024 749 obpositum;
1068 688 1410 745 verebaturque,
1433 703 1503 737 ne,
1526 688 1559 730 si
1582 702 1692 746 prae-

186 756 426 807 tergressus
454 759 578 800 esset,
615 766 668 792 ex
699 750 864 808 oppido
900 748 1130 808 eruptione
1165 747 1298 796 facta,
1330 746 1386 788 ab
1418 746 1556 789 latere
1589 762 1691 789 eum

185 808 329 850 adorti
363 810 655 852 conciderent.
721 809 937 853 Praeterea
969 809 1059 852 haec
1085 823 1263 865 quoque
1291 822 1391 848 eum
1424 821 1570 847 caussa
1603 814 1691 847 tar-

186 867 320 918 davit,
346 868 467 927 quod
491 877 584 911 erat
607 868 726 911 locus
754 869 930 927 quidam
963 866 1264 927 perinpeditus
1295 863 1395 907 ante
1425 864 1561 907 aciem
1595 863 1690 906 Sci-

186 927 341 984 pionis,
385 945 514 985 quem
546 929 632 971 suis
668 928 963 986 inpedimento
992 927 1048 970 ad
1084 926 1205 968 ultro
1241 924 1560 968 occurrendum
1598 923 1691 965 fore

186 986 476 1029 existimabat.

247 1045 318 1087 59.
346 1046 449 1089 Non
465 1046 658 1090 arbitror
675 1063 762 1089 esse
776 1044 1219 1104 praetermittendum,
1237 1040 1606 1101 quemadmodum
1620 1058 1692 1084 ex-

126 1140 128 1142 ,
188 1104 348 1147 ercitus
363 1105 592 1163 utriusque
612 1106 776 1148 fuerint
796 1107 838 1147 in
855 1105 990 1148 aciem
1013 1104 1227 1147 instructi.
1295 1102 1442 1160 Scipio
1461 1101 1542 1144 hoc
1561 1101 1692 1144 modo

188 1163 321 1215 aciem
331 1164 506 1207 direxit.
532 1165 809 1208 Conlocabat
823 1163 865 1206 in
880 1165 1148 1206 frontessuas
1161 1172 1205 1205 et
1219 1162 1351 1205 Jubae
1364 1162 1574 1220 legiones:
1594 1178 1691 1220 pos-

190 1230 260 1265 tea
280 1232 427 1266 autem
449 1223 662 1267 Numidas
676 1223 718 1266 in
737 1223 994 1266 subsidiaria
1017 1223 1108 1265 acie
1123 1223 1183 1264 ita
1197 1229 1467 1270 extenuatos,
1484 1228 1528 1262 et
1541 1221 1583 1262 in
1601 1221 1691 1263 lon-

188 1282 431 1339 gitudinem
451 1284 656 1332 directos,
670 1292 720 1325 ut
735 1283 1087 1341 proculsimplex
1103 1298 1189 1323 esse
1203 1281 1311 1323 acies
1330 1278 1471 1322 media
1485 1279 1542 1321 ab
1560 1280 1692 1338 legio-

189 1341 317 1383 nariis
337 1342 548 1384 militibus
570 1342 794 1384 videretur
812 1358 820 1390 ;
845 1342 888 1384 in
906 1341 1108 1384 cornibus
1127 1350 1274 1382 autem
1297 1339 1465 1397 duplex
1486 1355 1572 1380 esse
1585 1338 1692 1382 exis-

191 1401 442 1444 timabatur.
481 1401 748 1458 Elephantos
761 1401 918 1443 dextro
931 1399 1191 1456 sinistroque
1212 1415 1349 1442 cornu
1369 1397 1691 1450 conlocaverat,

189 1460 427 1519 aequalibus
464 1461 579 1503 inter
612 1476 682 1502 eos
719 1459 961 1502 intervallis
991 1457 1251 1517 interjectis:
1292 1467 1391 1515 post
1424 1465 1570 1499 autem
1608 1456 1694 1499 ele-

190 1519 375 1578 phantos
396 1529 637 1562 armaturas
659 1519 775 1561 leves
796 1518 1094 1574 Numidasque
1117 1517 1406 1560 substituerat
1443 1516 1691 1559 auxiliares.

190 1578 453 1636 Equitatum
472 1579 693 1621 frenatum
714 1578 962 1620 universum
979 1577 1020 1619 in
1043 1593 1120 1634 suo
1142 1575 1298 1618 dextro
1320 1588 1454 1617 cornu
1473 1575 1692 1633 disposue-

190 1647 285 1687 rat3
319 1638 538 1681 sinistrum
560 1638 673 1680 enim
695 1653 830 1680 cornu
853 1636 1015 1694 oppido
1046 1635 1180 1678 Uzita
1213 1634 1518 1683 claudebatur,
1551 1650 1692 1692 neque

186 1706 281 1740 erat
297 1698 486 1756 spatium
502 1697 725 1755 equitatus
741 1695 1001 1753 explicandi.
1038 1693 1258 1736 Praeterea
1279 1693 1489 1735 Numidas
1501 1693 1695 1751 levisque

189 1766 422 1799 armaturae
464 1756 673 1799 infinitam
714 1755 1039 1797 multitudinem
1078 1753 1131 1796 ad
1164 1753 1364 1795 dextram
1399 1760 1570 1810 partem
1606 1769 1694 1797 suae

191 1815 298 1858 aciei
340 1816 623 1874 obposuerat,
654 1815 743 1857 fere
782 1813 1013 1872 interjecto
1049 1828 1134 1855 non
1171 1812 1308 1854 minus
1347 1811 1448 1854 mile
1491 1828 1693 1869 passuum

166 1875 361 1933 -spati03
406 1884 450 1918 et
478 1875 534 1917 ad
566 1874 688 1918 collis
721 1873 883 1916 radices
912 1872 1048 1931 magis
1079 1871 1312 1929 adpulerat
1344 1870 1603 1928 longiusque
1637 1873 1694 1915 ab

189 1934 534 1977 adversariorum
553 1935 728 1992 suisque
750 1933 886 1992 copiis
907 1939 1214 1991 promoverat:
1251 1931 1293 1972 id
1310 1930 1390 1972 hoc
1409 1930 1602 1980 consilio,
1626 1940 1693 1982 ut,

191 2009 325 2050 quum
347 1994 457 2036 acies
477 1994 574 2036 duae
595 1994 708 2035 inter
729 2009 773 2034 se
791 1992 1110 2035 concurrissent
1124 1990 1246 2033 initio
1264 1988 1525 2038 certaminis,
1545 1990 1693 2047 paullo

192 2053 363 2110 longius
395 2054 486 2111 ejus
525 2053 746 2109 equitatus
777 2051 1094 2093 circumvectus
1123 2066 1175 2091 ex
1202 2047 1438 2106 improviso
1468 2047 1694 2091 clauderet

192 2111 475 2153 multitudine
498 2127 574 2152 sua
592 2110 832 2153 exercitum
854 2109 1033 2152 Caesaris
1053 2118 1185 2165 atque
1210 2107 1522 2165 perturbatum
1540 2107 1694 2165 jaculis

193 2169 447 2229 configeret.
514 2169 621 2212 Haec
643 2169 727 2211 fuit
748 2169 862 2212 ratio
888 2168 1101 2227 Scipionis
1123 2182 1173 2209 eo
1193 2167 1262 2210 die
1281 2165 1526 2224 proeliandi.

254 2229 324 2272 60.
361 2229 539 2272 Caesaris
563 2238 709 2272 autem
732 2229 841 2271 acies
867 2227 947 2270 hoc
980 2226 1111 2270 modo
1149 2226 1234 2269 fuit
1265 2225 1504 2276 conlocata,
1544 2235 1595 2270 ut
1634 2228 1692 2271 ab

245 2400 367 2431 Eidem
395 2405 508 2431 autem
538 2399 656 2441 oppido
687 2402 753 2429 etc.
799 2395 908 2428 Jurin.

199 2444 272 2476 haec
304 2443 350 2474 ita
380 2443 529 2484 refingit:
562 2443 626 2474 eid.
649 2454 683 2474 α.
711 2442 832 2484 oppido
862 2441 909 2472 (ul

197 2490 299 2525 latus,
315 2488 470 2519 'laurum
484 2491 557 2519 eius
574 2497 690 2518 cor-mc.

246 2533 338 2564 Eum
353 2533 474 2564 adorti.
500 2531 611 2562 Jurin.
630 2530 769 2573 conjicit
782 2534 909 2572 aperto.

246 2577 770 2611 Quemmlmodwn-instrnetzz
811 2575 909 2604 Hune

197 2631 332 2662 quoque
363 2620 477 2652 locum
500 2619 660 2651 tractavit
680 2619 912 2651 Guischardus

979 2397 1225 2437 cognoscendae
1266 2395 1413 2428 studiosi
1457 2397 1688 2439 adjumentum

978 2441 1046 2472 sibi
1074 2446 1202 2482 petent.
1226 2442 1277 2471 M.
1339 2442 1405 2471 Pro
1429 2440 1572 2482 fuerint,
1596 2443 1689 2482 quod

979 2486 1078 2517 codd.
1093 2487 1187 2523 dant,
1202 2485 1264 2516 alii
1274 2484 1430 2524 fuerunt.

1025 2531 1074 2561 Ab
1092 2531 1303 2572 hymnariis,
1351 2529 1539 2560 Delendum
1562 2536 1612 2561 est
1634 2533 1688 2563 ab.

980 2573 1082 2606 Acies
1104 2573 1216 2606 media
1239 2573 1413 2614 Scipionis
1436 2573 1614 2605 videbatur
1639 2576 1689 2607 le-

978 2619 1146 2660 gionariis
1178 2618 1319 2649 Caesaris
1350 2628 1423 2648 esse
1449 2617 1607 2658 simplex.
1637 2621 1688 2653 M.

199 2665 327 2704 (Mem.
344 2664 416 2696 mil.
440 2664 519 2695 vol.
537 2668 567 2695 2.
584 2675 618 2705 p.
636 2666 713 2694 246.
735 2664 804 2694 vel.
819 2662 861 2692 T.
879 2666 911 2694 2.

199 2721 234 2751 p.
269 2710 359 2747 340),
388 2719 549 2749 suamque
573 2707 838 2749 explicationem
866 2706 911 2738 ab

199 2753 380 2785 adversarii
397 2752 670 2784 dubitationibus
693 2752 739 2782 ita
759 2749 911 2782 defendit

200 2797 323 2838 (Mem.
341 2797 415 2829 crit.
432 2803 465 2828 et
479 2797 595 2828 histor.
610 2808 645 2838 p.
664 2796 804 2827 599.vel
819 2795 859 2826 T.
877 2796 909 2826 4.

201 2854 236 2884 p.
266 2844 358 2883 226),
385 2847 421 2873 ut
453 2852 529 2883 cap.
556 2843 609 2873 60.
634 2845 744 2872 totum
770 2844 912 2871 verteret

202 2892 236 2918 et
253 2887 502 2929 propemodum
518 2886 659 2917 verbum
675 2886 716 2916 de
732 2884 835 2916 verbo
859 2883 912 2914 in-

201 2935 450 2973 terpretaretur,
466 2936 500 2961 et
516 2930 549 2962 in
565 2931 674 2961 altero
690 2929 778 2960 libro
793 2928 909 2960 tabula

202 2975 262 3008 aeri
293 2975 399 3009 incisa
422 2975 623 3009 inlustraret.
670 2974 749 3008 Inde
763 2984 844 3016 ergo
858 2971 909 3006 rei

980 2663 1097 2695 Davis.
1115 2662 1316 2703 interpolata
1333 2668 1426 2702 putat
1438 2663 1510 2693 lia-c
1528 2663 1628 2695 verba
1645 2666 1689 2696 ab

978 2709 1043 2749 leq.
1059 2709 1132 2739 mail.
1155 2706 1274 2737 Clarke.
1287 2717 1347 2747 pro
1359 2708 1401 2737 ab
1412 2706 1486 2736 vult
1500 2717 1551 2737 ea*-
1577 2707 1688 2741 Jurin.

979 2752 1204 2793 explicatposr‘
1215 2752 1418 2789 leqionarios
1431 2752 1562 2781 milites.
1586 2751 1689 2785 Guis-

979 2796 1097 2828 eliardi
1115 2793 1393 2835 explicationem,
1418 2793 1498 2825 Vol.
1514 2798 1544 2826 2.
1560 2806 1594 2836 p.
1610 2799 1688 2830 246.

975 2841 1127 2882 sequitur
1141 2839 1271 2870 Morus.

1027 2887 1199 2917 Praeterea
1215 2883 1394 2915 Numidas.
1418 2882 1488 2916 Alii
1506 2885 1690 2928 Propterea

976 2930 1032 2963 vel
1048 2931 1180 2964 Postea.
1688 2932 1699 2937 ‘
