1946 3261
0 0 10 120 ὣ,-

2 589 8 625 .,-
0 429 9 580 ωιν--ι
3 416 5 421 <
0 383 3 395 V
0 275 9 372 -ι--ι

1 790 6 853 -..-.
0 685 8 769 Am...
3 656 5 660 .

581 203 697 252 LIB.
731 199 816 252 III.
880 208 1020 252 CAP.
1059 202 1156 261 104,
1195 209 1291 253 105.
1609 205 1696 253 413

280 333 376 376 105.
411 334 574 384 Caesar,
595 351 732 394 quum
760 336 803 378 in
827 335 974 378 Asiam
995 336 1193 385 venisset,
1216 334 1479 394 reperiebat,
1512 334 1565 378 T.
1591 335 1697 378 Am-

214 392 337 451 pium
357 403 562 436 conatum
581 411 670 437 esse
691 394 847 437 tollere
868 395 1068 452 pecunias
1103 394 1277 452 Epheso
1313 411 1367 437 ex
1396 395 1496 437 fano
1527 394 1694 444 Dianae,

214 452 394 509 ejusque
414 453 475 495 rei
496 470 640 496 caussa
665 455 896 496 Senatores
919 469 1063 496 omnes
1084 469 1137 494 ex
1157 454 1381 510 provincia
1402 470 1614 503 evocasse,
1645 462 1697 496 ut

213 510 263 553 iis
284 512 466 554 testibus
487 511 531 554 in
563 528 727 555 summa
761 512 954 570 pecuniae
990 519 1219 560 uteretur;
1252 512 1329 554 sed
1366 513 1698 572 interpellatum

212 569 405 612 adventu
426 571 606 613 Caesaris
626 571 883 629 profugisse.
945 570 1015 613 Ita
1044 570 1218 613 duobus
1251 572 1520 628 temporibus
1553 571 1698 630 Ephe-

211 629 282 670 siae
300 628 491 686 pecuniae
513 630 657 671 Caesar
687 630 894 672 auxilium
920 630 1037 671 tulit.
1101 628 1214 670 Item
1235 630 1478 679 constabat,
1502 631 1631 673 Elide
1654 630 1697 672 in

211 687 379 744 templo
403 687 631 737 Minervae,
654 688 855 745 repetitis
877 696 1009 746 atque
1030 687 1292 730 enumeratis
1312 687 1482 737 diebus,
1515 705 1602 745 quo
1625 689 1699 731 die.

212 745 418 803 proelium
455 746 693 788 secundum
732 746 900 789 fecisset
944 747 1105 796 Caesar,
1156 746 1434 789 simulacrum
1472 747 1697 797 Victoriae,

211 803 333 861 quod
370 812 470 846 ante
508 805 645 862 ipsam
688 805 937 849 Minervam
975 806 1251 848 conlocatum
1288 813 1382 848 erat
1419 814 1464 848 et
1503 814 1603 847 ante
1642 807 1698 849 ad

211 863 491 906 simulacrum
523 864 737 907 Minervae
773 865 1018 923 spectabat,
1054 864 1111 906 ad
1138 865 1287 907 valvas
1307 881 1349 906 se
1372 864 1528 923 templi
1547 864 1698 907 limen-

209 937 297 978 que
343 924 619 966 convertisse.
684 922 938 982 Eodemque
979 923 1048 965 die
1091 923 1333 966 Antiochiae
1370 923 1413 965 in
1465 924 1594 982 Syria
1632 923 1699 966 bis

209 989 358 1023 tantus
381 982 595 1024 exercitus
611 982 772 1025 clamor
794 992 837 1026 et
859 983 1082 1040 signorum
1114 999 1241 1026 sonus
1275 983 1503 1025 exauditus
1537 991 1616 1032 est,
1649 991 1701 1024 ut

209 1039 255 1082 in
282 1040 415 1083 muris
435 1049 603 1083 armata
624 1041 775 1084 civitas
809 1042 1089 1084 discurreret.
1158 1042 1255 1084 Hoc
1287 1042 1403 1084 idem
1428 1041 1701 1084 Ptolemaide

211 1099 384 1141 accidit.
451 1099 654 1142 Percrami
704 1100 748 1142 in
796 1101 977 1144 occultis
1027 1118 1076 1144 ac
1128 1101 1360 1143 reconditis
1403 1101 1570 1158 templi,
1610 1116 1698 1158 quo

212 1167 370 1215 praeter
404 1138 664 1201 Sacerdotes
697 1159 816 1202 adire
849 1160 912 1202 fas
946 1175 1031 1203 non
1068 1169 1148 1209 est,
1189 1176 1286 1216 quae
1315 1160 1457 1202 Graeci
1482 1161 1607 1201 ἄδυτα
1628 1160 1700 1202 ad-

211 1216 397 1274 pellant,
439 1226 645 1276 tympana
684 1228 936 1261 sonuerunt.
1017 1218 1131 1261 Item
1171 1218 1394 1261 Trallibus
1445 1219 1488 1260 in
1536 1219 1701 1277 templo

214 1274 437 1325 Victoriae,
455 1276 531 1318 ubi
555 1277 734 1319 Caesaris
757 1286 943 1319 statuam
966 1286 1337 1327 consecraverant,
1361 1277 1506 1335 palma
1529 1293 1608 1335 per
1629 1294 1701 1320 eos

212 1332 304 1376 dies
325 1334 368 1376 in
389 1343 508 1376 tecto
526 1335 638 1377 inter
657 1345 910 1393 coagmenta
930 1336 1128 1394 lapidum
1148 1353 1201 1378 ex
1218 1336 1467 1394 pavimento
1488 1336 1699 1379 exstitisse

215 1393 544 1436 ostendebatur.

262 1504 306 1536 In
320 1515 458 1536 summa
473 1507 636 1546 pecuniae.
677 1504 752 1535 Hoc
768 1506 802 1535 in
818 1503 924 1535 habet

213 1547 311 1578 Leid-
346 1551 373 1579 1.
399 1555 431 1580 et
454 1549 528 1580 alii.
569 1548 739 1590 Significat
767 1558 921 1589 scopum,

215 1603 275 1623 cur
290 1597 390 1623 testes
405 1592 569 1623 adhibiti.
617 1593 651 1623 In
668 1592 747 1623 aliis
764 1592 863 1632 vulgo
889 1598 921 1622 et

215 1636 250 1667 in
267 1637 343 1667 edd.
359 1642 429 1667 vet.
448 1636 550 1667 deest.
588 1635 705 1666 Codex
730 1635 841 1667 Ursini
859 1635 921 1666 ha—

214 1680 324 1711 hetin
343 1690 526 1718 summam,
550 1681 642 1720 quod
657 1679 754 1711 malit
771 1680 860 1710 Oud.
886 1686 922 1710 ut

211 1725 305 1765 apud
323 1723 426 1755 Ovid.
441 1723 525 1755 Met.
546 1725 598 1762 13,
615 1726 667 1754 38.
695 1726 730 1754 in
752 1734 918 1755 catis-sam.

212 1767 419 1799 Ciacconius
442 1774 568 1799 temere
589 1767 782 1809 suspicatur
805 1768 869 1809 leg.
885 1770 921 1799 in

215 1813 395 1844 sumenda..

261 1857 400 1888 Duobus
411 1857 622 1897 temporibus.
635 1855 703 1887 vid.
713 1867 787 1898 cap.
801 1858 854 1887 33.
872 1857 920 1887 M.

258 1901 421 1943 Repetunt
434 1906 464 1932 et
477 1906 677 1932 enumerant
689 1901 770 1938 dies,
785 1911 923 1932 enume-

212 1950 287 1976 rant
311 1955 370 1976 eos
394 1945 451 1983 ita,
479 1950 516 1975 ut
546 1950 700 1986 repetant
728 1957 754 1975 s.
787 1944 921 1975 initium

213 1989 337 2020 faciant
351 1989 396 2020 ab
415 1999 456 2020 eo
473 1988 541 2027 die,
563 2000 632 2030 quo
652 1989 810 2029 proelium
825 1999 922 2020 coni-

214 2032 356 2064 missum
371 2039 431 2063 est.
461 2034 512 2063 M.

261 2077 312 2108 Αιί
327 2078 445 2107 valvas
468 2086 502 2107 se
528 2078 642 2117 templi
657 2094 702 2099 —
715 2080 921 2109 convertisse.

216 2121 270 2152 Sic
286 2121 372 2151 bene
394 2120 581 2152 Lambinus
595 2121 637 2151 ad
654 2121 790 2152 Horatii
807 2121 871 2152 Od.
889 2125 926 2160 4,

215 2169 248 2203 4,
265 2167 318 2197 76.
346 2163 455 2196 Codd.
469 2164 599 2206 quippe
616 2170 648 2196 et
669 2166 744 2195 edd.
768 2171 834 2196 vet.
860 2165 922 2196 ha-

215 2209 295 2241 bent
309 2210 450 2251 templis.
488 2209 608 2240 Similo
624 2209 727 2239 modo
744 2210 835 2250 apud
857 2210 924 2240 Va-

215 2253 279 2285 ler.
294 2253 389 2284 Max.
409 2255 438 2291 1,
457 2255 487 2291 6,
506 2256 555 2284 19.
574 2264 635 2294 pro
649 2253 770 2284 abditas
779 2254 923 2284 delubris

216 2297 260 2329 D.
277 2298 419 2329 Vossius
446 2297 513 2338 legi
535 2297 634 2338 jubet
657 2297 922 2337 adytistlelitbri.

216 2342 288 2372 Jul.
304 2342 505 2382 Obsequens
529 2352 558 2372 c.
579 2344 636 2372 125
658 2342 826 2382 plerisque
847 2343 924 2372 locis

214 2388 315 2427 siqna
332 2384 516 2425 (Deorum)
543 2396 607 2417 sua
632 2390 744 2426 sponte
768 2395 924 2416 conversa

216 2435 337 2461 narrat.
368 2430 460 2461 Idem
479 2440 558 2461 cum
572 2429 710 2460 Valerio
723 2428 816 2460 Max.
827 2429 923 2460 fabu-

217 2474 286 2506 lam
301 2474 342 2505 de
357 2476 499 2506 clamore
515 2474 629 2505 madito
642 2473 775 2514 repetit.

262 2519 407 2550 Remotis
425 2519 553 2558 templi.
592 2518 676 2558 Leg.
696 2518 880 2556 reconditis,
903 2528 921 2548 e

216 2563 316 2593 codd.
329 2561 442 2593 bonis.
471 2562 524 2592 Ex
536 2571 578 2592 eo
595 2561 628 2592 in
637 2560 714 2592 aliis
723 2562 871 2599 conditis,
888 2561 921 2592 in

216 2606 296 2637 aliis
311 2607 494 2647 recoqnt'tis,
505 2611 538 2636 et
554 2604 586 2636 in
599 2606 675 2636 edd.
688 2605 777 2645 vulg.
792 2608 923 2637 remoti-s

214 2650 342 2682 factum
359 2656 419 2681 est.
460 2650 510 2680 M.
564 2649 722 2680 Restituo
737 2650 923 2681 reconditis.

216 2694 272 2726 Sic
302 2701 334 2725 et
363 2693 542 2725 Cellarius.
579 2694 616 2724 In
641 2693 719 2724 fano
742 2693 870 2724 Bacchi
888 2693 923 2724 id

214 2736 382 2770 a'ecidisse
398 2738 495 2769 refert
513 2736 580 2769 Dio
597 2739 651 2775 41,
666 2739 718 2768 61.

263 2785 346 2818 Quoe
366 2784 472 2814 Graec.
487 2779 534 2812 ἄδ.
551 2782 632 2822 adp.
675 2781 751 2812 Hoc
768 2786 818 2812 est
831 2780 923 2813 haud

216 2827 322 2858 dubie
340 2827 604 2857 additamentum
628 2825 822 2856 recentioris
851 2836 922 2856 ma-

214 2881 290 2903 nus.
327 2870 471 2903 Caesaris
494 2875 594 2901 aetate
618 2868 777 2901 omnibus
805 2875 922 2900 notum

217 2922 298 2954 erat,
330 2915 426 2950 illam
455 2913 576 2957 templi
602 2920 735 2957 partem
756 2912 826 2947 dici
842 2915 924 2956 ady-

993 1509 1074 1534 tum.
1104 1503 1155 1533 Δ11.
1197 1503 1337 1535 Valerio
1362 1503 1455 1536 Max.
1479 1504 1625 1536 restituit
1642 1516 1705 1537 vo-

992 1558 1067 1578 cem
1089 1546 1242 1585 Vossius,
1259 1554 1295 1578 ut
1310 1559 1390 1579 mox
1405 1554 1570 1580 notatum.

1036 1593 1077 1622 In
1094 1597 1185 1622 tecto.
1210 1591 1289 1631 Leg.
1308 1594 1448 1633 inteyra.
1474 1593 1573 1623 Hanc
1587 1603 1703 1624 emen-

989 1635 1164 1666 dationem
1196 1635 1461 1677 Oudendorpius
1494 1637 1536 1667 ad
1569 1637 1704 1668 Julium

990 1678 1118 1719 Obseq.
1136 1679 1158 1709 1.
1176 1690 1207 1710 c.
1225 1680 1416 1720 proposuit,
1431 1679 1512 1721 quia
1529 1680 1585 1711 hic
1603 1681 1699 1720 dicit,

992 1723 1107 1753 Euam
1127 1725 1244 1763 palma
1272 1730 1410 1755 viatura
1440 1726 1671 1766 mnynitutline
1687 1737 1701 1762 ,·

990 1774 1023 1797 et
1040 1766 1197 1798 Valerius
1223 1767 1316 1798 Max.
1346 1769 1371 1799 l.
1389 1779 1419 1799 c.
1449 1769 1564 1800 Euaza
1578 1771 1701 1811 palma

981 1814 1086 1851 justoe
1100 1813 1360 1853 maynilmlinis.
1391 1813 1499 1853 Atque
1515 1813 1601 1844 hanc
1618 1824 1702 1844 con-

986 1855 1151 1896 jecturam
1182 1856 1293 1887 denuo
1317 1856 1349 1886 in
1368 1856 1457 1888 notis
1473 1858 1514 1887 ad
1531 1857 1699 1888 Cresarenl

990 1898 1073 1930 dicit
1090 1899 1157 1931 sibi
1172 1900 1325 1941 probari.
1348 1900 1475 1932 Caussa
1487 1901 1700 1933 emendatio-

990 1943 1042 1974 nis
1063 1949 1126 1982 est,
1152 1945 1229 1985 quia
1255 1945 1381 1986 palma,
1412 1945 1445 1976 in
1472 1951 1563 1976 tecto
1591 1951 1699 1984 enata,

990 1997 1058 2018 non
1077 1988 1196 2019 eadem
1215 1989 1322 2030 potuit
1347 1999 1389 2019 ex
1419 1989 1614 2030 pavimento
1641 2000 1700 2020 ex-

989 2031 1109 2062 sistere
1125 2044 1131 2062 :
1157 2039 1189 2062 et
1205 2033 1286 2073 quia
1304 2033 1506 2064 Plutarchus
1522 2033 1555 2064 in
1571 2034 1699 2065 Caes.c.

990 2077 1044 2112 47,
1080 2083 1237 2108 accurata
1269 2076 1497 2118 descriptione
1522 2088 1614 2115 usus,
1649 2078 1700 2109 di-

990 2119 1048 2153 cit.
1082 2120 1231 2160 palmam
1252 2126 1329 2152 ante
1359 2122 1455 2152 basin
1482 2127 1601 2153 statute
1625 2121 1700 2153 Cae-

991 2163 1073 2194 saris
1102 2175 1120 2195 e
1152 2165 1227 2195 solo
1259 2165 1491 2204 consolidato,
1513 2172 1614 2206 atque
1648 2165 1702 2196 in-

990 2218 1091 2248 super
1128 2208 1304 2249 lapidibus
1344 2216 1527 2248 constrato,
1565 2215 1697 2241 enatam

990 2262 1083 2282 esse:
1115 2254 1205 2292 quod
1231 2253 1356 2294 ipsum,
1380 2255 1426 2285 αιί
1447 2255 1542 2286 bas-in
1562 2258 1698 2291 statuae,

989 2295 1094 2327 etiam
1115 2296 1272 2328 Valerius
1295 2304 1327 2328 et
1351 2298 1466 2329 Julius
1497 2297 1698 2339 Obsequens

989 2340 1206 2379 tradiderunt,
1221 2341 1285 2373 etsi
1297 2341 1411 2373 verbis
1425 2342 1515 2374 aliis.
1546 2342 1605 2373 Est
1618 2353 1698 2382 ergo

990 2384 1222 2424 pavimentum
1240 2387 1274 2417 h.
1292 2386 1315 2416 l.
1333 2387 1444 2417 solum
1461 2396 1698 2423 marmoreum,

986 2429 1053 2466 vel,
1085 2434 1121 2459 ut
1144 2430 1345 2461 Plutarchus
1365 2430 1462 2469 dicit,
1485 2431 1592 2473 χωρίον
1617 2429 1699 2469 λίθῳ

987 2475 1100 2516 caing}
1114 2473 1223 2504 ἄνωθεν
1235 2474 1477 2518 κατεστρωμένον,
1489 2475 1580 2514 quod
1593 2473 1698 2504 etiam

989 2516 1114 2548 dicitur
1136 2518 1347 2561 λιθᾶστξωιτον.
1374 2518 1442 2549 vid.
1468 2518 1631 2549 Wetsten.
1654 2518 1697 2548 ad

989 2571 1110 2602 evang.
1137 2562 1260 2593 Joann.
1288 2565 1338 2601 19,
1358 2564 1408 2594 13.
1455 2563 1564 2603 Atque
1583 2561 1631 2592 sic
1656 2561 1700 2592 il-

988 2604 1060 2643 lud,
1086 2609 1171 2637 inter
1194 2612 1389 2648 coagmenta
1405 2607 1569 2647 lapidum,
1591 2605 1696 2636 facile

989 2648 1134 2690 intelligi
1159 2656 1295 2691 potest3
1335 2656 1411 2681 sunt
1435 2649 1526 2680 enim
1553 2649 1699 2680 tessellae

988 2703 1185 2725 marmoreae
1215 2699 1470 2735 coagmentata»,
1499 2693 1587 2724 inter
1613 2704 1698 2734 quas

990 2737 1103 2768 media
1120 2739 1234 2778 palma
1250 2737 1404 2769 emicuit.
1448 2737 1608 2768 Davisius
1618 2737 1697 2778 qui-

989 2782 1067 2812 dem
1085 2792 1289 2823 componere
1306 2790 1447 2813 conatus
1459 2787 1510 2812 est
1525 2782 1598 2813 haec
1616 2782 1699 2822 duo,

990 2828 1024 2856 in
1040 2831 1118 2857 tecto
1135 2835 1168 2856 et
1183 2838 1223 2857 er
1245 2829 1453 2867 pavimento,
1483 2832 1516 2856 et
1539 2826 1699 2865 ostendit,

990 2868 1098 2900 etiam
1115 2875 1204 2901 tecta
1219 2880 1238 2900 e
1256 2869 1454 2911 pavimento
1471 2881 1497 2900 s.
1514 2880 1619 2911 opere
1635 2880 1699 2910 pa-

989 2913 1061 2946 vito
1079 2914 1136 2953 (de
1150 2925 1220 2958 quo
1236 2915 1279 2948 ad
1296 2915 1335 2948 B.
1351 2915 1450 2950 Alex.
1464 2925 1495 2948 c.
1517 2916 1531 2948 1
1547 2913 1696 2952 dicetur)
