<?xml version="1.0" encoding="UTF-8"?>
<!DOCTYPE html PUBLIC "-//W3C//DTD XHTML 1.0 Transitional//EN"
    "http://www.w3.org/TR/xhtml1/DTD/xhtml1-transitional.dtd">
<html xmlns="http://www.w3.org/1999/xhtml" xml:lang="en" lang="en">
 <head>
  <title>
</title>
<meta http-equiv="Content-Type" content="text/html;charset=utf-8" />
  <meta name='ocr-system' content='tesseract 3.04.00' />
  <meta name='ocr-capabilities' content='ocr_page ocr_carea ocr_par ocr_line ocrx_word'/>
</head>
<body>
  <div class='ocr_page' id='page_1' title='image "./commentariidebel00caesuoft_0346.png"; bbox 0 0 1946 3261; ppageno 0'>
   <div class='ocr_carea' id='block_1_1' title="bbox 288 245 1766 1759">
    <p class='ocr_par' dir='ltr' id='par_1_1' title="bbox 293 245 1312 289">
     <span class='ocr_line' id='line_1_1' title="bbox 293 245 1312 289; baseline -0.001 0"><span class='ocrx_word' id='word_1_1' title='bbox 293 246 377 289; x_wconf 85' lang='lat'>306</span> <span class='ocrx_word' id='word_1_2' title='bbox 747 245 830 287; x_wconf 92' lang='lat' dir='ltr'>DE</span> <span class='ocrx_word' id='word_1_3' title='bbox 863 245 1066 287; x_wconf 87' lang='lat' dir='ltr'>BELLO</span> <span class='ocrx_word' id='word_1_4' title='bbox 1100 246 1312 289; x_wconf 85' lang='lat' dir='ltr'>CIVILI.</span> 
     </span>
    </p>

    <p class='ocr_par' dir='ltr' id='par_1_2' title="bbox 293 369 1760 663">
     <span class='ocr_line' id='line_1_2' title="bbox 295 369 1758 428; baseline 0.001 -15"><span class='ocrx_word' id='word_1_5' title='bbox 295 387 424 428; x_wconf 89' lang='lat' dir='ltr'>quam</span> <span class='ocrx_word' id='word_1_6' title='bbox 456 370 612 427; x_wconf 80' lang='lat' dir='ltr'>proelio</span> <span class='ocrx_word' id='word_1_7' title='bbox 643 369 881 420; x_wconf 85' lang='lat' dir='ltr'>decertare,</span> <span class='ocrx_word' id='word_1_8' title='bbox 913 372 1119 415; x_wconf 84' lang='lat' dir='ltr'>malebat:</span> <span class='ocrx_word' id='word_1_9' title='bbox 1161 380 1340 414; x_wconf 88' lang='lat' dir='ltr'>conatur</span> <span class='ocrx_word' id='word_1_10' title='bbox 1373 381 1515 415; x_wconf 86' lang='lat' dir='ltr'>tamen</span> <span class='ocrx_word' id='word_1_11' title='bbox 1545 387 1615 414; x_wconf 88' lang='lat' dir='ltr'>eos</span> <span class='ocrx_word' id='word_1_12' title='bbox 1644 371 1758 414; x_wconf 87' lang='lat' dir='ltr'>vallo</span> 
     </span>
     <span class='ocr_line' id='line_1_3' title="bbox 296 428 1760 489; baseline 0.001 -19"><span class='ocrx_word' id='word_1_13' title='bbox 296 430 489 484; x_wconf 88' lang='lat' dir='ltr'>fossaque</span> <span class='ocrx_word' id='word_1_14' title='bbox 519 428 863 479; x_wconf 82' lang='lat' dir='ltr'>circummunire,</span> <span class='ocrx_word' id='word_1_15' title='bbox 899 438 948 471; x_wconf 91' lang='lat' dir='ltr'>ut</span> <span class='ocrx_word' id='word_1_16' title='bbox 977 446 1108 486; x_wconf 89' lang='lat' dir='ltr'>quam</span> <span class='ocrx_word' id='word_1_17' title='bbox 1143 430 1324 472; x_wconf 81' lang='lat' dir='ltr'>maxime</span> <span class='ocrx_word' id='word_1_18' title='bbox 1353 431 1595 489; x_wconf 81' lang='lat' dir='ltr'>repentinas</span> <span class='ocrx_word' id='word_1_19' title='bbox 1612 444 1760 472; x_wconf 87' lang='lat' dir='ltr'>eorum</span> 
     </span>
     <span class='ocr_line' id='line_1_4' title="bbox 293 486 1759 544; baseline 0.002 -17"><span class='ocrx_word' id='word_1_20' title='bbox 293 486 543 544; x_wconf 85' lang='lat' dir='ltr'><strong>eruptiones</strong></span> <span class='ocrx_word' id='word_1_21' title='bbox 563 486 832 536; x_wconf 86' lang='lat' dir='ltr'>demoretur;</span> <span class='ocrx_word' id='word_1_22' title='bbox 864 504 950 544; x_wconf 88' lang='lat' dir='ltr'>quo</span> <span class='ocrx_word' id='word_1_23' title='bbox 978 488 1211 531; x_wconf 85' lang='lat' dir='ltr'>necessario</span> <span class='ocrx_word' id='word_1_24' title='bbox 1245 488 1519 532; x_wconf 81' lang='lat' dir='ltr'>descensuros</span> <span class='ocrx_word' id='word_1_25' title='bbox 1550 487 1759 530; x_wconf 78' lang='lat' dir='ltr'>existima-</span> 
     </span>
     <span class='ocr_line' id='line_1_5' title="bbox 294 543 1760 604; baseline 0 -18"><span class='ocrx_word' id='word_1_26' title='bbox 294 544 384 586; x_wconf 89' lang='lat' dir='ltr'>bat.</span> <span class='ocrx_word' id='word_1_27' title='bbox 448 543 534 593; x_wconf 90' lang='lat' dir='ltr'>Illi,</span> <span class='ocrx_word' id='word_1_28' title='bbox 565 553 608 587; x_wconf 85' lang='lat' dir='ltr'>et</span> <span class='ocrx_word' id='word_1_29' title='bbox 631 545 773 603; x_wconf 84' lang='lat' dir='ltr'>inopia</span> <span class='ocrx_word' id='word_1_30' title='bbox 793 546 942 604; x_wconf 84' lang='lat' dir='ltr'>pabuli</span> <span class='ocrx_word' id='word_1_31' title='bbox 961 546 1156 597; x_wconf 87' lang='lat' dir='ltr'>adducti,</span> <span class='ocrx_word' id='word_1_32' title='bbox 1185 556 1245 596; x_wconf 88' lang='lat' dir='ltr'>et,</span> <span class='ocrx_word' id='word_1_33' title='bbox 1276 563 1363 604; x_wconf 90' lang='lat' dir='ltr'>quo</span> <span class='ocrx_word' id='word_1_34' title='bbox 1384 556 1521 590; x_wconf 83' lang='lat' dir='ltr'><strong>essent</strong></span> <span class='ocrx_word' id='word_1_35' title='bbox 1551 546 1606 588; x_wconf 89' lang='lat' dir='ltr'>ad</span> <span class='ocrx_word' id='word_1_36' title='bbox 1626 545 1671 587; x_wconf 91' lang='lat' dir='ltr'>id</span> <span class='ocrx_word' id='word_1_37' title='bbox 1691 561 1760 587; x_wconf 83' lang='lat' dir='ltr'>ex—</span> 
     </span>
     <span class='ocr_line' id='line_1_6' title="bbox 295 601 1548 663; baseline 0.002 -19"><span class='ocrx_word' id='word_1_38' title='bbox 295 602 545 660; x_wconf 86' lang='lat' dir='ltr'>peditiores,</span> <span class='ocrx_word' id='word_1_39' title='bbox 567 605 708 646; x_wconf 86' lang='lat' dir='ltr'>omnia</span> <span class='ocrx_word' id='word_1_40' title='bbox 726 601 952 646; x_wconf 83' lang='lat' dir='ltr'>‘sarcinaria</span> <span class='ocrx_word' id='word_1_41' title='bbox 968 605 1162 661; x_wconf 80' lang='lat' dir='ltr'>jumenta</span> <span class='ocrx_word' id='word_1_42' title='bbox 1183 605 1364 648; x_wconf 88' lang='lat' dir='ltr'>interfici</span> <span class='ocrx_word' id='word_1_43' title='bbox 1380 606 1548 663; x_wconf 85' lang='lat' dir='ltr'>jubent.</span> 
     </span>
    </p>

    <p class='ocr_par' dir='ltr' id='par_1_3' title="bbox 288 660 1766 1654">
     <span class='ocr_line' id='line_1_7' title="bbox 350 660 1762 721; baseline 0.002 -18"><span class='ocrx_word' id='word_1_44' title='bbox 350 661 420 703; x_wconf 80' lang='lat'>82.</span> <span class='ocrx_word' id='word_1_45' title='bbox 453 660 504 703; x_wconf 89' lang='lat' dir='ltr'>In</span> <span class='ocrx_word' id='word_1_46' title='bbox 524 661 586 704; x_wconf 84' lang='lat' dir='ltr'>his</span> <span class='ocrx_word' id='word_1_47' title='bbox 604 663 804 720; x_wconf 83' lang='lat' dir='ltr'>operibus</span> <span class='ocrx_word' id='word_1_48' title='bbox 822 663 1089 721; x_wconf 85' lang='lat' dir='ltr'>consiliisque</span> <span class='ocrx_word' id='word_1_49' title='bbox 1111 663 1291 707; x_wconf 89' lang='lat' dir='ltr'>biduum</span> <span class='ocrx_word' id='word_1_50' title='bbox 1309 664 1596 708; x_wconf 79' lang='lat' dir='ltr'>consumitur:</span> <span class='ocrx_word' id='word_1_51' title='bbox 1630 662 1762 706; x_wconf 83' lang='lat' dir='ltr'>tertio</span> 
     </span>
     <span class='ocr_line' id='line_1_8' title="bbox 291 718 1762 780; baseline 0.001 -18"><span class='ocrx_word' id='word_1_52' title='bbox 291 718 362 763; x_wconf 86' lang='lat' dir='ltr'>die</span> <span class='ocrx_word' id='word_1_53' title='bbox 398 736 550 778; x_wconf 84' lang='lat' dir='ltr'>magna</span> <span class='ocrx_word' id='word_1_54' title='bbox 584 721 670 777; x_wconf 85' lang='lat' dir='ltr'>jam</span> <span class='ocrx_word' id='word_1_55' title='bbox 704 738 801 778; x_wconf 87' lang='lat' dir='ltr'>pars</span> <span class='ocrx_word' id='word_1_56' title='bbox 835 722 975 780; x_wconf 86' lang='lat' dir='ltr'>operis</span> <span class='ocrx_word' id='word_1_57' title='bbox 997 723 1175 765; x_wconf 85' lang='lat' dir='ltr'>Caesaris</span> <span class='ocrx_word' id='word_1_58' title='bbox 1206 732 1480 780; x_wconf 81' lang='lat' dir='ltr'>processerat.</span> <span class='ocrx_word' id='word_1_59' title='bbox 1543 721 1614 766; x_wconf 90' lang='lat' dir='ltr'>Illi</span> <span class='ocrx_word' id='word_1_60' title='bbox 1646 721 1762 779; x_wconf 89' lang='lat' dir='ltr'>inpe—</span> 
     </span>
     <span class='ocr_line' id='line_1_9' title="bbox 295 777 1763 839; baseline 0.001 -19"><span class='ocrx_word' id='word_1_61' title='bbox 295 777 461 821; x_wconf 84' lang='lat' dir='ltr'>diendae</span> <span class='ocrx_word' id='word_1_62' title='bbox 481 780 557 831; x_wconf 89' lang='lat' dir='ltr'>rei,</span> <span class='ocrx_word' id='word_1_63' title='bbox 586 779 689 821; x_wconf 85' lang='lat' dir='ltr'>hora</span> <span class='ocrx_word' id='word_1_64' title='bbox 709 780 877 822; x_wconf 85' lang='lat' dir='ltr'>circiter</span> <span class='ocrx_word' id='word_1_65' title='bbox 899 789 1054 822; x_wconf 83' lang='lat' dir='ltr'>octava</span> <span class='ocrx_word' id='word_1_66' title='bbox 1073 781 1194 838; x_wconf 79' lang='lat' dir='ltr'>signo</span> <span class='ocrx_word' id='word_1_67' title='bbox 1214 781 1330 831; x_wconf 88' lang='lat' dir='ltr'>dato,</span> <span class='ocrx_word' id='word_1_68' title='bbox 1362 781 1549 839; x_wconf 87' lang='lat' dir='ltr'><strong>legiones</strong></span> <span class='ocrx_word' id='word_1_69' title='bbox 1571 779 1763 822; x_wconf 85' lang='lat' dir='ltr'>educunt</span> 
     </span>
     <span class='ocr_line' id='line_1_10' title="bbox 291 837 1764 898; baseline 0.001 -20"><span class='ocrx_word' id='word_1_70' title='bbox 291 837 511 894; x_wconf 84' lang='lat' dir='ltr'>aciemque</span> <span class='ocrx_word' id='word_1_71' title='bbox 549 839 628 880; x_wconf 92' lang='lat' dir='ltr'>sub</span> <span class='ocrx_word' id='word_1_72' title='bbox 665 839 812 881; x_wconf 85' lang='lat' dir='ltr'>castris</span> <span class='ocrx_word' id='word_1_73' title='bbox 848 839 1082 882; x_wconf 88' lang='lat' dir='ltr'>instruunt.</span> <span class='ocrx_word' id='word_1_74' title='bbox 1146 839 1288 882; x_wconf 83' lang='lat' dir='ltr'>Caesar</span> <span class='ocrx_word' id='word_1_75' title='bbox 1323 841 1379 882; x_wconf 85' lang='lat' dir='ltr'>ab</span> <span class='ocrx_word' id='word_1_76' title='bbox 1410 855 1542 898; x_wconf 87' lang='lat' dir='ltr'>opere</span> <span class='ocrx_word' id='word_1_77' title='bbox 1575 839 1764 896; x_wconf 84' lang='lat' dir='ltr'>legiones</span> 
     </span>
     <span class='ocr_line' id='line_1_11' title="bbox 292 896 1760 955; baseline 0.001 -18"><span class='ocrx_word' id='word_1_78' title='bbox 292 904 482 944; x_wconf 84' lang='lat' dir='ltr'>revocat,</span> <span class='ocrx_word' id='word_1_79' title='bbox 512 897 755 952; x_wconf 84' lang='lat' dir='ltr'>equitatum</span> <span class='ocrx_word' id='word_1_80' title='bbox 784 913 950 940; x_wconf 89' lang='lat' dir='ltr'>omnem</span> <span class='ocrx_word' id='word_1_81' title='bbox 980 898 1206 940; x_wconf 87' lang='lat' dir='ltr'>convenire</span> <span class='ocrx_word' id='word_1_82' title='bbox 1231 898 1374 955; x_wconf 83' lang='lat' dir='ltr'>jubet,</span> <span class='ocrx_word' id='word_1_83' title='bbox 1403 898 1537 940; x_wconf 84' lang='lat' dir='ltr'>aciem</span> <span class='ocrx_word' id='word_1_84' title='bbox 1565 896 1760 939; x_wconf 85' lang='lat' dir='ltr'>instruit:</span> 
     </span>
     <span class='ocr_line' id='line_1_12' title="bbox 291 954 1763 1015; baseline 0.001 -19"><span class='ocrx_word' id='word_1_85' title='bbox 291 962 443 997; x_wconf 87' lang='lat' dir='ltr'>contra</span> <span class='ocrx_word' id='word_1_86' title='bbox 474 954 714 1012; x_wconf 88' lang='lat' dir='ltr'>opinionem</span> <span class='ocrx_word' id='word_1_87' title='bbox 753 957 860 998; x_wconf 86' lang='lat' dir='ltr'>enim</span> <span class='ocrx_word' id='word_1_88' title='bbox 903 956 1089 998; x_wconf 88' lang='lat' dir='ltr'>militum</span> <span class='ocrx_word' id='word_1_89' title='bbox 1129 956 1370 1015; x_wconf 86' lang='lat' dir='ltr'>famamque</span> <span class='ocrx_word' id='word_1_90' title='bbox 1404 957 1592 998; x_wconf 90' lang='lat' dir='ltr'>omnium</span> <span class='ocrx_word' id='word_1_91' title='bbox 1627 954 1763 997; x_wconf 85' lang='lat' dir='ltr'>videri</span> 
     </span>
     <span class='ocr_line' id='line_1_13' title="bbox 292 1012 1763 1072; baseline 0.001 -18"><span class='ocrx_word' id='word_1_92' title='bbox 292 1012 491 1070; x_wconf 86' lang='lat' dir='ltr'>proelium</span> <span class='ocrx_word' id='word_1_93' title='bbox 527 1012 756 1069; x_wconf 70' lang='lat' dir='ltr'>defugisse,</span> <span class='ocrx_word' id='word_1_94' title='bbox 797 1030 998 1072; x_wconf 83' lang='lat' dir='ltr'>magnum</span> <span class='ocrx_word' id='word_1_95' title='bbox 1031 1014 1337 1058; x_wconf 88' lang='lat' dir='ltr'>detrimentum</span> <span class='ocrx_word' id='word_1_96' title='bbox 1371 1014 1613 1058; x_wconf 86' lang='lat' dir='ltr'>adferebat.</span> <span class='ocrx_word' id='word_1_97' title='bbox 1675 1013 1763 1056; x_wconf 86' lang='lat' dir='ltr'>Sed</span> 
     </span>
     <span class='ocr_line' id='line_1_14' title="bbox 290 1070 1764 1131; baseline 0 -18"><span class='ocrx_word' id='word_1_98' title='bbox 290 1070 445 1113; x_wconf 86' lang='lat' dir='ltr'>eisdem</span> <span class='ocrx_word' id='word_1_99' title='bbox 480 1071 535 1114; x_wconf 89' lang='lat' dir='ltr'>de</span> <span class='ocrx_word' id='word_1_100' title='bbox 565 1072 734 1121; x_wconf 83' lang='lat' dir='ltr'>caussis,</span> <span class='ocrx_word' id='word_1_101' title='bbox 772 1089 869 1129; x_wconf 62' lang='lat' dir='ltr'>quae</span> <span class='ocrx_word' id='word_1_102' title='bbox 903 1082 1003 1115; x_wconf 89' lang='lat' dir='ltr'>sunt</span> <span class='ocrx_word' id='word_1_103' title='bbox 1040 1073 1240 1131; x_wconf 83' lang='lat' dir='ltr'>cognitae,</span> <span class='ocrx_word' id='word_1_104' title='bbox 1275 1090 1364 1130; x_wconf 88' lang='lat' dir='ltr'>quo</span> <span class='ocrx_word' id='word_1_105' title='bbox 1397 1073 1534 1116; x_wconf 88' lang='lat' dir='ltr'>minus</span> <span class='ocrx_word' id='word_1_106' title='bbox 1559 1071 1764 1114; x_wconf 84' lang='lat' dir='ltr'>dimicare</span> 
     </span>
     <span class='ocr_line' id='line_1_15' title="bbox 288 1129 1761 1190; baseline 0.001 -19"><span class='ocrx_word' id='word_1_107' title='bbox 288 1129 436 1178; x_wconf 84' lang='lat' dir='ltr'>vellet,</span> <span class='ocrx_word' id='word_1_108' title='bbox 459 1130 736 1178; x_wconf 82' lang='lat' dir='ltr'>movebatur;</span> <span class='ocrx_word' id='word_1_109' title='bbox 767 1140 898 1188; x_wconf 85' lang='lat' dir='ltr'>atque</span> <span class='ocrx_word' id='word_1_110' title='bbox 929 1131 1006 1174; x_wconf 85' lang='lat' dir='ltr'>hoc</span> <span class='ocrx_word' id='word_1_111' title='bbox 1036 1132 1162 1174; x_wconf 86' lang='lat' dir='ltr'>etiam</span> <span class='ocrx_word' id='word_1_112' title='bbox 1191 1134 1342 1190; x_wconf 81' lang='lat' dir='ltr'>magis,</span> <span class='ocrx_word' id='word_1_113' title='bbox 1373 1132 1491 1190; x_wconf 90' lang='lat' dir='ltr'>quod</span> <span class='ocrx_word' id='word_1_114' title='bbox 1518 1130 1645 1188; x_wconf 89' lang='lat' dir='ltr'>spatii</span> <span class='ocrx_word' id='word_1_115' title='bbox 1664 1131 1761 1173; x_wconf 90' lang='lat' dir='ltr'>bre-</span> 
     </span>
     <span class='ocr_line' id='line_1_16' title="bbox 291 1187 1765 1256; baseline 0.001 -27"><span class='ocrx_word' id='word_1_116' title='bbox 291 1188 418 1237; x_wconf 84' lang='lat' dir='ltr'>vitas,</span> <span class='ocrx_word' id='word_1_117' title='bbox 449 1189 581 1230; x_wconf 83' lang='lat' dir='ltr'>etiam</span> <span class='ocrx_word' id='word_1_118' title='bbox 615 1188 656 1230; x_wconf 91' lang='lat' dir='ltr'>in</span> <span class='ocrx_word' id='word_1_119' title='bbox 680 1189 827 1256; x_wconf 78' lang='lat' dir='ltr'>fugam</span> <span class='ocrx_word' id='word_1_120' title='bbox 859 1190 1058 1247; x_wconf 84' lang='lat' dir='ltr'>conjectis</span> <span class='ocrx_word' id='word_1_121' title='bbox 1091 1190 1359 1240; x_wconf 86' lang='lat' dir='ltr'>adversariis,</span> <span class='ocrx_word' id='word_1_122' title='bbox 1391 1205 1475 1234; x_wconf 88' lang='lat' dir='ltr'>non</span> <span class='ocrx_word' id='word_1_123' title='bbox 1504 1187 1691 1232; x_wconf 82' lang='lat' dir='ltr'>multum</span> <span class='ocrx_word' id='word_1_124' title='bbox 1710 1188 1765 1231; x_wconf 82' lang='lat' dir='ltr'>ad</span> 
     </span>
     <span class='ocr_line' id='line_1_17' title="bbox 291 1246 1765 1306; baseline 0.001 -19"><span class='ocrx_word' id='word_1_125' title='bbox 291 1261 498 1288; x_wconf 81' lang='lat' dir='ltr'>summam</span> <span class='ocrx_word' id='word_1_126' title='bbox 522 1246 710 1290; x_wconf 82' lang='lat' dir='ltr'>victoriae</span> <span class='ocrx_word' id='word_1_127' title='bbox 738 1264 889 1305; x_wconf 62' lang='lat' dir='ltr'>juvare</span> <span class='ocrx_word' id='word_1_128' title='bbox 913 1258 1108 1305; x_wconf 87' lang='lat' dir='ltr'>poterat:</span> <span class='ocrx_word' id='word_1_129' title='bbox 1143 1265 1227 1292; x_wconf 92' lang='lat' dir='ltr'>non</span> <span class='ocrx_word' id='word_1_130' title='bbox 1251 1250 1364 1292; x_wconf 86' lang='lat' dir='ltr'>enim</span> <span class='ocrx_word' id='word_1_131' title='bbox 1394 1248 1578 1306; x_wconf 90' lang='lat' dir='ltr'>amplius</span> <span class='ocrx_word' id='word_1_132' title='bbox 1609 1246 1765 1304; x_wconf 89' lang='lat' dir='ltr'>pedum</span> 
     </span>
     <span class='ocr_line' id='line_1_18' title="bbox 292 1303 1766 1362; baseline 0.001 -17"><span class='ocrx_word' id='word_1_133' title='bbox 292 1303 464 1346; x_wconf 89' lang='lat' dir='ltr'>milibus</span> <span class='ocrx_word' id='word_1_134' title='bbox 483 1304 655 1347; x_wconf 87' lang='lat' dir='ltr'>duobus</span> <span class='ocrx_word' id='word_1_135' title='bbox 676 1306 733 1348; x_wconf 86' lang='lat' dir='ltr'>ab</span> <span class='ocrx_word' id='word_1_136' title='bbox 750 1307 898 1348; x_wconf 87' lang='lat' dir='ltr'>castris</span> <span class='ocrx_word' id='word_1_137' title='bbox 918 1315 1056 1348; x_wconf 74' lang='lat' dir='ltr'>castra</span> <span class='ocrx_word' id='word_1_138' title='bbox 1073 1307 1305 1349; x_wconf 87' lang='lat' dir='ltr'>distabant.</span> <span class='ocrx_word' id='word_1_139' title='bbox 1363 1306 1477 1350; x_wconf 81' lang='lat' dir='ltr'>Hinc</span> <span class='ocrx_word' id='word_1_140' title='bbox 1494 1305 1601 1347; x_wconf 88' lang='lat' dir='ltr'>duas</span> <span class='ocrx_word' id='word_1_141' title='bbox 1621 1314 1766 1362; x_wconf 89' lang='lat' dir='ltr'>partes</span> 
     </span>
     <span class='ocr_line' id='line_1_19' title="bbox 289 1362 1763 1421; baseline 0.002 -18"><span class='ocrx_word' id='word_1_142' title='bbox 289 1362 398 1404; x_wconf 88' lang='lat' dir='ltr'>acies</span> <span class='ocrx_word' id='word_1_143' title='bbox 418 1363 707 1419; x_wconf 82' lang='lat' dir='ltr'>occupabant;</span> <span class='ocrx_word' id='word_1_144' title='bbox 740 1364 868 1406; x_wconf 81' lang='lat' dir='ltr'>tertia</span> <span class='ocrx_word' id='word_1_145' title='bbox 890 1366 1086 1414; x_wconf 84' lang='lat' dir='ltr'>vacabat,</span> <span class='ocrx_word' id='word_1_146' title='bbox 1108 1364 1163 1406; x_wconf 86' lang='lat' dir='ltr'>ad</span> <span class='ocrx_word' id='word_1_147' title='bbox 1181 1366 1396 1407; x_wconf 91' lang='lat' dir='ltr'>incursum</span> <span class='ocrx_word' id='word_1_148' title='bbox 1419 1374 1551 1421; x_wconf 87' lang='lat' dir='ltr'>atque</span> <span class='ocrx_word' id='word_1_149' title='bbox 1570 1363 1763 1420; x_wconf 85' lang='lat' dir='ltr'>inpetum</span> 
     </span>
     <span class='ocr_line' id='line_1_20' title="bbox 289 1420 1766 1480; baseline 0 -17"><span class='ocrx_word' id='word_1_150' title='bbox 289 1420 475 1463; x_wconf 88' lang='lat' dir='ltr'>militum</span> <span class='ocrx_word' id='word_1_151' title='bbox 514 1421 678 1463; x_wconf 86' lang='lat' dir='ltr'>relicta.</span> <span class='ocrx_word' id='word_1_152' title='bbox 741 1422 786 1463; x_wconf 87' lang='lat' dir='ltr'>Si</span> <span class='ocrx_word' id='word_1_153' title='bbox 831 1423 1033 1479; x_wconf 76' lang='lat' dir='ltr'>proelium</span> <span class='ocrx_word' id='word_1_154' title='bbox 1070 1424 1427 1473; x_wconf 88' lang='lat' dir='ltr'>committeretur,</span> <span class='ocrx_word' id='word_1_155' title='bbox 1498 1422 1766 1480; x_wconf 81' lang='lat' dir='ltr'>ropinquitas</span> 
     </span>
     <span class='ocr_line' id='line_1_21' title="bbox 291 1480 1765 1540; baseline 0.001 -20"><span class='ocrx_word' id='word_1_156' title='bbox 291 1487 529 1522; x_wconf 86' lang='lat' dir='ltr'>castrorum</span> <span class='ocrx_word' id='word_1_157' title='bbox 561 1480 742 1522; x_wconf 88' lang='lat' dir='ltr'>celerem</span> <span class='ocrx_word' id='word_1_158' title='bbox 767 1482 982 1538; x_wconf 73' lang='lat' dir='ltr'>superatis</span> <span class='ocrx_word' id='word_1_159' title='bbox 1010 1497 1061 1523; x_wconf 78' lang='lat' dir='ltr'>ex</span> <span class='ocrx_word' id='word_1_160' title='bbox 1085 1481 1190 1540; x_wconf 85' lang='lat' dir='ltr'>fuga</span> <span class='ocrx_word' id='word_1_161' title='bbox 1212 1490 1435 1540; x_wconf 87' lang='lat' dir='ltr'>receptum</span> <span class='ocrx_word' id='word_1_162' title='bbox 1486 1481 1604 1523; x_wconf 86' lang='lat' dir='ltr'>abat.</span> <span class='ocrx_word' id='word_1_163' title='bbox 1670 1480 1765 1524; x_wconf 86' lang='lat' dir='ltr'>Hac</span> 
     </span>
     <span class='ocr_line' id='line_1_22' title="bbox 289 1536 1765 1597; baseline 0.001 -18"><span class='ocrx_word' id='word_1_164' title='bbox 289 1536 345 1580; x_wconf 90' lang='lat' dir='ltr'>de</span> <span class='ocrx_word' id='word_1_165' title='bbox 383 1553 529 1580; x_wconf 82' lang='lat' dir='ltr'>caussa</span> <span class='ocrx_word' id='word_1_166' title='bbox 570 1539 872 1589; x_wconf 83' lang='lat' dir='ltr'>constituerat,</span> <span class='ocrx_word' id='word_1_167' title='bbox 913 1539 1035 1597; x_wconf 74' lang='lat' dir='ltr'>sigua</span> <span class='ocrx_word' id='word_1_168' title='bbox 1075 1539 1358 1584; x_wconf 82' lang='lat' dir='ltr'>inferentibus</span> <span class='ocrx_word' id='word_1_169' title='bbox 1399 1541 1608 1588; x_wconf 82' lang='lat' dir='ltr'>resistere,</span> <span class='ocrx_word' id='word_1_170' title='bbox 1646 1538 1765 1597; x_wconf 87' lang='lat' dir='ltr'>prior</span> 
     </span>
     <span class='ocr_line' id='line_1_23' title="bbox 295 1596 796 1654; baseline 0.004 -17"><span class='ocrx_word' id='word_1_171' title='bbox 295 1596 448 1654; x_wconf 76' lang='lat' dir='ltr'>proelio</span> <span class='ocrx_word' id='word_1_172' title='bbox 470 1612 554 1638; x_wconf 90' lang='lat' dir='ltr'>non</span> <span class='ocrx_word' id='word_1_173' title='bbox 577 1597 796 1639; x_wconf 88' lang='lat' dir='ltr'>lacessere.</span> 
     </span>
    </p>

    <p class='ocr_par' dir='ltr' id='par_1_4' title="bbox 292 1654 1766 1759">
     <span class='ocr_line' id='line_1_24' title="bbox 349 1654 1764 1716; baseline 0.002 -21"><span class='ocrx_word' id='word_1_174' title='bbox 349 1654 420 1695; x_wconf 80' lang='lat'>83.</span> <span class='ocrx_word' id='word_1_175' title='bbox 456 1654 582 1696; x_wconf 88' lang='lat' dir='ltr'>Acies</span> <span class='ocrx_word' id='word_1_176' title='bbox 610 1665 705 1697; x_wconf 84' lang='lat' dir='ltr'>erat</span> <span class='ocrx_word' id='word_1_177' title='bbox 728 1656 965 1698; x_wconf 82' lang='lat' dir='ltr'>Afraniana</span> <span class='ocrx_word' id='word_1_178' title='bbox 997 1657 1157 1715; x_wconf 85' lang='lat' dir='ltr'>duplex</span> <span class='ocrx_word' id='word_1_179' title='bbox 1190 1658 1406 1716; x_wconf 84' lang='lat' dir='ltr'>legionum</span> <span class='ocrx_word' id='word_1_180' title='bbox 1436 1658 1647 1714; x_wconf 90' lang='lat' dir='ltr'>quinque;</span> <span class='ocrx_word' id='word_1_181' title='bbox 1680 1666 1764 1698; x_wconf 88' lang='lat' dir='ltr'>ter-</span> 
     </span>
     <span class='ocr_line' id='line_1_25' title="bbox 292 1712 1766 1759; baseline 0.001 -5"><span class='ocrx_word' id='word_1_182' title='bbox 292 1712 398 1754; x_wconf 86' lang='lat' dir='ltr'>tium</span> <span class='ocrx_word' id='word_1_183' title='bbox 429 1712 472 1754; x_wconf 92' lang='lat' dir='ltr'>in</span> <span class='ocrx_word' id='word_1_184' title='bbox 492 1712 689 1756; x_wconf 81' lang='lat' dir='ltr'>subsidiis</span> <span class='ocrx_word' id='word_1_185' title='bbox 719 1714 859 1757; x_wconf 89' lang='lat' dir='ltr'>locum</span> <span class='ocrx_word' id='word_1_186' title='bbox 889 1715 1032 1759; x_wconf 82' lang='lat' dir='ltr'>alariae</span> <span class='ocrx_word' id='word_1_187' title='bbox 1062 1716 1258 1759; x_wconf 85' lang='lat' dir='ltr'>cohortes</span> <span class='ocrx_word' id='word_1_188' title='bbox 1280 1716 1554 1759; x_wconf 80' lang='lat' dir='ltr'>obtinebant:</span> <span class='ocrx_word' id='word_1_189' title='bbox 1589 1715 1766 1758; x_wconf 62' lang='lat' dir='ltr'>Caesaris</span> 
     </span>
    </p>
   </div>
   <div class='ocr_carea' id='block_1_2' title="bbox 296 1889 1762 1933">
    <p class='ocr_par' dir='ltr' id='par_1_5' title="bbox 296 1889 1762 1933">
     <span class='ocr_line' id='line_1_26' title="bbox 296 1889 1762 1933; baseline 0 -12"><span class='ocrx_word' id='word_1_190' title='bbox 296 1889 528 1921; x_wconf 64' lang='lat' dir='ltr'>haberL—Est</span> <span class='ocrx_word' id='word_1_191' title='bbox 556 1897 667 1922; x_wconf 80' lang='lat' dir='ltr'>autem</span> <span class='ocrx_word' id='word_1_192' title='bbox 699 1891 893 1933; x_wconf 61' lang='lat' dir='ltr'>subplicium</span> <span class='ocrx_word' id='word_1_193' title='bbox 926 1902 998 1923; x_wconf 74' lang='lat' dir='ltr'>ver·</span> <span class='ocrx_word' id='word_1_194' title='bbox 1065 1902 1152 1923; x_wconf 81' lang='lat' dir='ltr'>neni.</span> <span class='ocrx_word' id='word_1_195' title='bbox 1201 1893 1234 1923; x_wconf 87' lang='lat' dir='ltr'>ln</span> <span class='ocrx_word' id='word_1_196' title='bbox 1260 1891 1358 1923; x_wconf 85' lang='lat' dir='ltr'>libris</span> <span class='ocrx_word' id='word_1_197' title='bbox 1373 1898 1440 1922; x_wconf 84' lang='lat' dir='ltr'>vet.</span> <span class='ocrx_word' id='word_1_198' title='bbox 1459 1891 1626 1933; x_wconf 76' lang='lat' dir='ltr'>plerisque</span> <span class='ocrx_word' id='word_1_199' title='bbox 1641 1897 1762 1923; x_wconf 79' lang='lat' dir='ltr'>exstat.</span> 
     </span>
    </p>
   </div>
   <div class='ocr_carea' id='block_1_3' title="bbox 296 1933 1005 2982">
    <p class='ocr_par' dir='ltr' id='par_1_6' title="bbox 296 1933 1002 2360">
     <span class='ocr_line' id='line_1_27' title="bbox 298 1933 999 1966; baseline 0.001 -2"><span class='ocrx_word' id='word_1_200' title='bbox 298 1933 378 1964; x_wconf 87' lang='lat' dir='ltr'>bum</span> <span class='ocrx_word' id='word_1_201' title='bbox 395 1934 519 1965; x_wconf 60' lang='lat' dir='ltr'>Caesari</span> <span class='ocrx_word' id='word_1_202' title='bbox 543 1935 704 1966; x_wconf 72' lang='lat' dir='ltr'>usitatum</span> <span class='ocrx_word' id='word_1_203' title='bbox 731 1935 761 1966; x_wconf 89' lang='lat' dir='ltr'>in</span> <span class='ocrx_word' id='word_1_204' title='bbox 782 1934 841 1966; x_wconf 78' lang='lat' dir='ltr'>linc</span> <span class='ocrx_word' id='word_1_205' title='bbox 860 1946 905 1965; x_wconf 80' lang='lat' dir='ltr'>rc.</span> <span class='ocrx_word' id='word_1_206' title='bbox 929 1935 999 1965; x_wconf 78' lang='lat' dir='ltr'>vid.</span> 
     </span>
     <span class='ocr_line' id='line_1_28' title="bbox 296 1977 999 2009; baseline 0 0"><span class='ocrx_word' id='word_1_207' title='bbox 296 1987 327 2009; x_wconf 90' lang='lat' dir='ltr'>c.</span> <span class='ocrx_word' id='word_1_208' title='bbox 344 1979 384 2008; x_wconf 78' lang='lat'>84</span> <span class='ocrx_word' id='word_1_209' title='bbox 408 1983 442 2009; x_wconf 86' lang='lat' dir='ltr'>et</span> <span class='ocrx_word' id='word_1_210' title='bbox 464 1979 533 2009; x_wconf 83' lang='lat' dir='ltr'>Iud.</span> <span class='ocrx_word' id='word_1_211' title='bbox 560 1979 608 2009; x_wconf 84' lang='lat' dir='ltr'>M.</span> <span class='ocrx_word' id='word_1_212' title='bbox 655 1979 688 2009; x_wconf 86' lang='lat' dir='ltr'>lu</span> <span class='ocrx_word' id='word_1_213' title='bbox 710 1977 856 2009; x_wconf 73' lang='lat' dir='ltr'>lectione</span> <span class='ocrx_word' id='word_1_214' title='bbox 880 1978 912 2009; x_wconf 93' lang='lat' dir='ltr'>in</span> <span class='ocrx_word' id='word_1_215' title='bbox 929 1985 999 2009; x_wconf 71' lang='lat' dir='ltr'>tox-</span> 
     </span>
     <span class='ocr_line' id='line_1_29' title="bbox 296 2022 997 2063; baseline -0.001 -11"><span class='ocrx_word' id='word_1_216' title='bbox 296 2029 368 2053; x_wconf 81' lang='lat' dir='ltr'>tum</span> <span class='ocrx_word' id='word_1_217' title='bbox 398 2028 532 2063; x_wconf 75' lang='lat' dir='ltr'>recepta</span> <span class='ocrx_word' id='word_1_218' title='bbox 561 2022 605 2052; x_wconf 84' lang='lat' dir='ltr'>ab</span> <span class='ocrx_word' id='word_1_219' title='bbox 638 2022 727 2053; x_wconf 63' lang='lat' dir='ltr'>(iud.</span> <span class='ocrx_word' id='word_1_220' title='bbox 754 2033 831 2053; x_wconf 84' lang='lat' dir='ltr'>cuni</span> <span class='ocrx_word' id='word_1_221' title='bbox 860 2023 997 2053; x_wconf 75' lang='lat' dir='ltr'>Davisio</span> 
     </span>
     <span class='ocr_line' id='line_1_30' title="bbox 297 2065 1000 2098; baseline 0.001 -2"><span class='ocrx_word' id='word_1_222' title='bbox 297 2065 416 2096; x_wconf 81' lang='lat' dir='ltr'>Clarke</span> <span class='ocrx_word' id='word_1_223' title='bbox 432 2065 517 2097; x_wconf 67' lang='lat' dir='ltr'>bone</span> <span class='ocrx_word' id='word_1_224' title='bbox 533 2072 645 2097; x_wconf 76' lang='lat' dir='ltr'>monet</span> <span class='ocrx_word' id='word_1_225' title='bbox 662 2067 779 2098; x_wconf 68' lang='lat' dir='ltr'>habere</span> <span class='ocrx_word' id='word_1_226' title='bbox 795 2066 904 2097; x_wconf 85' lang='lat' dir='ltr'>minus</span> <span class='ocrx_word' id='word_1_227' title='bbox 919 2077 1000 2097; x_wconf 80' lang='lat' dir='ltr'>con-</span> 
     </span>
     <span class='ocr_line' id='line_1_31' title="bbox 299 2109 998 2151; baseline 0.003 -12"><span class='ocrx_word' id='word_1_228' title='bbox 299 2109 413 2140; x_wconf 80' lang='lat' dir='ltr'>venire</span> <span class='ocrx_word' id='word_1_229' title='bbox 441 2120 518 2141; x_wconf 80' lang='lat' dir='ltr'>curu</span> <span class='ocrx_word' id='word_1_230' title='bbox 548 2122 617 2151; x_wconf 64' lang='lat' dir='ltr'>seq.</span> <span class='ocrx_word' id='word_1_231' title='bbox 641 2111 764 2141; x_wconf 71' lang='lat' dir='ltr'>subit-1¹.</span> <span class='ocrx_word' id='word_1_232' title='bbox 813 2109 891 2140; x_wconf 86' lang='lat' dir='ltr'>Vult</span> <span class='ocrx_word' id='word_1_233' title='bbox 919 2121 998 2144; x_wconf 56' lang='lat' dir='ltr'>ergo</span> 
     </span>
     <span class='ocr_line' id='line_1_32' title="bbox 300 2153 1000 2194; baseline 0.003 -11"><span class='ocrx_word' id='word_1_234' title='bbox 300 2153 428 2184; x_wconf 69' lang='lat' dir='ltr'>haberi.</span> <span class='ocrx_word' id='word_1_235' title='bbox 474 2155 581 2194; x_wconf 85' lang='lat' dir='ltr'>Atque</span> <span class='ocrx_word' id='word_1_236' title='bbox 607 2153 655 2184; x_wconf 86' lang='lat' dir='ltr'>sic</span> <span class='ocrx_word' id='word_1_237' title='bbox 684 2153 778 2185; x_wconf 76' lang='lat' dir='ltr'>Leid.</span> <span class='ocrx_word' id='word_1_238' title='bbox 800 2156 827 2184; x_wconf 85' lang='lat' dir='ltr'>l.</span> <span class='ocrx_word' id='word_1_239' title='bbox 852 2154 1000 2185; x_wconf 69' lang='lat' dir='ltr'>exhitwt.</span> 
     </span>
     <span class='ocr_line' id='line_1_33' title="bbox 303 2196 1001 2236; baseline 0.001 -9"><span class='ocrx_word' id='word_1_240' title='bbox 303 2196 353 2227; x_wconf 82' lang='lat' dir='ltr'>lta</span> <span class='ocrx_word' id='word_1_241' title='bbox 367 2207 448 2236; x_wconf 66' lang='lat' dir='ltr'>crgo</span> <span class='ocrx_word' id='word_1_242' title='bbox 472 2197 713 2228; x_wconf 68' lang='lat' dir='ltr'>restituendum</span> <span class='ocrx_word' id='word_1_243' title='bbox 743 2198 856 2229; x_wconf 81' lang='lat' dir='ltr'>locum</span> <span class='ocrx_word' id='word_1_244' title='bbox 883 2197 1001 2229; x_wconf 61' lang='lat' dir='ltr'>sentio.</span> 
     </span>
     <span class='ocr_line' id='line_1_34' title="bbox 304 2239 1001 2280; baseline 0.001 -10"><span class='ocrx_word' id='word_1_245' title='bbox 304 2239 390 2270; x_wconf 91' lang='lat' dir='ltr'>Nam</span> <span class='ocrx_word' id='word_1_246' title='bbox 416 2241 503 2272; x_wconf 80' lang='lat' dir='ltr'>male</span> <span class='ocrx_word' id='word_1_247' title='bbox 519 2240 619 2272; x_wconf 83' lang='lat' dir='ltr'>etiam</span> <span class='ocrx_word' id='word_1_248' title='bbox 643 2242 716 2271; x_wconf 78' lang='lat' dir='ltr'>odd.</span> <span class='ocrx_word' id='word_1_249' title='bbox 734 2249 797 2272; x_wconf 77' lang='lat' dir='ltr'>vet.</span> <span class='ocrx_word' id='word_1_250' title='bbox 816 2242 942 2273; x_wconf 85' lang='lat' dir='ltr'>omisso</span> <span class='ocrx_word' id='word_1_251' title='bbox 961 2244 1001 2280; x_wconf 61' lang='grc' dir='ltr'>τῷ</span> 
     </span>
     <span class='ocr_line' id='line_1_35' title="bbox 306 2283 1002 2327; baseline 0.004 -13"><span class='ocrx_word' id='word_1_252' title='bbox 306 2283 424 2315; x_wconf 74' lang='lat' dir='ltr'>habere</span> <span class='ocrx_word' id='word_1_253' title='bbox 438 2284 579 2316; x_wconf 76' lang='lat' dir='ltr'>offerunt</span> <span class='ocrx_word' id='word_1_254' title='bbox 603 2287 653 2316; x_wconf 67' lang='lat' dir='ltr'>lais</span> <span class='ocrx_word' id='word_1_255' title='bbox 669 2296 718 2316; x_wconf 67' lang='lat' dir='ltr'>eos</span> <span class='ocrx_word' id='word_1_256' title='bbox 734 2286 891 2327; x_wconf 60' lang='lat' dir='ltr'>subplicat</span> <span class='ocrx_word' id='word_1_257' title='bbox 906 2287 1002 2317; x_wconf 56' lang='lat' dir='ltr'>malis</span> 
     </span>
     <span class='ocr_line' id='line_1_36' title="bbox 302 2327 570 2360; baseline 0.004 -3"><span class='ocrx_word' id='word_1_258' title='bbox 302 2327 342 2357; x_wconf 86' lang='lat' dir='ltr'>C.</span> <span class='ocrx_word' id='word_1_259' title='bbox 357 2337 392 2358; x_wconf 77' lang='lat' dir='ltr'>&#39;n-</span> <span class='ocrx_word' id='word_1_260' title='bbox 407 2329 478 2359; x_wconf 75' lang='lat' dir='ltr'>sub.</span> <span class='ocrx_word' id='word_1_261' title='bbox 496 2329 570 2360; x_wconf 80' lang='lat' dir='ltr'>ded.</span> 
     </span>
    </p>

    <p class='ocr_par' dir='ltr' id='par_1_7' title="bbox 301 2372 1003 2501">
     <span class='ocr_line' id='line_1_37' title="bbox 349 2372 1003 2404; baseline 0.003 -2"><span class='ocrx_word' id='word_1_262' title='bbox 349 2373 627 2404; x_wconf 54' lang='lat' dir='ltr'>(2&#39;2&#39;1-cwm1mme&#39;1w.</span> <span class='ocrx_word' id='word_1_263' title='bbox 674 2372 727 2403; x_wconf 87' lang='lat' dir='ltr'>Sic</span> <span class='ocrx_word' id='word_1_264' title='bbox 752 2374 848 2404; x_wconf 85' lang='lat' dir='ltr'>codd.</span> <span class='ocrx_word' id='word_1_265' title='bbox 875 2373 943 2404; x_wconf 82' lang='grc'><strong>11.1.</strong></span> <span class='ocrx_word' id='word_1_266' title='bbox 970 2380 1003 2404; x_wconf 77' lang='lat' dir='ltr'>et</span> 
     </span>
     <span class='ocr_line' id='line_1_38' title="bbox 304 2415 1003 2457; baseline 0.001 -11"><span class='ocrx_word' id='word_1_267' title='bbox 304 2415 379 2446; x_wconf 76' lang='lat' dir='ltr'>edd.</span> <span class='ocrx_word' id='word_1_268' title='bbox 396 2422 461 2446; x_wconf 82' lang='lat' dir='ltr'>vet.</span> <span class='ocrx_word' id='word_1_269' title='bbox 509 2415 578 2446; x_wconf 77' lang='lat' dir='ltr'>Alii</span> <span class='ocrx_word' id='word_1_270' title='bbox 595 2418 836 2449; x_wconf 63' lang='lat' dir='ltr'>circumvenire.</span> <span class='ocrx_word' id='word_1_271' title='bbox 857 2424 890 2447; x_wconf 86' lang='lat' dir='ltr'>ut</span> <span class='ocrx_word' id='word_1_272' title='bbox 905 2427 1003 2457; x_wconf 74' lang='lat' dir='ltr'>supra</span> 
     </span>
     <span class='ocr_line' id='line_1_39' title="bbox 301 2459 958 2501; baseline 0.002 -11"><span class='ocrx_word' id='word_1_273' title='bbox 301 2470 332 2490; x_wconf 91' lang='lat' dir='ltr'>c.</span> <span class='ocrx_word' id='word_1_274' title='bbox 355 2461 404 2491; x_wconf 88' lang='grc'>18.</span> <span class='ocrx_word' id='word_1_275' title='bbox 419 2460 510 2501; x_wconf 90' lang='lat' dir='ltr'>quod</span> <span class='ocrx_word' id='word_1_276' title='bbox 526 2465 558 2490; x_wconf 84' lang='lat' dir='ltr'>et</span> <span class='ocrx_word' id='word_1_277' title='bbox 574 2459 628 2490; x_wconf 82' lang='lat' dir='ltr'>hic</span> <span class='ocrx_word' id='word_1_278' title='bbox 645 2460 762 2491; x_wconf 84' lang='lat' dir='ltr'>Morus</span> <span class='ocrx_word' id='word_1_279' title='bbox 778 2469 958 2501; x_wconf 59' lang='lat' dir='ltr'>receperat.</span> 
     </span>
    </p>

    <p class='ocr_par' dir='ltr' id='par_1_8' title="bbox 305 2504 1004 2579">
     <span class='ocr_line' id='line_1_40' title="bbox 353 2504 1004 2541; baseline 0 -6"><span class='ocrx_word' id='word_1_280' title='bbox 353 2504 422 2539; x_wconf 83' lang='lat' dir='ltr'>Illi,</span> <span class='ocrx_word' id='word_1_281' title='bbox 449 2509 480 2534; x_wconf 66' lang='grc' dir='ltr'>με</span> <span class='ocrx_word' id='word_1_282' title='bbox 507 2506 620 2541; x_wconf 70' lang='lat' dir='ltr'>iuopia</span> <span class='ocrx_word' id='word_1_283' title='bbox 649 2509 713 2534; x_wconf 84' lang='lat' dir='ltr'>etc.</span> <span class='ocrx_word' id='word_1_284' title='bbox 759 2504 812 2534; x_wconf 64' lang='lat' dir='ltr'>Sic</span> <span class='ocrx_word' id='word_1_285' title='bbox 844 2505 940 2535; x_wconf 83' lang='lat' dir='ltr'>codd.</span> <span class='ocrx_word' id='word_1_286' title='bbox 972 2511 1004 2535; x_wconf 84' lang='lat' dir='ltr'>et</span> 
     </span>
     <span class='ocr_line' id='line_1_41' title="bbox 305 2547 656 2579; baseline -0.003 -1"><span class='ocrx_word' id='word_1_287' title='bbox 305 2547 380 2578; x_wconf 87' lang='lat' dir='ltr'>edd.</span> <span class='ocrx_word' id='word_1_288' title='bbox 397 2554 460 2579; x_wconf 70' lang='lat' dir='ltr'>vet.</span> <span class='ocrx_word' id='word_1_289' title='bbox 509 2547 576 2579; x_wconf 77' lang='lat' dir='ltr'>Alii</span> <span class='ocrx_word' id='word_1_290' title='bbox 598 2549 656 2579; x_wconf 79' lang='lat' dir='ltr'>Ibi.</span> 
     </span>
    </p>

    <p class='ocr_par' dir='ltr' id='par_1_9' title="bbox 304 2590 1003 2885">
     <span class='ocr_line' id='line_1_42' title="bbox 354 2590 1002 2632; baseline 0.002 -10"><span class='ocrx_word' id='word_1_291' title='bbox 354 2591 403 2622; x_wconf 71' lang='lat' dir='ltr'>Ad</span> <span class='ocrx_word' id='word_1_292' title='bbox 432 2592 480 2629; x_wconf 76' lang='lat' dir='ltr'>id,</span> <span class='ocrx_word' id='word_1_293' title='bbox 509 2591 549 2622; x_wconf 85' lang='lat' dir='ltr'>ad</span> <span class='ocrx_word' id='word_1_294' title='bbox 583 2590 772 2632; x_wconf 70' lang='lat' dir='ltr'>repentinas</span> <span class='ocrx_word' id='word_1_295' title='bbox 801 2591 1002 2632; x_wconf 71' lang='lat' dir='ltr'>eruptiones.</span> 
     </span>
     <span class='ocr_line' id='line_1_43' title="bbox 305 2633 1003 2673; baseline 0 -7"><span class='ocrx_word' id='word_1_296' title='bbox 305 2635 359 2666; x_wconf 88' lang='lat' dir='ltr'>Sic</span> <span class='ocrx_word' id='word_1_297' title='bbox 379 2633 465 2665; x_wconf 86' lang='lat' dir='ltr'>Oud.</span> <span class='ocrx_word' id='word_1_298' title='bbox 514 2634 608 2666; x_wconf 81' lang='lat' dir='ltr'>Malo</span> <span class='ocrx_word' id='word_1_299' title='bbox 632 2645 708 2666; x_wconf 79' lang='lat' dir='ltr'>cutu</span> <span class='ocrx_word' id='word_1_300' title='bbox 730 2634 806 2665; x_wconf 77' lang='lat' dir='ltr'>aliis</span> <span class='ocrx_word' id='word_1_301' title='bbox 823 2636 942 2673; x_wconf 47' lang='lat' dir='ltr'>haere,</span> <span class='ocrx_word' id='word_1_302' title='bbox 958 2636 1003 2666; x_wconf 78' lang='lat' dir='ltr'>ml</span> 
     </span>
     <span class='ocr_line' id='line_1_44' title="bbox 304 2678 1001 2713; baseline -0.001 -3"><span class='ocrx_word' id='word_1_303' title='bbox 304 2682 380 2713; x_wconf 68' lang='lat' dir='ltr'>iter,</span> <span class='ocrx_word' id='word_1_304' title='bbox 410 2678 473 2709; x_wconf 75' lang='lat' dir='ltr'>etsi</span> <span class='ocrx_word' id='word_1_305' title='bbox 505 2679 604 2709; x_wconf 84' lang='lat' dir='ltr'>codd.</span> <span class='ocrx_word' id='word_1_306' title='bbox 635 2685 766 2709; x_wconf 68' lang='lat' dir='ltr'>servant</span> <span class='ocrx_word' id='word_1_307' title='bbox 797 2679 841 2709; x_wconf 77' lang='lat' dir='ltr'>ml</span> <span class='ocrx_word' id='word_1_308' title='bbox 870 2680 915 2709; x_wconf 70' lang='lat' dir='ltr'>m.</span> <span class='ocrx_word' id='word_1_309' title='bbox 954 2681 1001 2710; x_wconf 78' lang='lat' dir='ltr'>M.</span> 
     </span>
     <span class='ocr_line' id='line_1_45' title="bbox 306 2721 1002 2764; baseline 0.001 -11"><span class='ocrx_word' id='word_1_310' title='bbox 306 2722 421 2753; x_wconf 84' lang='lat' dir='ltr'>Minus</span> <span class='ocrx_word' id='word_1_311' title='bbox 445 2722 594 2764; x_wconf 78' lang='lat' dir='ltr'>expediti</span> <span class='ocrx_word' id='word_1_312' title='bbox 617 2724 657 2753; x_wconf 76' lang='lat' dir='ltr'>ud</span> <span class='ocrx_word' id='word_1_313' title='bbox 676 2722 736 2753; x_wconf 77' lang='lat' dir='ltr'>iter</span> <span class='ocrx_word' id='word_1_314' title='bbox 753 2721 858 2753; x_wconf 72' lang='lat' dir='ltr'>videri</span> <span class='ocrx_word' id='word_1_315' title='bbox 881 2722 1002 2754; x_wconf 65' lang='lat' dir='ltr'>dobunt</span> 
     </span>
     <span class='ocr_line' id='line_1_46' title="bbox 304 2766 1003 2807; baseline -0.001 -10"><span class='ocrx_word' id='word_1_316' title='bbox 304 2772 453 2797; x_wconf 76' lang='lat' dir='ltr'>carentes</span> <span class='ocrx_word' id='word_1_317' title='bbox 464 2767 626 2807; x_wconf 82' lang='lat' dir='ltr'>jumentis</span> <span class='ocrx_word' id='word_1_318' title='bbox 642 2766 723 2797; x_wconf 80' lang='lat' dir='ltr'>istis.</span> <span class='ocrx_word' id='word_1_319' title='bbox 751 2766 905 2797; x_wconf 83' lang='lat' dir='ltr'>Ceterum</span> <span class='ocrx_word' id='word_1_320' title='bbox 921 2766 1003 2797; x_wconf 91' lang='lat' dir='ltr'>illud</span> 
     </span>
     <span class='ocr_line' id='line_1_47' title="bbox 308 2809 1003 2842; baseline 0 -2"><span class='ocrx_word' id='word_1_321' title='bbox 308 2810 354 2841; x_wconf 80' lang='lat' dir='ltr'>ad</span> <span class='ocrx_word' id='word_1_322' title='bbox 368 2813 428 2842; x_wconf 69' lang='lat' dir='ltr'>iter</span> <span class='ocrx_word' id='word_1_323' title='bbox 443 2820 462 2840; x_wconf 83' lang='lat' dir='ltr'>e</span> <span class='ocrx_word' id='word_1_324' title='bbox 478 2810 553 2841; x_wconf 88' lang='lat' dir='ltr'>solo</span> <span class='ocrx_word' id='word_1_325' title='bbox 569 2809 687 2842; x_wconf 75' lang='lat' dir='ltr'>Fa&#39;e&#39;rni</span> <span class='ocrx_word' id='word_1_326' title='bbox 711 2809 799 2841; x_wconf 85' lang='lat' dir='ltr'>libro</span> <span class='ocrx_word' id='word_1_327' title='bbox 826 2816 873 2840; x_wconf 78' lang='lat' dir='ltr'>est</span> <span class='ocrx_word' id='word_1_328' title='bbox 895 2820 913 2840; x_wconf 82' lang='lat' dir='ltr'>a</span> <span class='ocrx_word' id='word_1_329' title='bbox 932 2810 1003 2841; x_wconf 74' lang='lat' dir='ltr'>Mu-</span> 
     </span>
     <span class='ocr_line' id='line_1_48' title="bbox 307 2853 542 2885; baseline 0.009 -2"><span class='ocrx_word' id='word_1_330' title='bbox 307 2853 403 2885; x_wconf 83' lang='lat' dir='ltr'>nutio</span> <span class='ocrx_word' id='word_1_331' title='bbox 418 2854 542 2885; x_wconf 78' lang='lat' dir='ltr'>datum.</span> 
     </span>
    </p>

    <p class='ocr_par' dir='ltr' id='par_1_10' title="bbox 304 2895 1005 2982">
     <span class='ocr_line' id='line_1_49' title="bbox 355 2895 1004 2938; baseline -0.002 -10"><span class='ocrx_word' id='word_1_332' title='bbox 355 2897 473 2938; x_wconf 68' lang='lat' dir='ltr'>Inpetl.</span> <span class='ocrx_word' id='word_1_333' title='bbox 488 2899 536 2928; x_wconf 79' lang='lat' dir='ltr'>rei</span> <span class='ocrx_word' id='word_1_334' title='bbox 548 2907 675 2929; x_wconf 64' lang='lat' dir='ltr'>cau-exa.</span> <span class='ocrx_word' id='word_1_335' title='bbox 721 2895 777 2928; x_wconf 73' lang='lat' dir='ltr'>Sic</span> <span class='ocrx_word' id='word_1_336' title='bbox 790 2896 933 2928; x_wconf 81' lang='lat' dir='ltr'>editores</span> <span class='ocrx_word' id='word_1_337' title='bbox 948 2907 1004 2927; x_wconf 71' lang='lat' dir='ltr'>ve-</span> 
     </span>
     <span class='ocr_line' id='line_1_50' title="bbox 304 2940 1005 2982; baseline 0 -9"><span class='ocrx_word' id='word_1_338' title='bbox 304 2945 392 2973; x_wconf 79' lang='lat' dir='ltr'>teres</span> <span class='ocrx_word' id='word_1_339' title='bbox 418 2946 597 2982; x_wconf 82' lang='lat' dir='ltr'>utcumque</span> <span class='ocrx_word' id='word_1_340' title='bbox 618 2940 862 2973; x_wconf 80' lang='lat' dir='ltr'>constituerunt</span> <span class='ocrx_word' id='word_1_341' title='bbox 884 2940 1005 2973; x_wconf 76' lang='lat' dir='ltr'>lectio-</span> 
     </span>
    </p>
   </div>
   <div class='ocr_carea' id='block_1_4' title="bbox 1064 1936 1765 1977">
    <p class='ocr_par' dir='ltr' id='par_1_11' title="bbox 1064 1936 1765 1977">
     <span class='ocr_line' id='line_1_51' title="bbox 1064 1936 1765 1977; baseline -0.001 -10"><span class='ocrx_word' id='word_1_342' title='bbox 1064 1936 1270 1975; x_wconf 69' lang='lat' dir='ltr'>inpmliemloe</span> <span class='ocrx_word' id='word_1_343' title='bbox 1286 1939 1346 1973; x_wconf 77' lang='lat' dir='ltr'>rei,</span> <span class='ocrx_word' id='word_1_344' title='bbox 1358 1945 1432 1977; x_wconf 81' lang='lat' dir='ltr'>quoe</span> <span class='ocrx_word' id='word_1_345' title='bbox 1447 1937 1635 1967; x_wconf 73' lang='lat' dir='ltr'>munitionis</span> <span class='ocrx_word' id='word_1_346' title='bbox 1645 1945 1765 1967; x_wconf 72' lang='lat' dir='ltr'>caussa</span> 
     </span>
    </p>
   </div>
   <div class='ocr_carea' id='block_1_5' title="bbox 1058 1979 1765 2021">
    <p class='ocr_par' dir='ltr' id='par_1_12' title="bbox 1058 1979 1765 2021">
     <span class='ocr_line' id='line_1_52' title="bbox 1058 1979 1765 2021; baseline -0.001 -10"><span class='ocrx_word' id='word_1_347' title='bbox 1058 1981 1172 2021; x_wconf 71' lang='lat' dir='ltr'>fiebat.</span> <span class='ocrx_word' id='word_1_348' title='bbox 1219 1981 1282 2011; x_wconf 78' lang='lat' dir='ltr'>Sed</span> <span class='ocrx_word' id='word_1_349' title='bbox 1307 1979 1340 2010; x_wconf 87' lang='lat' dir='ltr'>in</span> <span class='ocrx_word' id='word_1_350' title='bbox 1358 1979 1412 2010; x_wconf 83' lang='lat' dir='ltr'>his</span> <span class='ocrx_word' id='word_1_351' title='bbox 1427 1985 1476 2010; x_wconf 78' lang='lat' dir='ltr'>est</span> <span class='ocrx_word' id='word_1_352' title='bbox 1491 1979 1765 2020; x_wconf 72' lang='lat' dir='ltr'>interpretamen-</span> 
     </span>
    </p>
   </div>
   <div class='ocr_carea' id='block_1_6' title="bbox 1065 2023 1768 2985">
    <p class='ocr_par' dir='ltr' id='par_1_13' title="bbox 1065 2023 1768 2458">
     <span class='ocr_line' id='line_1_53' title="bbox 1066 2023 1764 2064; baseline 0 -10"><span class='ocrx_word' id='word_1_353' title='bbox 1066 2031 1148 2054; x_wconf 84' lang='lat' dir='ltr'>tum.</span> <span class='ocrx_word' id='word_1_354' title='bbox 1193 2023 1303 2054; x_wconf 71' lang='lat' dir='ltr'>Caesar</span> <span class='ocrx_word' id='word_1_355' title='bbox 1329 2023 1527 2063; x_wconf 78' lang='lat' dir='ltr'>scripserat:</span> <span class='ocrx_word' id='word_1_356' title='bbox 1560 2023 1764 2064; x_wconf 67' lang='lat' dir='ltr'>inpetle‘emlae</span> 
     </span>
     <span class='ocr_line' id='line_1_54' title="bbox 1065 2066 1763 2108; baseline 0 -11"><span class='ocrx_word' id='word_1_357' title='bbox 1065 2071 1114 2098; x_wconf 80' lang='lat' dir='ltr'>rei</span> <span class='ocrx_word' id='word_1_358' title='bbox 1131 2067 1373 2106; x_wconf 76' lang='lat' dir='ltr'>(scil.caussa)‚</span> <span class='ocrx_word' id='word_1_359' title='bbox 1389 2068 1586 2108; x_wconf 68' lang='lat' dir='ltr'>quaefiebat:</span> <span class='ocrx_word' id='word_1_360' title='bbox 1609 2076 1687 2098; x_wconf 81' lang='lat' dir='ltr'>nam</span> <span class='ocrx_word' id='word_1_361' title='bbox 1700 2066 1763 2098; x_wconf 79' lang='lat' dir='ltr'>hoc</span> 
     </span>
     <span class='ocr_line' id='line_1_55' title="bbox 1066 2109 1764 2152; baseline 0 -11"><span class='ocrx_word' id='word_1_362' title='bbox 1066 2122 1181 2142; x_wconf 69' lang='lat' dir='ltr'>caussa</span> <span class='ocrx_word' id='word_1_363' title='bbox 1213 2111 1336 2152; x_wconf 83' lang='lat' dir='ltr'>passim</span> <span class='ocrx_word' id='word_1_364' title='bbox 1367 2110 1541 2141; x_wconf 73' lang='lat' dir='ltr'>omittitur.</span> <span class='ocrx_word' id='word_1_365' title='bbox 1573 2121 1602 2141; x_wconf 73' lang='grc' dir='ltr'>ν.</span> <span class='ocrx_word' id='word_1_366' title='bbox 1632 2110 1701 2141; x_wconf 89' lang='lat' dir='ltr'>lnd.</span> <span class='ocrx_word' id='word_1_367' title='bbox 1731 2109 1764 2141; x_wconf 84' lang='lat' dir='ltr'>in</span> 
     </span>
     <span class='ocr_line' id='line_1_56' title="bbox 1067 2153 1766 2195; baseline -0.003 -9"><span class='ocrx_word' id='word_1_368' title='bbox 1067 2155 1101 2186; x_wconf 80' lang='grc' dir='ltr'>1ι.</span> <span class='ocrx_word' id='word_1_369' title='bbox 1118 2166 1147 2185; x_wconf 81' lang='lat' dir='ltr'>v.</span> <span class='ocrx_word' id='word_1_370' title='bbox 1195 2156 1282 2195; x_wconf 71' lang='lat' dir='ltr'>Ergo</span> <span class='ocrx_word' id='word_1_371' title='bbox 1305 2154 1438 2195; x_wconf 82' lang='lat' dir='ltr'>aliquis,</span> <span class='ocrx_word' id='word_1_372' title='bbox 1460 2153 1691 2195; x_wconf 73' lang='lat' dir='ltr'>explicaturus</span> <span class='ocrx_word' id='word_1_373' title='bbox 1714 2153 1766 2184; x_wconf 86' lang='lat' dir='ltr'>lo-</span> 
     </span>
     <span class='ocr_line' id='line_1_57' title="bbox 1067 2198 1768 2239; baseline -0.003 -10"><span class='ocrx_word' id='word_1_374' title='bbox 1067 2209 1158 2236; x_wconf 80' lang='lat' dir='ltr'>cum,</span> <span class='ocrx_word' id='word_1_375' title='bbox 1181 2198 1308 2230; x_wconf 82' lang='lat' dir='ltr'>addidit</span> <span class='ocrx_word' id='word_1_376' title='bbox 1334 2198 1365 2229; x_wconf 90' lang='lat' dir='ltr'>in</span> <span class='ocrx_word' id='word_1_377' title='bbox 1389 2198 1556 2239; x_wconf 75' lang='lat' dir='ltr'>margine:</span> <span class='ocrx_word' id='word_1_378' title='bbox 1579 2199 1768 2229; x_wconf 62' lang='lat' dir='ltr'>mariamnis</span> 
     </span>
     <span class='ocr_line' id='line_1_58' title="bbox 1067 2240 1767 2283; baseline -0.004 -9"><span class='ocrx_word' id='word_1_379' title='bbox 1067 2253 1195 2274; x_wconf 72' lang='lat' dir='ltr'>caussa.</span> <span class='ocrx_word' id='word_1_380' title='bbox 1243 2243 1331 2274; x_wconf 84' lang='lat' dir='ltr'>Idem</span> <span class='ocrx_word' id='word_1_381' title='bbox 1361 2243 1429 2274; x_wconf 72' lang='lat' dir='ltr'>sere</span> <span class='ocrx_word' id='word_1_382' title='bbox 1451 2242 1520 2283; x_wconf 80' lang='lat' dir='ltr'>jam</span> <span class='ocrx_word' id='word_1_383' title='bbox 1544 2240 1603 2272; x_wconf 84' lang='lat' dir='ltr'>alii</span> <span class='ocrx_word' id='word_1_384' title='bbox 1628 2251 1767 2272; x_wconf 74' lang='lat' dir='ltr'>monue-</span> 
     </span>
     <span class='ocr_line' id='line_1_59' title="bbox 1069 2285 1767 2321; baseline -0.003 -4"><span class='ocrx_word' id='word_1_385' title='bbox 1069 2292 1160 2321; x_wconf 82' lang='lat' dir='ltr'>runt;</span> <span class='ocrx_word' id='word_1_386' title='bbox 1182 2293 1213 2317; x_wconf 78' lang='lat' dir='ltr'>ct</span> <span class='ocrx_word' id='word_1_387' title='bbox 1229 2286 1361 2317; x_wconf 78' lang='lat' dir='ltr'>videtur</span> <span class='ocrx_word' id='word_1_388' title='bbox 1375 2285 1484 2316; x_wconf 73' lang='lat' dir='ltr'>cuivis</span> <span class='ocrx_word' id='word_1_389' title='bbox 1501 2285 1532 2316; x_wconf 85' lang='lat' dir='ltr'>in</span> <span class='ocrx_word' id='word_1_390' title='bbox 1551 2293 1694 2316; x_wconf 77' lang='lat' dir='ltr'>mentem</span> <span class='ocrx_word' id='word_1_391' title='bbox 1710 2294 1767 2315; x_wconf 79' lang='lat' dir='ltr'>ve·</span> 
     </span>
     <span class='ocr_line' id='line_1_60' title="bbox 1067 2327 1765 2370; baseline -0.001 -9"><span class='ocrx_word' id='word_1_392' title='bbox 1067 2330 1138 2361; x_wconf 74' lang='lat' dir='ltr'>niro</span> <span class='ocrx_word' id='word_1_393' title='bbox 1157 2340 1263 2370; x_wconf 86' lang='lat' dir='ltr'>posse.</span> <span class='ocrx_word' id='word_1_394' title='bbox 1287 2331 1337 2360; x_wconf 83' lang='lat' dir='ltr'>M.</span> <span class='ocrx_word' id='word_1_395' title='bbox 1385 2329 1459 2360; x_wconf 81' lang='lat' dir='ltr'>Non</span> <span class='ocrx_word' id='word_1_396' title='bbox 1475 2329 1587 2367; x_wconf 74' lang='lat' dir='ltr'>viden,</span> <span class='ocrx_word' id='word_1_397' title='bbox 1602 2338 1661 2360; x_wconf 83' lang='lat' dir='ltr'>cur</span> <span class='ocrx_word' id='word_1_398' title='bbox 1676 2327 1765 2360; x_wconf 86' lang='lat' dir='ltr'>Oud.</span> 
     </span>
     <span class='ocr_line' id='line_1_61' title="bbox 1068 2372 1765 2413; baseline -0.001 -9"><span class='ocrx_word' id='word_1_399' title='bbox 1068 2380 1101 2404; x_wconf 79' lang='lat' dir='ltr'>ct</span> <span class='ocrx_word' id='word_1_400' title='bbox 1117 2373 1235 2405; x_wconf 73' lang='lat' dir='ltr'>Morus</span> <span class='ocrx_word' id='word_1_401' title='bbox 1248 2373 1404 2404; x_wconf 75' lang='lat' dir='ltr'>servarint</span> <span class='ocrx_word' id='word_1_402' title='bbox 1421 2373 1454 2402; x_wconf 75' lang='lat'>·.-‹3</span> <span class='ocrx_word' id='word_1_403' title='bbox 1469 2383 1601 2404; x_wconf 63' lang='lat' dir='ltr'>caussa.</span> <span class='ocrx_word' id='word_1_404' title='bbox 1617 2373 1708 2413; x_wconf 91' lang='lat' dir='ltr'>quod</span> <span class='ocrx_word' id='word_1_405' title='bbox 1722 2372 1765 2403; x_wconf 75' lang='lat' dir='ltr'>ad</span> 
     </span>
     <span class='ocr_line' id='line_1_62' title="bbox 1067 2416 1636 2458; baseline -0.002 -10"><span class='ocrx_word' id='word_1_406' title='bbox 1067 2418 1236 2457; x_wconf 68' lang='lat' dir='ltr'>glossema</span> <span class='ocrx_word' id='word_1_407' title='bbox 1255 2416 1455 2458; x_wconf 70' lang='lat' dir='ltr'>pertint-bat.</span> <span class='ocrx_word' id='word_1_408' title='bbox 1500 2416 1636 2447; x_wconf 78' lang='lat' dir='ltr'>Sustuli.</span> 
     </span>
    </p>

    <p class='ocr_par' dir='ltr' id='par_1_14' title="bbox 1068 2459 1764 2625">
     <span class='ocr_line' id='line_1_63' title="bbox 1120 2459 1763 2501; baseline -0.003 -9"><span class='ocrx_word' id='word_1_409' title='bbox 1120 2461 1298 2501; x_wconf 65' lang='lat' dir='ltr'>Desnqisse.</span> <span class='ocrx_word' id='word_1_410' title='bbox 1343 2460 1434 2492; x_wconf 80' lang='lat' dir='ltr'>Male</span> <span class='ocrx_word' id='word_1_411' title='bbox 1457 2459 1542 2492; x_wconf 83' lang='lat' dir='ltr'>Scal.</span> <span class='ocrx_word' id='word_1_412' title='bbox 1561 2459 1653 2491; x_wconf 78' lang='lat' dir='ltr'>dedit</span> <span class='ocrx_word' id='word_1_413' title='bbox 1673 2459 1763 2494; x_wconf 56' lang='lat' dir='ltr'>vulg.</span> 
     </span>
     <span class='ocr_line' id='line_1_64' title="bbox 1068 2503 1764 2545; baseline -0.001 -10"><span class='ocrx_word' id='word_1_414' title='bbox 1068 2505 1241 2545; x_wconf 60' lang='lat' dir='ltr'>diffuqisw.</span> <span class='ocrx_word' id='word_1_415' title='bbox 1274 2503 1440 2544; x_wconf 66' lang='lat' dir='ltr'>Defuqere</span> <span class='ocrx_word' id='word_1_416' title='bbox 1453 2510 1505 2535; x_wconf 78' lang='lat' dir='ltr'>est</span> <span class='ocrx_word' id='word_1_417' title='bbox 1519 2503 1638 2536; x_wconf 75' lang='lat' dir='ltr'>vitare.</span> <span class='ocrx_word' id='word_1_418' title='bbox 1666 2503 1764 2535; x_wconf 79' lang='lat' dir='ltr'>Conl&#39;.</span> 
     </span>
     <span class='ocr_line' id='line_1_65' title="bbox 1071 2547 1764 2587; baseline 0 -9"><span class='ocrx_word' id='word_1_419' title='bbox 1071 2548 1242 2579; x_wconf 81' lang='lat' dir='ltr'>Drakenb.</span> <span class='ocrx_word' id='word_1_420' title='bbox 1263 2549 1304 2579; x_wconf 83' lang='lat' dir='ltr'>ad</span> <span class='ocrx_word' id='word_1_421' title='bbox 1323 2548 1395 2579; x_wconf 77' lang='lat' dir='ltr'>Liv.</span> <span class='ocrx_word' id='word_1_422' title='bbox 1412 2552 1443 2587; x_wconf 75' lang='lat'>5,</span> <span class='ocrx_word' id='word_1_423' title='bbox 1468 2551 1519 2579; x_wconf 80' lang='lat'>38.</span> <span class='ocrx_word' id='word_1_424' title='bbox 1564 2547 1662 2579; x_wconf 83' lang='lat' dir='ltr'>Conf.</span> <span class='ocrx_word' id='word_1_425' title='bbox 1677 2553 1711 2579; x_wconf 80' lang='lat' dir='ltr'>et</span> <span class='ocrx_word' id='word_1_426' title='bbox 1723 2548 1764 2579; x_wconf 91' lang='lat' dir='ltr'>G.</span> 
     </span>
     <span class='ocr_line' id='line_1_66' title="bbox 1070 2590 1362 2625; baseline -0.003 -2"><span class='ocrx_word' id='word_1_427' title='bbox 1070 2595 1100 2625; x_wconf 78' lang='lat' dir='ltr'>G.</span> <span class='ocrx_word' id='word_1_428' title='bbox 1122 2594 1172 2623; x_wconf 81' lang='grc'>13.</span> <span class='ocrx_word' id='word_1_429' title='bbox 1208 2590 1246 2623; x_wconf 86' lang='lat' dir='ltr'>C.</span> <span class='ocrx_word' id='word_1_430' title='bbox 1268 2595 1295 2624; x_wconf 85' lang='lat' dir='ltr'>l.</span> <span class='ocrx_word' id='word_1_431' title='bbox 1312 2595 1362 2622; x_wconf 68' lang='lat'>32.</span> 
     </span>
    </p>

    <p class='ocr_par' dir='ltr' id='par_1_15' title="bbox 1072 2632 1766 2711">
     <span class='ocr_line' id='line_1_67' title="bbox 1117 2632 1766 2676; baseline -0.002 -12"><span class='ocrx_word' id='word_1_432' title='bbox 1117 2640 1196 2671; x_wconf 65' lang='lat' dir='ltr'>Qum</span> <span class='ocrx_word' id='word_1_433' title='bbox 1222 2642 1298 2667; x_wconf 74' lang='lat' dir='ltr'>sunt</span> <span class='ocrx_word' id='word_1_434' title='bbox 1320 2638 1470 2676; x_wconf 73' lang='lat' dir='ltr'>coynitae.</span> <span class='ocrx_word' id='word_1_435' title='bbox 1496 2634 1565 2675; x_wconf 80' lang='lat' dir='ltr'>jam</span> <span class='ocrx_word' id='word_1_436' title='bbox 1587 2632 1766 2675; x_wconf 83' lang='lat' dir='ltr'>aliquoties</span> 
     </span>
     <span class='ocr_line' id='line_1_68' title="bbox 1072 2678 1677 2711; baseline -0.003 -1"><span class='ocrx_word' id='word_1_437' title='bbox 1072 2679 1238 2711; x_wconf 80' lang='lat' dir='ltr'>indicatae.</span> <span class='ocrx_word' id='word_1_438' title='bbox 1283 2679 1382 2710; x_wconf 82' lang='lat' dir='ltr'>Conf.</span> <span class='ocrx_word' id='word_1_439' title='bbox 1399 2690 1427 2710; x_wconf 88' lang='lat' dir='ltr'>c.</span> <span class='ocrx_word' id='word_1_440' title='bbox 1448 2680 1486 2709; x_wconf 74' lang='lat'>72</span> <span class='ocrx_word' id='word_1_441' title='bbox 1503 2685 1535 2708; x_wconf 78' lang='lat' dir='ltr'>et</span> <span class='ocrx_word' id='word_1_442' title='bbox 1551 2679 1604 2709; x_wconf 85' lang='grc'>81.</span> <span class='ocrx_word' id='word_1_443' title='bbox 1627 2678 1677 2709; x_wconf 81' lang='grc' dir='ltr'>Μ.</span> 
     </span>
    </p>

    <p class='ocr_par' dir='ltr' id='par_1_16' title="bbox 1067 2720 1763 2798">
     <span class='ocr_line' id='line_1_69' title="bbox 1116 2720 1763 2765; baseline -0.005 -11"><span class='ocrx_word' id='word_1_444' title='bbox 1116 2725 1206 2754; x_wconf 63' lang='lat' dir='ltr'>Acies</span> <span class='ocrx_word' id='word_1_445' title='bbox 1233 2724 1445 2765; x_wconf 69' lang='lat' dir='ltr'>occupabant.</span> <span class='ocrx_word' id='word_1_446' title='bbox 1490 2722 1596 2753; x_wconf 80' lang='lat' dir='ltr'>Codd.</span> <span class='ocrx_word' id='word_1_447' title='bbox 1623 2720 1763 2762; x_wconf 87' lang='lat' dir='ltr'>quidam</span> 
     </span>
     <span class='ocr_line' id='line_1_70' title="bbox 1067 2767 1289 2798; baseline -0.005 0"><span class='ocrx_word' id='word_1_448' title='bbox 1067 2767 1289 2798; x_wconf 72' lang='lat' dir='ltr'>addunttluae.</span> 
     </span>
    </p>

    <p class='ocr_par' dir='ltr' id='par_1_17' title="bbox 1069 2807 1764 2985">
     <span class='ocr_line' id='line_1_71' title="bbox 1115 2807 1748 2842; baseline -0.005 -1"><span class='ocrx_word' id='word_1_449' title='bbox 1115 2812 1205 2842; x_wconf 76' lang='lat' dir='ltr'>Acies</span> <span class='ocrx_word' id='word_1_450' title='bbox 1218 2810 1552 2842; x_wconf 63' lang='lat' dir='ltr'>erat—obtinebant.</span> <span class='ocrx_word' id='word_1_451' title='bbox 1590 2807 1682 2839; x_wconf 79' lang='lat' dir='ltr'>Hanc</span> <span class='ocrx_word' id='word_1_452' title='bbox 1699 2808 1748 2839; x_wconf 86' lang='lat' dir='ltr'>lec</span> 
     </span>
     <span class='ocr_line' id='line_1_72' title="bbox 1070 2852 1764 2894; baseline -0.006 -8"><span class='ocrx_word' id='word_1_453' title='bbox 1070 2854 1197 2888; x_wconf 84' lang='lat' dir='ltr'>tionem</span> <span class='ocrx_word' id='word_1_454' title='bbox 1227 2852 1383 2885; x_wconf 78' lang='lat' dir='ltr'>exhibuit</span> <span class='ocrx_word' id='word_1_455' title='bbox 1408 2853 1598 2894; x_wconf 75' lang='lat' dir='ltr'>conjectura</span> <span class='ocrx_word' id='word_1_456' title='bbox 1625 2852 1764 2883; x_wconf 80' lang='lat' dir='ltr'>Ciacco-</span> 
     </span>
     <span class='ocr_line' id='line_1_73' title="bbox 1071 2895 1750 2939; baseline -0.006 -9"><span class='ocrx_word' id='word_1_457' title='bbox 1071 2899 1158 2935; x_wconf 84' lang='lat' dir='ltr'>nius,</span> <span class='ocrx_word' id='word_1_458' title='bbox 1180 2897 1402 2939; x_wconf 82' lang='lat' dir='ltr'>probavitque</span> <span class='ocrx_word' id='word_1_459' title='bbox 1417 2895 1558 2928; x_wconf 75' lang='lat' dir='ltr'>Clarkio</span> <span class='ocrx_word' id='word_1_460' title='bbox 1579 2901 1614 2926; x_wconf 82' lang='lat' dir='ltr'>et</span> <span class='ocrx_word' id='word_1_461' title='bbox 1629 2896 1750 2926; x_wconf 70' lang='lat' dir='ltr'>Oudon</span> 
     </span>
     <span class='ocr_line' id='line_1_74' title="bbox 1069 2939 1756 2985; baseline -0.003 -11"><span class='ocrx_word' id='word_1_462' title='bbox 1069 2941 1203 2985; x_wconf 74' lang='lat' dir='ltr'>dot-pio.</span> <span class='ocrx_word' id='word_1_463' title='bbox 1245 2941 1355 2973; x_wconf 90' lang='lat' dir='ltr'>Codd.</span> <span class='ocrx_word' id='word_1_464' title='bbox 1380 2945 1416 2973; x_wconf 86' lang='lat' dir='ltr'>et</span> <span class='ocrx_word' id='word_1_465' title='bbox 1436 2940 1513 2973; x_wconf 81' lang='lat' dir='ltr'>edd.</span> <span class='ocrx_word' id='word_1_466' title='bbox 1527 2939 1610 2973; x_wconf 73' lang='lat' dir='ltr'>mine</span> <span class='ocrx_word' id='word_1_467' title='bbox 1624 2939 1756 2973; x_wconf 65' lang='lat' dir='ltr'>vatiam.</span> 
     </span>
    </p>
   </div>
  </div>
 </body>
</html>
