1992 3271
235 185 292 228 38
499 170 504 174 “
653 180 737 224 DE
769 177 971 222 BELLO
1004 176 1298 222 GALLlco.

234 317 357 360 esset,
392 316 442 352 ut
462 314 618 350 matres
648 304 819 348 familiae
848 320 1000 347 eorum
1030 305 1221 348 sortibus
1253 312 1297 347 et
1328 303 1707 348 vaticinationibus

234 369 516 414 declarerent,
548 373 699 406 utrum
730 363 934 421 proelium
966 363 1177 406 committi
1205 379 1258 405 ex
1288 379 1368 405 usu
1386 372 1507 413 esset,
1527 379 1604 405 nec
1625 376 1704 405 ne:

234 443 303 470 eas
323 427 383 470 ita
401 426 564 467 dicere:
605 423 708 465 Non
731 438 816 464 esse
838 423 914 471 fas,
949 423 1186 464 Germanos
1209 437 1428 479 superare,
1458 422 1492 464 si
1512 429 1611 463 ante
1632 436 1707 463 no-

237 501 335 529 vam
357 485 501 525 lunam
523 481 679 539 proelio
702 481 1027 523 contendissent.
1670 516 1672 518 .

295 543 364 584 51.
402 540 613 583 Postridie
647 539 736 597 ejus
775 539 858 581 diei
899 539 1042 581 Caesar
1082 538 1280 596 praesidio
1311 538 1507 596 utrisque
1541 537 1704 586 castris,

235 600 354 658 quod
370 599 470 641 satis
488 614 573 640 esse
592 598 729 639 visum
749 606 827 646 est,
851 598 1054 654 reliquit;
1085 597 1219 639 omnis
1239 597 1393 639 alarios
1414 597 1454 638 in
1473 604 1706 654 conspectu

233 659 422 701 hostium
443 673 524 715 pro
557 657 705 698 castris
726 656 962 698 minoribus
983 656 1224 705 constituit,
1254 656 1372 713 quod
1398 656 1536 697 minus
1563 654 1708 696 multi-

234 717 382 759 tudine
401 716 588 757 militum
621 715 955 771 legionariorum
989 730 1071 772 pro
1099 713 1283 756 hostium
1314 729 1492 756 numero
1519 713 1708 762 valebat,

237 783 288 817 ut
319 775 373 817 ad
400 773 585 831 speciem
605 773 747 814 alariis
768 780 980 814 uteretur.
1043 771 1157 830 Ipse,
1190 773 1353 830 triplici
1374 773 1584 814 instructa
1603 772 1710 820 acie,

236 849 372 892 usque
407 833 461 874 ad
493 840 632 873 castra
662 830 848 873 hostium
880 831 1067 872 accessit.
1130 830 1244 872 Tum
1275 831 1447 873 demum
1478 830 1711 872 necessario

239 891 445 934 Germani
466 906 561 932 suas
582 889 726 947 copias
747 889 895 931 castris
914 890 1173 937 eduxerunt;
1205 889 1527 946 generatimque
1558 889 1712 930 consti-

236 958 417 1000 tuerunt
440 949 704 1007 paribusque
725 948 961 989 intervallis
993 947 1206 996 Harudes,
1241 948 1585 994 Marcomannos,
1616 945 1713 988 Tri-

235 1008 408 1057 boccos,
446 1006 705 1064 Vangiones,
747 1007 962 1055 Nemetes,
1003 1006 1219 1054 Sedusios,
1256 1006 1421 1048 Suevos
1459 1020 1712 1062 omnemque

233 1067 368 1108 aciem
388 1081 509 1108 suam
538 1064 676 1106 rhedis
709 1073 752 1106 et
782 1065 913 1106 carris
942 1064 1334 1113 circumdederunt,
1365 1079 1416 1105 ne
1440 1079 1527 1121 qua
1551 1078 1647 1120 spes
1669 1063 1711 1105 in

231 1125 337 1182 fuga
369 1125 701 1181 relinqueretur.
764 1123 830 1164 Eo
851 1123 1049 1165 mulieres
1083 1124 1383 1180 inposuerunt,
1411 1138 1508 1179 quae
1535 1122 1577 1163 in
1599 1137 1713 1178 proe-

232 1183 340 1225 lium
363 1181 679 1240 proficiscentes
700 1181 854 1222 milites
875 1182 1004 1238 passis
1037 1181 1227 1223 crinibus
1247 1180 1394 1222 flentes
1415 1180 1711 1238 inplorabant,

232 1256 286 1284 ne
307 1258 349 1283 se
372 1242 414 1283 in
433 1241 685 1282 servitutem
705 1239 908 1281 Romanis
925 1240 1158 1281 traderent.

293 1300 364 1342 52.
399 1299 541 1341 Caesar
563 1298 741 1354 singulis
758 1298 1000 1354 legionibus
1019 1298 1212 1354 singulos
1239 1297 1424 1354 Legatos
1442 1304 1486 1337 et
1517 1296 1711 1344 Quaesto-

233 1373 324 1400 rem
347 1357 557 1415 praefecit,
578 1357 642 1397 uti
661 1372 731 1397 eos
749 1357 868 1397 testis
886 1372 970 1396 suae
989 1356 1170 1412 quisque
1189 1355 1363 1397 virtutis
1381 1353 1572 1396 haberet.
1615 1353 1713 1411 Ipse

232 1431 258 1457 a
281 1416 436 1457 dextro
470 1429 620 1461 cornu,
656 1414 774 1471 quod
803 1429 893 1454 eam
930 1422 1097 1470 partem
1127 1413 1297 1454 minime
1329 1412 1494 1454 firmam
1526 1411 1713 1454 hostium

231 1490 318 1515 esse
339 1474 525 1515 animum
551 1472 814 1520 adverterat,
841 1472 1044 1528 proelium
1064 1472 1288 1513 commisit.
1353 1470 1421 1512 Ita
1449 1471 1584 1513 nostri
1605 1471 1713 1513 acri-

232 1540 301 1574 ter
321 1532 363 1573 in
383 1530 539 1579 hostes,
572 1530 694 1586 signo
713 1530 833 1577 dato,
870 1530 1063 1587 inpetum
1096 1530 1291 1572 fecerunt
1313 1532 1459 1586 itaque
1487 1528 1628 1571 hostes
1648 1545 1712 1571 re-

231 1598 361 1648 pente
394 1589 679 1645 celeriterque
714 1597 1046 1645 procurrerunt,
1080 1597 1129 1630 ut
1157 1589 1344 1645 spatium
1376 1587 1463 1644 pila
1495 1588 1536 1628 in
1573 1587 1712 1630 hostes

231 1648 484 1705 conjiciendi
519 1661 603 1688 non
641 1646 833 1688 daretur.
907 1646 1093 1703 chectis
1135 1647 1247 1704 pilis,
1290 1645 1523 1687 comminus
1562 1646 1712 1703 gladiis

231 1713 476 1764 pugnatum
510 1713 598 1746 est:
635 1713 680 1746 at
717 1705 936 1753 Germani,
978 1705 1174 1747 celeriter
1208 1721 1260 1746 ex
1294 1704 1600 1746 consuetudine
1636 1720 1713 1746 sua

229 1799 324 1836 bem,
347 1797 417 1839 ogit
436 1797 613 1838 Keyslerus
639 1796 802 1837 peculiari
825 1796 943 1837 dispu-

228 1841 358 1874 tatione
383 1842 414 1872 in
435 1840 692 1882 antiquitatibus
715 1840 849 1871 sels-ctis
865 1852 940 1881 ³⁰1²-

229 1885 503 1917 temtrionalibus
540 1893 571 1915 ct
602 1884 754 1921 Celticis,
794 1892 825 1914 vt
866 1892 941 1924 post

231 1930 321 1960 hunc
339 1928 513 1965 Schedius,
537 1927 595 1969 qui
614 1930 654 1958 dv
675 1929 747 1958 Diis
764 1928 940 1958 tia-rmunis

229 1973 381 2014 scripsit,
405 1984 437 2003 C.
457 1975 510 2003 453.
530 1983 605 2012 bug.
632 1975 699 2003 2:³0.
722 1971 822 2002 etium
845 1972 941 2002 lnth-

232 2028 342 2048 marus
357 2017 397 2047 ad
412 2015 524 2047 Taciti
541 2016 696 2046 (lc-runnu.
715 2027 745 2046 c.
764 2020 794 2045 ὃ.
817 2022 871 2046 aut
892 2015 942 2045 in-

229 2067 394 2101 terpretes
417 2059 530 2091 Taciti
554 2061 595 2090 ad
624 2059 711 2090 Hist.
728 2061 760 2093 4,
777 2061 829 2088 ssl.
877 2058 939 2089 Sed

230 2104 321 2135 lectu
334 2103 533 2144 dignissima
548 2112 596 2133 cst
612 2102 799 2143 disputatio
818 2102 940 2133 nim-ri

230 2148 272 2178 de
289 2147 343 2178 his
361 2146 561 2181 Druidissis,
582 2147 673 2185 (nani
697 2153 729 2177 ot
754 2146 802 2177 sic
823 2147 941 2187 adpel-

232 2191 357 2229 lantur)
377 2190 497 2221 inserta
518 2190 676 2220 ilistoria-
692 2190 879 2223 Gallorum,
905 2201 939 2231 p.

232 2236 309 2265 281.
343 2235 391 2265 M.
452 2234 619 2274 Exempla
649 2234 726 2264 dant
762 2234 876 2264 l'elmln
907 2243 940 2265 ct

234 2280 376 2310 Aurinia
397 2279 487 2318 apud
503 2277 658 2308 Tacitum
672 2289 678 2306 :
705 2276 762 2317 qui
779 2283 939 2317 tanquam.

236 2324 326 2354 Deae
354 2332 417 2352 esse
437 2321 545 2361 factm
573 2320 708 2352 adserit.
762 2322 939 2360 Polyxenus

232 2365 330 2396 Strat.
361 2368 392 2402 8,
423 2369 476 2395 123.
508 2363 555 2394 rvi
587 2363 753 2396 meminit.
790 2365 844 2393 scd
880 2376 938 2404 pro

228 2408 366 2440 seminis
383 2408 472 2439 viros
490 2407 597 2449 ponit,
621 2415 653 2438 et
669 2408 826 2437 Clonin-ns
844 2409 939 2438 Ali-x.

233 2453 356 2484 Strom.
379 2455 406 2488 1,
426 2454 476 2482 15.
501 2463 535 2492 p.
553 2455 627 2482 205.

281 2498 431 2528 Familiae·
451 2507 469 2526 e
484 2495 581 2526 codd.
602 2493 727 2535 recepit
741 2495 937 2525 Oudendor-

235 2539 314 2581 pius
337 2550 398 2580 pro
416 2539 690 2579 t'iilg.farr1,ae'li113:
714 2548 789 2569 nain
812 2544 937 2569 utrum-

232 2595 298 2625 que
313 2582 451 2614 dicitur.
477 2584 524 2613 M.

282 2627 437 2659 Sorlibus.
483 2626 594 2657 Sortes
620 2631 694 2656 sunt
717 2624 937 2657 divinationis

237 2681 354 2711 genus,
379 2681 457 2701 cnm
483 2670 599 2703 lite-rm.
626 2675 725 2703 notae,
759 2669 860 2703 dicta.
889 2669 938 2699 in-

237 2713 361 2754 scripta
392 2714 497 2748 foliis.
529 2713 614 2751 talis,
652 2713 758 2750 limo„
789 2712 939 2745 scutulis.

236 2757 340 2788 mixta
355 2763 412 2788 aut
423 2768 585 2789 concussa
602 2757 800 2788 exhibentur
815 2756 867 2794 iis,
879 2756 937 2797 qui

235 2801 327 2832 Deos
355 2803 547 2839 consulunt,
587 2806 635 2838 ut,
670 2801 762 2841 quod
793 2802 938 2841 primuni

232 2843 338 2874 veluti
364 2845 540 2876 sortitione
561 2844 693 2881 exim-it,
711 2850 768 2877 aut
790 2850 940 2885 protrac-

235 2892 305 2918 tum
319 2886 375 2920 sit,
388 2887 422 2918 id
435 2888 584 2929 responsi
596 2887 714 2919 Divini
728 2888 939 2919 vimhahoat.

238 2932 334 2963 Patet
348 2936 457 2963 tamen
474 2932 538 2963 hoc
560 2933 700 2964 verbum
718 2931 833 2964 latius:
862 2942 939 2963 nam

1009 1799 1145 1829 omniuo
1193 1808 1353 1838 responsa
1399 1797 1520 1828 Divina
1558 1797 1712 1829 dicuntur

1007 1849 1123 1872 sortcS.
1148 1853 1178 1873 v.
1198 1841 1304 1882 Lipsii
1330 1841 1443 1872 relecta
1460 1844 1491 1876 Q,
1514 1843 1563 1872 1‘2.
1612 1842 1710 1881 Ilugo

1007 1887 1047 1915 dc
1071 1886 1177 1926 prima
1203 1885 1370 1916 scribendi
1395 1884 1537 1924 origine,
1560 1896 1589 1916 c.
1607 1887 1660 1922 26,
1679 1897 1713 1926 p.

1007 1932 1083 1964 2:37,
1098 1931 1150 1961 ed.
1168 1929 1280 1960 TrotZ.
1299 1934 1331 1959 et
1350 1928 1381 1959 in
1402 1928 1521 1969 primis
1541 1929 1610 1960 Van
1631 1929 1715 1961 Uale

1006 1975 1046 2003 dc
1063 1974 1221 2011 oraculis,
1238 1972 1395 2013 pluribus
1410 1973 1442 2003 in
1461 1972 1557 2003 locis.
1583 1975 1633 2004 M.

1055 2026 1124 2056 Non
1142 2036 1206 2057 esse
1219 2025 1363 2065 fasmou
1381 2024 1484 2055 licere
1500 2035 1558 2065 per
1576 2024 1714 2065 religio·

1005 2080 1090 2100 ncm.
1118 2071 1165 2100 M.

1054 2113 1394 2152 l’›·a›w·11ae·0-reliquit.
1430 2111 1515 2142 bene
1543 2111 1592 2143 sic
1622 2112 1712 2144 Oud.

1006 2168 1024 2187 c
1051 2158 1146 2188 codd.
1174 2162 1210 2186 ut
1232 2160 1263 2189 2.
1289 2156 1340 2187 29.
1366 2159 1398 2192 5,
1425 2156 1475 2186 11.
1501 2158 1532 2194 7,
1558 2158 1610 2188 40.
1643 2162 1707 2188 etc.

1006 2201 1105 2241 vulgo
1116 2201 1305 2241 praesidium
1320 2199 1372 2230 vel
1390 2200 1504 2231 relicto.

1053 2254 1189 2284 :Ilm-ios.
1213 2263 1244 2282 v.
1260 2253 1329 2283 Iud.
1356 2252 1404 2282 Π.

1051 2305 1144 2339 (tituil
1164 2306 1285 2335 ηιὶηιιε.
1328 2303 1434 2333 Codd.
1463 2309 1495 2333 ot
1521 2304 1594 2334 edd.
1617 2314 1708 2344 quae-

1002 2348 1078 2379 dani
1095 2355 1160 2379 vet.
1182 2359 1244 2388 quo
1265 2349 1383 2378 minus.
1406 2346 1715 2387 p1·0ba10ud.sub-

1001 2392 1116 2422 audito
1130 2404 1164 2421 eo
1181 2393 1295 2431 mallis,
1310 2391 1361 2421 vcl
1380 2401 1440 2431 pro
1455 2393 1620 2431 quoniam.

1053 2446 1249 2475 Generatim.
1294 2454 1324 2474 v.
1341 2444 1410 2474 Ind.
1435 2444 1484 2474 M.

1049 2497 1168 2527 Melitae
1207 2495 1302 2526 abest
1343 2506 1363 2526 a
1396 2495 1512 2526 multis
1547 2494 1643 2527 libris
1678 2500 1714 2526 et

1006 2546 1116 2580 potest
1137 2538 1264 2570 abesse.
1309 2539 1392 2570 Mox
1416 2539 1570 2580 plerique
1592 2544 1625 2570 et
1643 2549 1695 2570 me

1003 2583 1112 2623 tuphr.
1130 2583 1187 2614 Gr.
1202 2584 1364 2621 manibus,
1380 2582 1478 2623 pauci
1492 2583 1643 2615 crinibus.
1660 2583 1711 2613 ᾹῙ.

1004 2627 1127 2657 Manus
1148 2626 1326 2657 tendebant
1351 2627 1383 2657 in
1409 2626 1580 2667 rogatione
1601 2625 1709 2657 vcniae

1004 2678 1036 2700 et
1053 2671 1164 2711 1›acis;
1187 2669 1290 2700 crinis
1305 2669 1525 2702 demittebant
1541 2680 1658 2710 passos
1675 2669 1707 2700 in

1004 2713 1230 2744 obtestatione
1258 2725 1406 2745 suorum.
1450 2714 1503 2745 Cf.
1534 2716 1566 2751 2,
1596 2716 1644 2744 13.
1675 2715 1708 2751 7,

1005 2761 1056 2788 ⁴10.
1083 2760 1136 2789 47.
1174 2758 1202 2787 C
1228 2760 1258 2790 3.
1275 2760 1328 2789 98.
1359 2764 1533 2799 utrumque
1561 2756 1712 2798 jungitur

1060 2846 1197 2876 illinime
1226 2847 1374 2885 firmam..
1430 2843 1572 2875 Vossius
1613 2843 1710 2875 malit

1004 2891 1145 2921 mat-ime
1153 2891 1300 2931 fimnam.
1346 2889 1410 2921 Sed
1424 2888 1457 2921 id
1475 2898 1540 2920 non
1556 2897 1707 2920 necessa-

1006 2943 1102 2964 num.

1948 3237 1958 3271 n*
