1946 3261
1625 185 1709 230 211

632 182 748 232 LIB.
782 181 889 232 Vll.
953 183 1092 231 CAP.
1126 185 1201 237 76,
1236 185 1310 229 77.

219 314 365 360 Caesar
388 330 398 358 :
432 314 593 374 quibus
614 315 689 360 ille
708 331 793 377 pro
813 314 980 359 meritis
999 314 1222 358 civitatem
1256 315 1348 375 ejus
1376 313 1598 359 inmunem
1617 331 1709 359 esse

210 374 416 432 jusserat,
434 376 537 435 jura
558 376 763 436 legesque
783 374 1036 419 reddiderat
1066 381 1203 432 atque
1234 375 1317 434 ipsi
1351 374 1551 420 Morinos
1571 374 1708 420 adtri-

211 434 385 480 buerat.
417 435 563 480 Tanta
577 444 723 479 tamen
737 435 948 479 universae
965 432 1124 478 Galliae
1139 434 1358 477 consensio
1380 435 1467 477 fuit
1488 433 1708 479 libertatis

210 493 496 545 vindicandae,
506 502 551 538 et
559 495 752 554 pristinae
758 494 865 538 belli
873 493 1014 537 laudis
1024 492 1348 552 recuperandae,
1359 502 1410 536 ut
1422 509 1564 554 neque
1576 493 1708 538 bene.

213 553 321 597 ficiis
331 569 472 613 neque
486 554 685 598 amicitiae
697 554 923 605 memoria,
935 560 1220 598 moverentur
1232 568 1243 602 ;
1261 567 1497 611 omnesque
1509 562 1554 598 et
1566 553 1712 597 animo

209 621 255 655 et
275 629 302 657 ο
338 613 437 657 ibus
459 613 503 657 in
523 613 569 657 id
589 614 757 657 bellum
787 613 1109 662 incumberent,
1151 611 1314 656 coactis
1349 611 1551 671 equitum
1590 612 1707 657 VIII

209 671 300 715 mili
336 687 386 715 us
422 680 469 716 et
508 671 713 732 peditum
752 671 926 717 circiter
960 671 1140 716 CCXL.
1222 671 1330 715 Haec
1369 672 1414 715 in
1456 670 1707 716 AEduorum

209 730 367 775 finibus
403 732 745 776 recensebantur
776 747 1072 801 numerusque
1104 730 1331 775 inibatur:
1382 729 1578 790 praefecti
1610 745 1709 774 con-

209 791 536 835 stituebantur:
573 792 775 836 Commio
797 792 1022 842 Atrebati,
1047 790 1319 834 Virdumaro
1340 798 1385 833 et
1409 788 1711 851 Eporedirigi‚

210 849 382 902 AEduis‚
407 851 744 910 Vergasillauno
778 852 1000 902 Arverno,
1035 851 1296 894 consobrino
1319 848 1712 908 Vercingetorigis,

207 916 376 954 summa
409 909 582 971 imperii
620 911 850 955 trasditur.
917 910 1000 954 His
1028 909 1190 953 delecti
1221 927 1275 954 ex
1296 909 1553 953 civitatibus
1573 908 1712 952 adtri-

207 968 426 1021 buuntur,
465 987 656 1029 quorum
689 971 868 1014 consilio
901 970 1066 1015 bellum
1087 969 1483 1014 administraretur.
1549 968 1712 1012 Omnes

207 1029 372 1074 alacres
391 1039 436 1074 et
464 1030 635 1074 fiduciae
670 1031 787 1091 pleni
825 1030 881 1073 ad
917 1029 1112 1073 Alesiam
1149 1028 1519 1088 proficiscuntur:
1565 1043 1710 1087 neque

206 1096 303 1132 erat
325 1089 520 1134 omnium
541 1091 788 1150 quisquam,
826 1089 904 1149 qui
935 1089 1188 1147 adspectum
1221 1089 1354 1133 modo
1391 1097 1525 1132 tantae
1561 1087 1711 1131 multi-

207 1149 370 1193 tudinis
419 1150 623 1194 sustineri
673 1167 797 1210 posse
848 1149 1148 1192 arbitraretur
1173 1164 1183 1196 ζ
1239 1148 1480 1208 praesertim
1527 1146 1711 1207 ancipiti

209 1208 384 1268 proelio,
418 1227 556 1270 quum
589 1227 642 1253 ex
679 1210 844 1270 oppido
877 1209 1110 1268 eruptione
1133 1217 1428 1268 pugnaretur,
1449 1207 1553 1251 foris
1575 1215 1709 1250 tantae

209 1267 347 1328 'copiae
367 1270 589 1329 equitatus
609 1270 921 1329 peditatusque
943 1277 1242 1311 cernerentur.

269 1328 341 1371 77.
377 1330 440 1373 At
478 1329 524 1380 ii,
561 1330 637 1388 qui
677 1329 834 1372 Alesiae
872 1328 1203 1377 obsidebantur,
1241 1326 1467 1387 praeterita
1501 1327 1591 1377 die,
1623 1342 1711 1386 qua

208 1402 388 1432 suorum
430 1390 592 1432 auxilia
632 1396 1009 1448 exspectaverant,
1050 1397 1278 1430 consumto
1317 1385 1434 1430 omni
1472 1387 1710 1436 frumento,

206 1447 344 1499 inscii,
376 1448 484 1507 quid
515 1448 559 1492 in
594 1448 748 1492 AEduis
785 1456 1031 1507 gereretur,
1063 1446 1249 1490 concilio
1286 1454 1455 1496 coacto,
1493 1445 1547 1488 dc
1585 1443 1710 1488 exitu

207 1505 484 1551 fortunarum
507 1524 683 1551 suarum
706 1507 1028 1551 consultabant.
1094 1505 1229 1564 Apud
1266 1521 1378 1563 quos
1415 1504 1545 1548 variis
1582 1504 1712 1548 dictis

208 1568 447 1617 sententiis,
478 1583 668 1625 quarum
705 1583 806 1625 pars
835 1565 1118 1612 deditionem,
1158 1580 1273 1623 pars,
1310 1564 1417 1606 dum
1455 1563 1569 1606 vires
1604 1564 1708 1606 sub-

208 1628 426 1683 Petcrent,
463 1627 739 1684 eruptionem
772 1624 1020 1673 censebant,
1065 1638 1149 1666 non
1192 1622 1497 1681 praetereunda
1534 1622 1711 1665 videtur

208 1684 351 1727 oratio
375 1684 644 1742 Critognati,
668 1692 855 1742 propter
877 1683 968 1740 ejus
988 1682 1252 1739 singularem
1290 1698 1339 1724 ac
1372 1680 1582 1725 nefariam
1611 1697 1710 1724 cru-

207 1743 451 1787 delitatem.
518 1743 620 1793 Hic,
644 1758 811 1784 summo
841 1742 883 1784 in
914 1741 1126 1783 Arvernis
1163 1750 1288 1783 ortus
1323 1740 1421 1783 loco
1459 1749 1504 1783 et
1543 1755 1710 1800 magnae

208 1801 384 1847 habitus
416 1803 709 1851 auctoritatis,
752 1810 780 1828 ‘⁶
807 1800 977 1846 Nihil,”
1011 1799 1170 1858 inquit,
1196 1807 1225 1825 ‘⁶
1244 1800 1298 1842 de
1320 1812 1473 1843 eorum
1494 1800 1712 1843 sententia.

213 1870 242 1888 “
265 1863 466 1907 dicturus
512 1880 623 1912 sum,
684 1861 761 1921 qui
822 1860 1118 1919 turpissimam
1169 1860 1426 1901 servitutem
1477 1860 1710 1903 deditionis

211 1930 241 1948 ‘⁶
265 1924 436 1966 nomine
458 1922 683 1981 adpellant
706 1938 715 1969 ;
750 1938 891 1980 neque
911 1919 986 1962 hos
1009 1918 1231 1962 habendos
1249 1919 1409 1961 civium
1432 1918 1542 1968 loco,
1566 1935 1709 1978 neque

208 1989 238 2007 “
262 1983 318 2026 ad
339 1982 572 2026 concilium
591 1981 876 2030 adhibendos,
898 1994 1062 2022 censeo.
1128 1979 1244 2021 Cum
1262 1978 1311 2021 iis
1330 1977 1434 2020 mihi
1454 1994 1520 2021 res
1533 1978 1606 2029 sit,
1630 1979 1707 2036 qui

211 2049 240 2067 “
266 2042 542 2101 eruptionem
566 2041 757 2100 probant
777 2056 786 2082 ε
812 2056 1000 2098 quorum
1024 2037 1066 2080 in
1088 2038 1281 2087 consilis),
1303 2037 1498 2080 omnium
1516 2045 1710 2081 vestrum

208 2106 237 2128 “
261 2117 487 2151 consensu,
546 2101 740 2159 pristinae
761 2128 763 2130 -
786 2099 971 2143 residere
1024 2098 1200 2140 virtutis
1260 2097 1467 2140 memoria
1515 2097 1707 2140 videtur.

210 2168 240 2214 ‘.‘
263 2161 410 2204 Animi
450 2169 515 2204 est
549 2161 631 2203 ista
667 2159 888 2208 mollities,
928 2174 1013 2201 non
1044 2157 1200 2207 virtus,
1234 2156 1428 2215 inopiam
1460 2156 1623 2216 paullis
1659 2173 1708 2200 er

209 2225 238 2248 ‘⁶
266 2220 381 2265 ferre
418 2237 504 2264 non
544 2237 679 2280 posse.
743 2219 831 2269 Qui
872 2236 915 2261 se
956 2218 1074 2261 ultro
1114 2216 1247 2261 morti
1287 2216 1506 2267 obserant,
1541 2173 1711 2260 faciiius

992 2345 1224 2388 distinguitur.
1241 2345 1332 2377 Male
1343 2344 1404 2377 alii
1418 2345 1706 2377 constituebantur

735 2347 845 2388 Vulgo
862 2358 922 2390 pro

996 2393 1166 2423 cummim
1186 2391 1323 2423 Atrebas
1337 2397 1405 2422 etc.

260 2349 387 2383 Quibus
403 2349 459 2381 ille
472 2361 532 2390 pro
551 2351 686 2382 mer-ilie.

214 2393 334 2434 quibus
350 2397 489 2427 meritis.

261 2438 392 2469 conctis
416 2455 459 2461 —-
492 2438 630 2470 CCXL.
678 2437 754 2468 1100
783 2447 922 2468 numero

214 2480 403 2513 Glareanus
415 2481 599 2521 nitebatur,
610 2493 687 2514 cum
702 2482 816 2514 locum
828 2479 923 2522 capi-

215 2526 260 2557 tis
277 2525 465 2567 superioris
480 2525 742 2568 diligentissime
754 2531 924 2563 tractaret,

212 2575 246 2601 et
285 2570 474 2602 dissensum
511 2570 541 2602 in
578 2570 648 2602 illis
684 2571 835 2602 numeris
872 2569 921 2602 sic

215 2616 460 2655 moderaretur,
487 2622 523 2646 ut
549 2616 684 2646 taudem
713 2614 834 2657 singuli
861 2624 923 2645 nu-

216 2659 301 2691 meri
315 2670 481 2691 summam
494 2659 560 2691 ll.l.
571 2660 727 2691 traditam
740 2660 922 2690 efficerent.

215 2703 327 2744 Certe,
342 2710 380 2736 ut
395 2704 479 2743 vidi,
503 2714 621 2735 omnes
646 2703 770 2745 reliqui
787 2704 924 2736 Glarea-

219 2757 300 2780 num
323 2748 431 2781 secuti
449 2754 533 2780 sunt.
565 2749 615 2780 M.
654 2747 792 2780 Summa
809 2759 828 2780 a
846 2748 926 2780 Gla-

218 2803 320 2826 reano
353 2793 474 2826 effecta
505 2792 584 2825 facit
614 2792 788 2824 CCXLIX
817 2791 926 2825 milia.

215 2835 324 2870 Codd.
338 2838 484 2870 variant.

263 2882 434 2916 Numerus
455 2883 620 2915 inibatur.
659 2882 724 2914 His
741 2881 852 2914 verbis
868 2892 926 2914 ex-

217 2925 366 2966 plicatur
379 2928 412 2958 τό
428 2937 616 2959 recensere.
642 2927 692 2958 All.

264 2972 427 3013 Proefecti.
444 2983 475 3003 c.
492 2976 546 3003 83.
563 2973 678 3003 duces.
704 2973 751 3004 M.

264 3016 579 3049 stmstituebantur:
598 3019 757 3050 Commio.
774 3016 862 3050 Reno
878 3016 924 3047 sic

1045 2436 1310 2477 Varyasillmmn.
1336 2435 1366 2465 Ο
1386 2454 1400 2460 -
1415 2434 1517 2467 Brien
1531 2434 1654 2466 citatur
1665 2435 1705 2465 ad

999 2483 1026 2519 l,
1049 2483 1097 2520 16,
1116 2490 1238 2512 nomen
1263 2479 1441 2521 dignitatis
1464 2478 1570 2511 fuisse
1594 2484 1707 2510 osten-

993 2524 1042 2557 dit
1068 2536 1087 2557 e
1115 2525 1234 2566 lingua
1257 2522 1389 2556 Celtica
1411 2537 1418 2555 :
1439 2524 1708 2566 sear-[Jo-saiqla-

992 2571 1082 2609 leun,
1121 2569 1172 2602 vir
1201 2569 1243 2601 ad
1282 2569 1458 2607 vexillum,
1496 2566 1706 2606 vexillarius,

993 2615 1168 2647 banneret.

1041 2660 1330 2702 Ancipitipmrlio,
1357 2657 1521 2698 undique,
1544 2666 1565 2687 a
1592 2655 1702 2687 fronte

993 2709 1027 2735 et
1040 2715 1060 2735 a
1076 2709 1182 2745 tergo.
1207 2703 1262 2734 Sic
1280 2710 1312 2734 et
1330 2701 1427 2734 Curt.
1444 2706 1476 2740 3,
1491 2703 1524 2736 9,
1542 2702 1573 2732 ’7.
1597 2700 1652 2732 Cf.
1666 2707 1699 2732 et

995 2747 1036 2779 C.
1055 2752 1086 2787 3,
1103 2750 1158 2779 72.

1043 2793 1142 2836 Apud
1165 2793 1370 2834 quom-ariis
1386 2791 1494 2822 dictis.
1535 2788 1591 2821 Sic
1616 2787 1703 2820 boni

995 2838 1093 2869 codd.
1113 2837 1228 2878 Vulgo
1243 2838 1288 2868 Ac
1303 2837 1402 2867 variis
1416 2835 1511 2866 dictis
1526 2835 1709 2867 sententiis.

1041 2883 1232 2913 Orrusloro.
1264 2879 1460 2912 Aliinrmm.

1042 2927 1094 2958 Ad
1108 2927 1296 2957 concilium.
1326 2923 1385 2956 Gr.
1408 2922 1584 2957 ἐκκλησία».
1607 2921 1705 2956 Male

994 2969 1053 3003 alii
1071 2972 1259 3002 consilium.

1042 3016 1205 3048 stlollities.
1221 3013 1280 3047 alii
1310 3014 1461 3047 mollitia.
