1946 3261
225 258 313 303 454
459 260 514 303 A.
550 255 753 302 HIRTII
786 255 871 299 DE
902 254 1106 300 BELLO
1139 254 1460 303 ALEXAND.

231 392 409 446 perator
429 383 580 427 eadem
602 385 779 433 faceret,
812 398 909 441 quae
941 383 1104 426 fecerat
1134 383 1350 434 Quaestor,
1379 382 1533 428 similia
1553 399 1699 429 rursus

233 445 287 487 de
309 451 447 486 morte
479 443 568 501 ejus
600 441 883 501 provinciales
915 442 1090 485 consilia
1124 442 1296 484 inirent.
1360 442 1534 485 Horum
1554 443 1701 488 odium

235 502 548 545 confirmabant
598 501 792 544 nonnulli
831 500 1060 543 familiares
1106 500 1213 557 ejus,
1249 500 1342 558 qui,
1386 517 1521 558 quum
1553 502 1598 544 in
1626 502 1702 545 illa

233 562 438 603 societate
458 568 734 603 versarentur
755 559 1021 618 rapinarum,
1055 558 1188 602 nihilo
1217 561 1355 602 minus
1378 559 1559 602 oderant
1589 576 1701 611 eum,

234 620 357 678 cujus
404 619 572 662 nomine
614 619 866 677 peccabant,
902 618 1084 675 sibique,
1118 617 1237 676 quod
1267 626 1522 677 rapuerant,
1552 634 1702 677 accep-

233 686 328 721 tum
355 678 630 726 referebant;
674 677 788 733 quod
827 676 1122 726 interciderat,
1146 685 1222 719 aut
1243 686 1338 719 erat
1356 677 1702 735 interpellatum,

236 736 385 780 Cassio
421 736 718 794 adsignabant.
784 735 992 784 Quintam
1022 735 1237 793 legionem
1269 751 1421 778 novam
1441 736 1700 779 conscribit:

235 804 425 854 augetur
442 794 591 837 odium
610 802 655 836 et
685 809 739 836 ex
761 793 854 851 ipso
875 793 1036 836 dilectu
1057 801 1102 835 et
1121 801 1265 836 sumtu
1294 793 1453 837 additae
1487 794 1667 852 legionis
1690 809 1700 836 :

234 854 507 912 complentur
528 853 723 909 equitum
745 854 830 894 tria
851 851 985 901 milia,
1014 851 1291 908 maximisque
1318 860 1530 895 ornantur
1555 853 1703 912 inpen-

235 912 288 954 sis
308 927 317 953 :
352 927 430 954 nec
453 911 682 970 provinciae
702 911 833 953 datur
854 910 946 952 ulla
967 911 1152 968 requies.

294 970 365 1013 51.
400 969 580 1012 Interim
609 970 776 1012 litteras
808 969 976 1027 accepit
997 985 1023 1011 a
1046 969 1233 1017 Caesare,
1268 976 1320 1011 ut
1351 968 1394 1010 in
1417 968 1610 1012 Africam
1633 985 1703 1012 ex-

235 1028 420 1071 ercitum
453 1028 738 1087 transjiceret,
766 1043 930 1086 perque
956 1027 1267 1070 Mauritaniam
1288 1027 1343 1069 ad
1364 1027 1467 1070 fines
1489 1028 1705 1072 Numidiae

236 1088 510 1145 perveniret;
558 1086 676 1144 quod
707 1101 866 1143 magna
905 1087 986 1129 Cn.
1029 1086 1235 1144 Pompeio
1256 1085 1284 1128 J
1290 1087 1376 1129 uba
1403 1088 1502 1129 Rex
1532 1087 1705 1129 miserat

235 1146 398 1188 auxilia
433 1146 681 1203 majoraque
717 1146 918 1188 missurus
952 1146 1295 1188 existimabatur.
1360 1145 1529 1194 Quibus
1549 1145 1706 1188 litteris

235 1205 439 1261 acceptis,
461 1203 660 1246 insolenti
679 1204 906 1261 voluptate
924 1204 1200 1254 efferebatur,
1235 1202 1351 1260 quod
1382 1203 1462 1245 sibi
1496 1219 1705 1246 novarum

268 1263 555 1305 rovinciarum
576 1269 621 1304 et
641 1262 888 1304 fertilissimi
911 1264 1054 1320 Regni
1076 1271 1196 1305 tanta
1217 1263 1366 1305 oblata
1397 1277 1482 1303 esse
1504 1261 1704 1305 facultas.

235 1278 393 1378 ltaque
430 1321 519 1379 ipse
553 1321 595 1363 in
629 1320 894 1363 Lusitaniam
928 1320 1230 1378 proficiscitur,
1257 1319 1312 1362 ad
1347 1319 1537 1377 legiones
1568 1335 1706 1364 arces-

230 1380 382 1422 sendas
397 1379 644 1435 auxiliaque
660 1379 910 1421 adducenda
927 1395 937 1427 3
961 1381 1089 1422 certis
1106 1378 1350 1422 hominibus
1370 1378 1445 1421 dat
1466 1379 1704 1437 negotium,

234 1446 285 1479 ut
307 1438 573 1481 frumentum
595 1453 807 1495 navesque
840 1446 1013 1480 centum
1045 1446 1396 1497 praepararentur
1427 1437 1705 1496 pecuniaeque

230 1496 580 1539 describerentur
611 1504 744 1554 atque
775 1497 1122 1554 imperarentur;
1154 1513 1206 1539 ne
1239 1512 1326 1554 qua
1357 1512 1438 1546 res,
1473 1511 1607 1552 quum
1639 1513 1704 1540 re-

231 1554 378 1605 disset,
401 1562 662 1597 moraretur.
726 1555 910 1598 Reditus
937 1556 1027 1614 ejus
1058 1556 1143 1598 fuit
1172 1555 1352 1598 celerior
1389 1555 1577 1598 omnium
1612 1556 1704 1613 opi-

232 1613 388 1656 nione:
438 1629 522 1655 non
558 1614 670 1655 enim
706 1614 832 1657 labor
866 1623 943 1657 aut
978 1614 1220 1674 vigilantia,
1255 1614 1447 1673 cupienti
1467 1615 1705 1671 praesertim

234 1672 415 1728 aliquid,
442 1671 588 1713 Cassio
607 1671 770 1714 deerat.

294 1732 365 1773 52.
406 1730 614 1772 Exercitu
635 1740 785 1773 coacto
806 1730 849 1774 in
872 1747 1004 1774 unum
1028 1731 1185 1781 locum,
1209 1731 1358 1774 castris
1379 1731 1433 1774 ad
1454 1731 1706 1774 Cordubam

235 1789 400 1848 positis,
421 1804 501 1846 pro
519 1789 720 1832 concione
741 1790 946 1833 militibus
968 1790 1159 1847 exponit,
1180 1805 1286 1847 quas
1308 1806 1375 1832 res
1395 1790 1570 1832 Caesaris
1587 1790 1705 1847 jussu

237 1864 387 1907 gerere
425 1848 638 1896 deberet:
684 1847 1003 1907 polliceturque
1041 1848 1105 1896 iis,
1143 1864 1279 1905 quum
1319 1848 1363 1890 in
1401 1848 1708 1890 Mauritaniam

233 1906 562 1964 transjecissent,
604 1906 684 1948 HS
722 1915 921 1950 centenos
957 1924 999 1950 se
1036 1907 1272 1955 daturum3
1307 1905 1501 1964 quintam
1538 1906 1630 1949 fore
1662 1906 1705 1949 in

235 1964 445 2023 Hispania
487 1965 713 2022 legionem.
791 1966 859 2007 Ex
895 1966 1098 2009 concione
1140 1982 1183 2008 se
1226 1965 1480 2008 Cordubam
1524 1965 1702 2023 recepit,

237 2039 378 2080 eoque
400 2024 495 2081 ipso
528 2023 598 2065 die
633 2031 826 2082 tempore
858 2024 1206 2082 postmeridiano,
1246 2039 1381 2080 quum
1416 2023 1457 2065 in
1491 2023 1708 2067 basilicam

234 2082 334 2131 iret,
353 2081 530 2138 quidam
555 2082 768 2124 Minutius
792 2083 900 2133 Silo,
924 2083 1052 2125 cliens
1077 2083 1126 2124 L.
1154 2082 1324 2130 Racilii,
1347 2082 1560 2131 libellum,
1584 2082 1707 2140 quasi

237 2140 404 2196 aliquid
425 2141 482 2182 ab
503 2156 553 2183 eo
575 2141 830 2198 postularet,
865 2150 915 2184 ut
947 2141 1084 2191 miles,
1108 2141 1147 2183 ei
1176 2140 1361 2184 transdit
1382 2156 1391 2188 ;
1426 2140 1579 2182 deinde
1611 2149 1709 2199 post

240 2197 472 2247 Racilium,
500 2198 615 2253 (nam
637 2200 669 2241 is
690 2200 804 2242 latus
827 2200 961 2243 Cassii
998 2201 1193 2258 tegebat)
1228 2199 1346 2257 quasi
1374 2215 1622 2257 responsum
1651 2200 1708 2242 ab

240 2272 290 2300 eo
312 2264 498 2314 peteret,
521 2257 717 2299 celeriter
750 2258 855 2302 dato
886 2259 998 2308 loco,
1025 2275 1159 2315 quum
1179 2274 1222 2300 se
1243 2258 1506 2307 insinuasset,
1537 2257 1708 2300 sinistra

235 2314 422 2373 conripit
456 2330 624 2358 versum
654 2315 894 2375 dextraque
913 2318 979 2362 bis
1002 2317 1102 2361 ferit
1122 2316 1325 2376 pugione.
1388 2317 1588 2360 Clamore
1607 2317 1706 2360 sub-

291 2464 576 2505 Sibi—acc.ref.
606 2465 695 2505 Ergo
713 2465 760 2496 sic
776 2466 944 2508 augebant
1009 2466 1139 2508 equites
1168 2475 1236 2497 non
1269 2465 1398 2498 onerati
1428 2470 1514 2498 sunt.
1555 2467 1603 2498 Μ.
1655 2466 1708 2499 Cf.

242 2521 323 2542 suos
337 2508 475 2541 reditus.
522 2509 616 2544 Quod
638 2513 754 2541 intere.
769 2511 944 2551 —azlsiq-
1009 2511 1129 2542 Festus
1151 2521 1183 2541 v.
1207 2515 1356 2543 omullus.
1394 2510 1505 2542 Jurin.
1530 2509 1628 2542 malit
1648 2521 1706 2543 ar-

243 2556 384 2586 mabant.
430 2553 523 2594 Ergo
549 2553 597 2584 sic
625 2553 944 2586 minuebantC-assii
1009 2560 1160 2586 mantur.

243 2598 384 2630 reditus.
427 2597 609 2628 Inter-cedit
633 2597 678 2635 id,
702 2598 792 2638 quod
819 2598 944 2639 aliquis
1057 2600 1224 2632 Quintam.
1252 2598 1304 2629 De
1321 2598 1385 2629 hac
1400 2608 1435 2629 v.
1449 2602 1519 2629 not.
1534 2598 1576 2629 ad
1594 2597 1707 2629 Af.84.

245 2653 325 2674 casu
339 2651 406 2672 non
423 2646 534 2681 potest
555 2640 704 2681 redigere
719 2640 753 2671 in
770 2651 864 2673 suam
882 2654 943 2683 po·
1059 2643 1173 2683 Temp.
1196 2642 1388 2683 postmerid.
1429 2641 1554 2683 Vulgo,
1575 2641 1711 2673 meridi-

245 2691 401 2718 testatem
413 2697 422 2715 ε
450 2686 682 2725 interpellatur
704 2685 751 2722 irl,
768 2686 858 2724 quod
874 2697 943 2727 quo
1010 2696 1081 2718 ana
1098 2687 1191 2717 hora.
1211 2686 1260 2716 M.
1291 2686 1380 2716 Istud
1395 2695 1414 2716 e
1431 2686 1531 2717 codd.
1553 2689 1620 2716 ant.

247 2729 359 2761 minus
373 2727 449 2769 quis
465 2728 497 2759 in
515 2734 715 2769 potestatem
730 2727 869 2767 redigat,
894 2729 943 2760 in-
1057 2729 1165 2760 Latus
1188 2729 1326 2769 teqebat.
1366 2728 1542 2760 Sinistrum
1565 2729 1708 2759 honora-

250 2773 379 2813 peditur
393 2771 436 2802 ab
450 2772 566 2803 altero.
593 2773 643 2803 M.
684 2773 748 2803 Pro
764 2772 945 2811 referebant
1011 2772 1107 2804 tioris
1134 2772 1270 2814 tegebat
1300 2772 1448 2803 inferior.
1485 2772 1537 2803 Cf.
1559 2771 1708 2802 'rm-neh.

248 2816 369 2856 legitur
385 2816 777 2857 x'ulgofe1·ebantcontra
791 2817 891 2846 codd.
913 2823 945 2848 et
1013 2817 1098 2849 Adv.
1118 2819 1166 2856 14,
1181 2820 1234 2847 ²24.
1246 2816 1287 2846 ad
1300 2817 1384 2847 Hor.
1402 2817 1468 2847 Sat.
1486 2820 1517 2853 2,
1534 2820 1565 2853 5,
1582 2817 1631 2845 18.

247 2861 323 2890 edd.
339 2864 404 2889 vet.
1063 2862 1211 2902 Com-ipit
1233 2870 1319 2891 eum.
1366 2861 1431 2891 Pro
1445 2870 1521 2891 eum
1534 2859 1633 2890 codd.
1651 2858 1710 2890 ha-

294 2904 479 2939 Ornantm,
494 2901 697 2933 instruuntur
711 2903 810 2935 rebus
832 2912 947 2934 neces-
1014 2903 1097 2935 bent
1122 2914 1234 2935 versu-s·
1256 2909 1315 2934 aut
1339 2913 1482 2941 versum,
1494 2900 1520 2944 {e
1535 2913 1603 2944 quo
1620 2902 1711 2934 Oud.

251 2946 360 2979 sariis.
413 2945 526 2987 Vulgo
561 2951 769 2980 onerantur.-
814 2947 872 2978 sed
911 2947 947 2979 hi
1015 2947 1270 2980 beneefforuiat
1284 2947 1525 2988 conjecturam,
1540 2956 1710 2979 aversum.
