1946 3261
600 208 720 256 LIB.
753 208 861 256 VII.
923 209 1064 255 CAP.
1092 206 1227 252 5-9.
1588 201 1665 248 171

181 338 374 398 quidem,
406 338 486 399 qui
514 354 567 383 eo
597 348 796 400 tempore
828 340 975 401 pacati
1010 338 1283 387 viderentur,
1326 328 1449 382 suam
1485 333 1671 379 salutem

183 409 302 443 recte
319 400 530 444 committi
551 399 742 444 videbat.

242 459 284 502 7.
319 458 502 503 Interim
542 460 770 503 Lucterius
793 458 1039 506 Cadurcus,
1073 457 1117 499 in
1151 457 1347 500 Rutenos
1380 455 1546 505 missus,
1577 468 1673 496 eam

184 518 409 561 civitatem
431 518 642 561 Arvernis
680 519 898 562 concilia-t.
964 517 1223 576 Progressus
1255 516 1299 558 in
1334 515 1608 573 Nitiobriges
1629 518 1675 555 et

186 577 395 628 Gabalos,
419 578 476 620 ab
498 578 696 635 utrisque
713 578 883 621 obsides
905 577 1062 641 accipit
1080 584 1141 626 et,
1176 590 1336 633 magna
1355 583 1505 617 coacta
1524 587 1673 621 mann,

184 637 227 680 in
252 636 527 679 Provinciam
547 637 803 680 Narbonem
818 652 966 680 versus
983 635 1257 694 emptionem
1278 634 1418 675 facere
1435 631 1673 675 contendit.

190 696 290 746 Qua
323 710 371 738 re
408 696 627 745 nunciata,
668 697 815 739 Caesar
853 697 1054 739 omnibus
1092 694 1276 737 consiliis
1314 690 1677 734 antevertendum

187 754 468 804 existimavit,
502 764 552 797 ut
576 756 833 798 Narbonem
865 755 1228 814 proficisceretur.
1292 751 1359 794 Eo
1388 766 1524 808 quum
1545 750 1681 791 venis-

189 820 269 864 set,
302 814 502 857 timentes
532 813 776 865 confirmat,
810 815 1010 874 praesidia
1031 814 1075 856 in
1106 811 1293 856 Rutenis
1326 808 1682 870 provincialibus,

192 873 341 918 Volcis
364 874 645 923 Arecomici&
677 873 974 924 Tolosatibus,
1013 874 1263 931 circumque
1296 870 1566 918 Narbonem,
1589 882 1685 925 quae

191 933 288 977 loca
320 942 448 977 erant
488 932 686 976 hostibus
723 933 938 984 finituma,
971 932 1223 976 constituit:
1257 937 1429 989 partem
1462 928 1686 986 copiarum

191 1009 246 1036 ex
271 992 500 1036 Provincia
531 992 988 1051 subplementumque,
1021 991 1143 1050 quod
1175 1007 1228 1034 ex
1261 989 1390 1032 Italia
1422 987 1684 1034 adduxerat,

192 1052 235 1096 in
251 1052 448 1102 Helvios,
465 1053 543 1110 qui
558 1051 662 1095 fines
679 1053 984 1096 Arvernorum
1003 1051 1281 1109 contingunt,
1301 1048 1529 1092 convenire
1543 1045 1684 1105 jubet.

254 1112 297 1154 8.
334 1112 416 1155 His
434 1112 563 1154 rebus
580 1113 861 1171 comparatis,
894 1128 1087 1171 represso
1105 1111 1194 1170 jam
1217 1108 1424 1152 Lucterio
1440 1114 1484 1149 et
1503 1112 1687 1154 remoto,

196 1170 316 1229 quod
346 1172 509 1215 intrare
540 1172 654 1228 intra
677 1171 875 1230 praesidia
898 1171 1191 1230 periculosum
1214 1168 1416 1228 putabat,
1442 1167 1485 1208 iu
1510 1164 1690 1208 Helvios

197 1230 509 1289 proficiscitur:
551 1232 630 1273 etsi
651 1246 772 1274 mons
795 1231 1018 1279 Cevenna,
1058 1229 1132 1288 qui
1167 1230 1389 1271 Arvernos
1424 1226 1481 1267 ab
1523 1224 1691 1267 Helviis

197 1289 425 1340 discludit,
456 1289 685 1332 durissimo
707 1297 906 1347 tempore
938 1289 1054 1339 anni,
1094 1288 1299 1330 altissima
1333 1287 1430 1328 nive
1469 1284 1554 1327 iter
1575 1284 1693 1341 inpe-

200 1348 376 1391 diebat:
411 1357 557 1390 tamen
594 1349 744 1390 discisa
766 1349 865 1390 nive
899 1365 973 1390 sex
1009 1349 1053 1390 in
1084 1347 1360 1389 altitudinem
1383 1344 1541 1403 pedum
1559 1350 1691 1400 atque

200 1409 261 1451 ita
279 1408 360 1451 viis
395 1408 640 1466 patefactis,
669 1423 838 1450 summo
868 1407 1055 1449 militum
1078 1405 1230 1448 labore
1259 1405 1314 1447 ad
1335 1404 1438 1446 fines
1470 1404 1692 1444 Arverno-

203 1483 302 1511 rum
340 1466 553 1526 pervenit.
636 1466 808 1516 Quibus
846 1465 1060 1525 obpressis
1098 1463 1436 1522 inopinantibus,
1491 1461 1610 1518 quod
1649 1472 1692 1502 se

206 1527 425 1575 Cevenna,
465 1533 516 1567 ut
547 1541 689 1574 mur0,
727 1527 916 1568 munitos
952 1524 1273 1571 existimabant,
1312 1538 1361 1564 ac
1398 1537 1449 1564 ne
1485 1518 1698 1578 singulari

204 1584 382 1644 quidem
419 1598 625 1642 umquam
648 1584 809 1626 homini
830 1601 881 1627 eo
903 1595 1100 1642 tempore
1124 1583 1223 1625 anni
1253 1582 1412 1623 semitae
1446 1586 1696 1638 patuerant,

204 1644 426 1703 equitibus
448 1643 650 1701 imperat,
690 1651 756 1691 ut,
793 1660 922 1700 quam
946 1642 1148 1685 latissime
1186 1640 1366 1699 possint,
1407 1647 1624 1696 vagentur
1654 1645 1699 1679 et

205 1719 339 1763 quam
378 1703 611 1746 maximum
644 1701 840 1745 hostibus
861 1712 1075 1745 terrorem
1099 1700 1303 1743 inferant.
1370 1698 1588 1741 Celeriter
1610 1697 1698 1741 haec

207 1766 323 1807 fama
354 1779 403 1805 ac
446 1761 610 1805 nunciis
651 1762 705 1804 ad
755 1760 1165 1820 Vercingetorigem
1204 1760 1510 1817 perferuntur:
1570 1774 1700 1816 quem

207 1822 434 1883 perterriti
464 1836 610 1864 omnes
631 1821 822 1864 Arverni
860 1820 1187 1864 circumsistunt
1221 1828 1355 1877 atque
1383 1818 1628 1867 obsecrant,
1651 1823 1703 1859 ut

209 1883 296 1926 suis
332 1881 521 1924 fortunis
559 1880 772 1931 consulat,
807 1895 893 1923 neu
923 1897 965 1922 se
1000 1879 1057 1921 ab
1092 1878 1287 1921 hostibus
1318 1877 1448 1936 diripi
1483 1875 1706 1935 patiatur:

210 1941 452 2001 praesertim
490 1955 628 1999 quum
667 1940 829 1990 videat,
881 1955 1007 1983 omne
1043 1937 1099 1980 ad
1133 1955 1177 1980 se
1222 1937 1388 1980 bellum
1431 1935 1704 1978 translatum.

214 2002 417 2051 Quorum
437 2000 510 2043 ille
535 2000 735 2058 precibus
756 2008 996 2058 permotus,
1028 2005 1169 2040 castra
1189 2013 1241 2040 ex
1266 1995 1542 2055 Biturigibus
1562 2001 1710 2036 movet

213 2060 257 2104 in
276 2061 501 2103 Arvernos
521 2074 684 2102 versus.

274 2119 315 2162 9.
351 2120 414 2162 At
454 2119 614 2169 Caesar,
649 2117 832 2162 biduum
866 2117 908 2160 in
939 2117 988 2159 iis
1020 2116 1125 2159 locis
1155 2123 1365 2164 moratuS,
1402 2112 1522 2171 quod
1549 2111 1637 2155 haec
1655 2112 1708 2155 de

217 2178 582 2238 Vercingetorige
596 2195 677 2221 usu
695 2186 882 2220 ventura
898 2176 1101 2236 opinione
1120 2182 1404 2234 praeceperat,
1424 2188 1502 2231 per
1521 2188 1710 2215 caussam

265 2341 397 2373 Paean.
419 2340 486 2373 Alii
503 2338 604 2371 codd.
621 2339 734 2381 quieti.
781 2333 851 2368 Sed'
870 2335 936 2367 hoc

219 2392 271 2419 est
285 2386 466 2426 glossema.
493 2382 543 2414 M.

270 2431 410 2463 Rutenis
431 2427 584 2471 provinz·-
622 2425 750 2458 Ruteni
767 2422 931 2456 inlimite

223 2473 418 2507 Provinciae
469 2472 635 2503 Romanae
673 2471 716 2502 ad
755 2479 935 2500 occasum:

225 2528 304 2562 pars
319 2518 458 2550 illorum
474 2515 508 2547 in
523 2515 724 2553 Provincia,
748 2523 826 2556 pars
843 2518 936 2544 extra

224 2565 334 2596 illam.
363 2563 486 2594 Cellar.
509 2559 605 2591 Male
624 2568 706 2600 ergo
724 2558 829 2599 vulgo
843 2567 938 2588 com-

227 2613 319 2640 mate
356 2601 563 2646 interposito
607 2604 831 2644 sejunguntur
864 2601 937 2632 istae

227 2661 344 2689 voces,
358 2650 451 2692 quod
466 2653 503 2680 et
517 2648 562 2679 de
577 2646 802 2689 sequentibus
835 2645 939 2677 Volcis

228 2696 427 2729 Arecomici-3
440 2691 644 2725 notandum.
692 2691 735 2720 V.
753 2690 842 2721 Plin.
869 2692 901 2727 3,
918 2691 939 2720 4

226 2741 292 2782 (5).
314 2745 349 2771 et
374 2741 407 2778 4,
436 2740 473 2769 19
502 2736 588 2776 (33).
617 2735 672 2767 Cf.
698 2733 884 2766 D’Anville
905 2732 940 2765 in

226 2786 310 2819 Not.
327 2785 371 2816 de
387 2783 423 2815 la
439 2781 561 2814 Gaule.

280 2830 385 2862 Volcis
399 2825 609 2860 Arecomici&
635 2822 819 2855 Volcarum
845 2825 940 2862 parte

228 2881 283 2913 ea,
295 2872 357 2916 qui
373 2871 575 2904 dicebantur
590 2865 801 2900 Arecomici.
838 2864 942 2898 Cous.

232 2920 264 2957 6,
283 2919 338 2950 24.
368 2917 496 2948 volcas
507 2915 731 2954 Tectosages.
755 2911 807 2943 M.

276 2961 376 2998 Quod
384 2964 524 2999 merare,
539 2963 609 2994 etc.
633 2957 711 2992 Hoc
726 2955 768 2990 de
777 2953 941 2990 Lucterio

230 3006 449 3051 capiendum.

1050 2335 1216 2366 Cevenna.
1263 2333 1311 2366 Ita
1335 2338 1530 2365 constanter
1552 2330 1713 2363 vetustis-

1004 2378 1083 2412 simi
1101 2378 1193 2410 libri.

1050 2425 1184 2456 Discisa
1198 2425 1284 2455 niz-e.
1318 2422 1374 2455 Sic
1386 2421 1463 2453 cod.
1479 2419 1627 2463 Cujacii.
1641 2429 1710 2460 quo

1003 2472 1153 2506 notetur,
1174 2467 1288 2499 nix-cm
1314 2466 1491 2499 securibus
1507 2476 1545 2497 ac
1561 2462 1712 2495 dolabris

1004 2511 1198 2544 diffractam
1213 2512 1329 2543 fuisse.
1355 2511 1468 2551 Vulgo
1484 2510 1641 2541 zlLsmcsm.

1051 2556 1199 2589 Militum
1214 2557 1343 2589 labore.
1368 2555 1526 2595 Plerique
1537 2552 1638 2583 codd.
1655 2561 1713 2582 stt-

1003 2600 1095 2640 dore,
1107 2611 1184 2643 quae
1200 2606 1251 2632 est
1267 2598 1508 2632 veriorlectio.
1533 2597 1583 2627 M.
1625 2595 1714 2626 Poe·

1004 2644 1112 2677 ticum
1139 2644 1242 2677 nimis
1270 2645 1336 2676 hoc
1367 2644 1502 2675 videtur
1526 2640 1616 2670 Oud.
1662 2640 1714 2671 lta

1005 2695 1118 2721 tamen
1159 2689 1345 2727 Velleium,
1378 2688 1453 2719 Val.
1507 2684 1715 2723 Maximum,

1006 2733 1160 2765 Plinium
1178 2733 1211 2765 in
1229 2744 1311 2774 epp.
1328 2731 1468 2769 dixisse,
1493 2729 1582 2760 idem
1600 2734 1714 2760 osten-

1006 2778 1068 2810 dit.
1090 2779 1215 2810 Forsan
1231 2777 1402 2809 Caesarcm
1425 2773 1603 2815 scripsisse
1616 2773 1716 2815 junc-

1005 2821 1068 2854 tim
1083 2823 1202 2854 mutare
1216 2832 1258 2854 ae
1272 2821 1386 2853 labore
1402 2817 1609 2860 suspicatur.

1055 2868 1198 2899 Possint.
1223 2864 1295 2897 Alii
1307 2869 1450 2907 possem.

1055 2913 1168 2946 Quam
1181 2910 1338 2942 maz-imis
1356 2920 1393 2951 p.
1417 2910 1493 2941 itin.
1531 2906 1585 2940 Sic
1611 2904 1716 2938 codd.

1006 2960 1042 2987 et
1053 2955 1132 2987 edd.
1155 2959 1233 2986 ante
1246 2951 1418 2996 Lipsium,
1435 2962 1584 2996 quocum
1598 2959 1717 2984 recen-

1009 2999 1115 3033 tiores
1129 2999 1219 3033 male
1236 3008 1320 3042 qua.
