1946 3261
649 148 769 196 LIB.
803 148 935 195 VIII.

999 151 1141 196 CAP.
1171 152 1217 204 8,
1249 151 1292 196 9.
1609 154 1695 200 231

264 280 306 324 9.
342 281 493 331 Quum
532 287 714 338 repente
756 280 991 324 instructas
1025 279 1160 324 velut·
1182 280 1227 325 in
1264 280 1356 326 acie
1392 290 1517 328 certo
1553 283 1700 343 gradu

202 340 395 399 legiones
415 338 624 383 accedere
648 339 769 383 Galli
799 339 1017 390 viderent,
1037 355 1225 397 quorum
1245 350 1372 385 erant
1398 343 1456 386 ad
1483 343 1701 388 Caesarem

202 400 332 460 plena
372 399 542 443 fiduciae
563 399 742 444 consilia
763 399 951 458 perlata,
972 400 1063 442 sive
1103 401 1352 444 certaminis
1373 403 1586 460 periculo,
1608 403 1701 448 sive

202 459 349 504 subito
364 459 575 509 adventu,
595 475 672 502 seu
685 459 1010 517 exspectatione
1027 458 1166 502 nostri
1182 459 1365 510 consilii,
1381 463 1525 520 copias
1543 463 1685 508 instru

203 526 284 563 unt
320 534 402 579 pro
430 518 598 568 castris,
632 533 712 561 nec
745 519 842 561 loco
875 518 1101 577 superiore
1122 517 1359 562 decedunt.
1423 522 1585 574 Caesar,
1619 523 1706 568 etsi

200 578 409 622 dimicare
428 585 680 636 optaverat,
715 586 878 628 tamen,
912 577 1152 621 admiratus
1181 585 1352 620 tantam
1373 579 1704 628 multitudinem

202 637 407 687 hostium,
451 635 568 679 valle
602 636 862 687 intermissa,
900 637 1036 695 magis
1070 637 1115 679 in
1157 636 1440 681 altitudinem
1477 639 1703 698 depressa,

202 713 335 756 quam
354 696 442 740 late
460 704 657 754 petente,
688 704 834 739 castra
856 698 1008 740 castris
1025 696 1215 740 hostium
1236 697 1422 742 confert.

1489 698 1596 743 Haec
1626 702 1703 744 im-

201 764 333 818 perat
367 755 488 799 vallo
522 755 686 814 pedum
723 755 811 798 XII
855 757 1016 800 muniri
1057 757 1317 815 coronisque
1358 756 1587 802 loriculam
1622 776 1706 818 pro

200 817 370 861 ratione
399 816 491 873 ejus
520 815 766 859 altitudinis
784 815 1063 865 inaedificari;
1096 815 1254 860 fossam
1283 817 1506 877 duplicem
1539 820 1704 878 pedum

199 877 383 935 quinum
402 876 567 920 denum
586 875 799 920 lateribus
824 875 1004 919 directis
1024 875 1243 935 deprimi;
1276 879 1410 921 turris
1431 879 1607 922 crebras
1629 895 1705 923 ex-

199 937 329 981 citari
361 936 406 980 in
443 936 724 980 altitudinem
760 935 827 979 III
859 936 1180 988 tabulatorum,
1217 938 1709 1000 pontibus-transjectis

203 1051 281 1084 edd.
310 1056 382 1084 vet.
414 1053 452 1084 in
482 1056 666 1093 conepecm.
729 1050 763 1082 Id
798 1050 923 1092 probat

204 1094 380 1136 Davisius,
397 1096 527 1138 recepit
543 1096 682 1128 Clarke.
721 1095 763 1127 Et
781 1095 920 1127 omnino

203 1140 252 1173 sic
268 1140 367 1180 alias,
382 1147 420 1173 ut
435 1141 526 1184 apud
544 1141 724 1173 Phaedrum
743 1145 775 1175 5,
797 1143 823 1172 l.
856 1140 921 1172 Sed

204 1185 345 1228 plurimi
362 1187 463 1218 codd.
479 1187 658 1229 vulgatum
675 1192 802 1218 tenent.
879 1218 885 1224 ¹

254 1233 457 1264 Cercamim's
469 1233 634 1273 periculo,
650 1231 716 1269 vel,
733 1237 768 1262 ut
782 1229 923 1272 pericli-

203 1279 354 1307 tarentur
378 1275 489 1307 aleam
513 1275 729 1314 certaminis3
755 1276 823 1309 vel.
839 1274 922 1316 quia

205 1320 399 1361 periculum
415 1321 585 1352 subeundi
601 1319 798 1351 certaminis
817 1319 923 1350 insta-

206 1365 276 1396 bat.
323 1365 445 1397 Malim
460 1365 641 1407 posterius.
668 1366 717 1396 M.

252 1410 298 1442 In
313 1411 402 1443 altit.
416 1410 596 1452 ‹lepre-58a3
622 1420 690 1440 uno
710 1408 828 1447 verbo,
845 1419 923 1450 pro-

204 1453 318 1486 sunda.
344 1454 398 1486 Sic
416 1457 451 1485 in
467 1455 680 1487 altitudinem
693 1458 821 1486 erectas
835 1453 922 1486 soret

205 1497 412 1541 simpliciter
426 1499 528 1530 altus.
554 1500 604 1531 M.

253 1546 381 1577 Castra
406 1546 527 1576 castris
553 1543 689 1583 confert,
726 1554 787 1574 sua
813 1550 921 1576 castra

204 1588 329 1621 castris
348 1587 495 1620 hostium
515 1587 719 1629 propinqua,
748 1595 781 1619 ct
796 1600 815 1619 c
835 1587 921 1628 regi-

204 1643 268 1665 one
288 1632 395 1674 ponit.
419 1643 451 1664 v.
468 1633 541 1665 lnd.
567 1633 618 1664 M.
653 1633 683 1663 in
701 1631 863 1669 conferre.

253 1678 456 1720 coronisqup
484 1695 529 1700 —-
557 1677 771 1717 inmelaejtfcari.
819 1678 921 1709 Haud

204 1728 406 1756 cunctanter
423 1723 544 1763 fateor,
560 1733 614 1754 mc
639 1722 711 1754 liaec
736 1732 803 1756 non
823 1722 923 1755 inti-l-

203 1767 323 1809 ligerc,
350 1767 534 1810 praesertim
561 1778 640 1798 cum
666 1777 708 1797 nc
725 1768 924 1810 lectioqui-

204 1812 283 1844 dem
300 1818 391 1845 certa
407 1812 462 1844 sit.
510 1813 643 1854 Nempe
659 1812 714 1843 vel
732 1813 826 1843 deest
842 1815 923 1845 Inri-

204 1858 340 1898 culam3
366 1857 420 1889 vel
439 1857 534 1889 deest
548 1859 702 1895 corani-w
724 1857 777 1889 vel
803 1858 923 1891 desunt

203 1901 326 1940 verba,
353 1914 416 1944 pro
440 1905 571 1935 ratione
603 1905 677 1943 eju-s·
707 1904 924 1941 altitudini-u

205 1946 272 1985 vel,
291 1947 350 1979 ubi
369 1948 538 1990 leguntur,
562 1948 698 1979 variant
715 1958 828 1980 rursus
845 1949 923 1990 plu-

207 1990 301 2023 ribus
327 1993 451 2024 modis.
499 1991 592 2030 Quid
621 1992 665 2024 sit
691 1993 798 2024 cor-ira
829 1995 921 2029 valli,

208 2040 323 2077 potest
337 2047 380 2068 ex
397 2038 430 2075 ⁷,
446 2039 487 2068 72
505 2036 674 2075 intelliei5
698 2044 731 2069 et
749 2048 834 2079 rogo
851 2038 921 2069 lec-

206 2086 308 2119 tores,
334 2087 371 2113 ut
388 2080 486 2112 illum
510 2082 626 2113 locum
642 2083 837 2114 conferant:
863 2083 923 2114 sed

203 2125 287 2166 quid
303 2127 358 2165 sit,
381 2127 562 2159 loriculam
584 2127 668 2158 valli
692 2130 823 2159 coronis
840 2130 922 2159 inre-

203 2170 358 2211 diflcare,
378 2171 410 2202 id
426 2182 556 2214 quaero.
587 2170 855 2214 Oudendorpius
872 2172 921 2204 sic

204 2215 372 2257 explicat3
407 2218 444 2249 in
485 2227 617 2249 smnmo
657 2218 795 2249 rotanti
838 2218 924 2248 mlle?

197 2259 340 2302 sastiyio
355 2261 526 2302 aedificare
541 2264 734 2295 loriculam.
779 2262 845 2294 Sed
861 2271 922 2293 cur

205 2303 295 2336 dixit
319 2308 462 2346 coronis,
491 2307 620 2348 plurali
647 2317 800 2345 numero,
826 2306 855 2338 si
871 2312 922 2338 est

204 2347 382 2389 fastigium
399 2361 459 2382 seu
483 2362 603 2394 margo
620 2351 792 2385 summus?
834 2351 922 2382 Rur-

206 2405 266 2426 sus
281 2394 448 2427 Gesnerus
466 2395 499 2427 in
516 2396 622 2430 Thes.
654 2398 694 2429 L.
709 2397 752 2429 L.
778 2406 846 2428 non
861 2406 921 2437 ag-

206 2438 320 2471 noscit
335 2439 479 2472 verbum
503 2442 699 2481 Ioro'culam,
731 2447 764 2473 ct
782 2440 922 2474 coronis

207 2482 414 2516 inaedificare
429 2485 584 2527 explicat
600 2487 663 2526 sic,
694 2488 802 2519 lorica
816 2489 921 2518 inter·

206 2529 312 2560 missa
333 2530 448 2570 pinnis
468 2531 673 2572 inaedificare
702 2537 836 2563 σαψ-α.-
859 2531 923 2562 du-

206 2571 297 2604 bitat
323 2578 434 2605 tamen
457 2574 500 2606 de
525 2575 686 2608 lectione.
731 2575 767 2607 Si
783 2574 868 2617 quid
887 2574 921 2606 in

203 2616 356 2650 lectione
373 2617 500 2650 incerta
513 2619 583 2652 dici
608 2625 732 2662 potest,
755 2619 920 2661 legerim:

205 2665 402 2704 coronisque
413 2664 474 2695 hoc
488 2663 582 2703 (scil.
606 2665 752 2705 vallum)
764 2676 826 2706 pro
840 2675 870 2695 r.
887 2674 923 2696 α.

205 2707 421 2748 ίηωιίἱῂεαή.
467 2706 614 2741 Coronae
643 2715 721 2741 sunt
752 2708 827 2750 ipsa
859 2708 920 2741 illa

206 2750 372 2784 loricula:
406 2753 501 2795 quod
532 2754 685 2794 verbum,
713 2759 752 2785 ut
781 2754 921 2785 sortasse

207 2797 335 2837 notius,
374 2808 455 2829 eum
498 2797 626 2840 aliquis
678 2797 922 2840 interpretandi

208 2851 313 2874 causa
338 2842 482 2885 margini
505 2843 753 2885 adscripsisset,
777 2842 920 2876 venitin

209 2891 352 2928 textum,
368 2893 402 2920 et
416 2898 436 2920 e
451 2898 533 2921 casu
548 2895 659 2929 sext0‚
675 2889 831 2929 toriczda,
845 2889 920 2923 fac-

987 1055 1042 1083 tus
1058 1055 1109 1082 est
1131 1057 1284 1093 quartus.
1331 1052 1410 1084 Jam
1427 1052 1559 1086 vallum
1585 1052 1708 1086 inaedi-

989 1095 1110 1128 fleatur
1125 1097 1260 1129 coronis
1278 1108 1304 1128 s.
1328 1097 1483 1136 loricula,
1514 1109 1594 1130 cum
1610 1098 1706 1131 circa

988 1141 1181 1178 mare-,inem
1200 1141 1282 1173 valli
1300 1141 1343 1173 sit
1358 1153 1485 1174 corona
1502 1154 1528 1174 s.
1546 1143 1706 1175 loricula.

990 1185 1123 1223 Quodsi
1140 1197 1182 1218 cx
1197 1186 1429 1220 architectura
1444 1188 1598 1226 addatur,
1608 1198 1709 1221 coro-

989 1240 1048 1262 nas
1066 1242 1138 1263 esse
1157 1231 1388 1274 projectiones
1411 1244 1439 1264 s.
1458 1232 1706 1274 prouiineutias

990 1275 1173 1317 parietum,
1198 1287 1275 1319 quae
1301 1277 1406 1309 hodie
1422 1277 1578 1309 dicantur
1596 1280 1707 1310 eorm·-

988 1321 1049 1351 clie
1072 1322 1245 1359 (Kranz),
1271 1322 1313 1352 de.
1338 1333 1407 1364 quo
1439 1321 1525 1354 Laeti
1552 1322 1705 1355 Lexicon

992 1364 1231 1397 Vitruvianum
1254 1365 1345 1398 adiri
1375 1373 1508 1409 potest:
1531 1372 1624 1399 tanto
1641 1367 1709 1400 mi-

988 1419 1051 1441 nus
1068 1409 1192 1442 mirum
1211 1410 1325 1446 fucrit.
1341 1410 1479 1443 coronis
1496 1410 1704 1452 istiusmodi,

989 1453 1079 1486 circa
1099 1455 1225 1486 vallum
1247 1455 1541 1497 procurrentibus,
1564 1455 1634 1488 dici
1654 1457 1708 1489 in-

989 1498 1193 1531 aediticatum
1217 1500 1357 1539 vallum,
1380 1507 1414 1532 et
1432 1501 1492 1532 has
1506 1511 1581 1532 esse
1610 1500 1707 1533 illam

989 1543 1144 1581 loricam,
1167 1555 1243 1586 quae
1269 1545 1355 1577 alibi
1373 1545 1512 1577 dicitur.
1559 1545 1706 1585 Dubito,

988 1598 1031 1619 au
1048 1600 1066 1620 e
1085 1588 1163 1620 loco
1195 1588 1330 1630 Vegetii
1356 1590 1415 1628 (dc
1447 1600 1481 1621 re
1506 1589 1580 1622 mil.
1598 1592 1630 1628 4,
1645 1592 1704 1630 28)

988 1633 1147 1674 exsculpi
1165 1632 1295 1675 aliquid
1312 1633 1434 1676 possit,
1446 1633 1506 1664 ubi
1523 1633 1707 1667 loriculam

987 1687 1063 1708 esse
1079 1677 1166 1708 dicit
1183 1678 1322 1713 fossam,
1338 1678 1430 1710 vallo
1447 1677 1660 1721 sudibusque
1674 1684 1709 1710 et

989 1721 1165 1754 turriculis
1182 1722 1392 1755 instructam.
1439 1723 1505 1754 Sed
1523 1723 1607 1756 nibil
1622 1724 1708 1756 defl-

988 1766 1060 1798 nio.
1098 1767 1148 1798 M.
1200 1769 1288 1799 Puto
1310 1767 1344 1800 in
1362 1767 1594 1810 explicatione
1613 1769 1707 1801 Oud.

988 1810 1289 1853 acquiescendum.
1338 1813 1453 1844 Locus
1483 1812 1619 1856 Vegetii
1638 1813 1707 1845 huc

988 1866 1055 1887 non
1072 1856 1166 1889 facit.
1213 1855 1319 1889 Addit
1336 1857 1428 1889 Oud.
1448 1863 1482 1889 ct
1500 1857 1605 1890 aliam
1622 1868 1706 1890 con-

984 1901 1164 1943 jecturam,
1187 1912 1264 1944 quae
1288 1902 1402 1934 minus
1432 1902 1576 1934 adridet.
1625 1903 1705 1935 For-

988 1957 1046 1978 san
1064 1948 1245 1978 loriculam
1275 1947 1343 1979 huc
1372 1946 1513 1989 inrepsit
1540 1957 1600 1989 per
1615 1957 1706 1979 erro-

991 2002 1062 2022 rem
1085 2002 1103 2023 e
1120 1991 1359 2032 sequentibus3
1385 1991 1507 2023 abesse
1530 1991 1623 2024 enim
1641 2002 1706 2036 po-

987 2040 1063 2071 test.
1092 2043 1128 2068 ut
1156 2036 1277 2068 Morus
1301 2036 1469 2068 ostendit.
1515 2036 1640 2069 Forsan
1668 2041 1705 2069 et

989 2080 1171 2122 legendum
1187 2083 1385 2123 coronisque
1399 2083 1468 2113 sive
1486 2083 1642 2114 loricula.

1036 2127 1235 2166 Deprimere
1256 2125 1401 2167 fossam,
1431 2126 1547 2158 fodere
1561 2126 1706 2166 (facere,

988 2175 1022 2201 ut
1040 2170 1096 2201 liat
1110 2171 1307 2212 profunda.)
1332 2171 1382 2203 M.

1037 2215 1112 2246 Lae.
1129 2216 1274 2247 directis.
1291 2226 1323 2246 v.
1339 2216 1371 2254 7,
1389 2217 1442 2247 72.
1457 2220 1491 2247 et
1507 2216 1579 2249 lnd.
1606 2217 1658 2249 M.

1035 2260 1158 2292 Pontes
1180 2263 1354 2299 constrati,
1378 2260 1520 2300 tabulae,
1545 2271 1624 2303 quae
1652 2260 1703 2294 sic

986 2309 1178 2337 sternuntur
1195 2317 1222 2338 s.
1255 2312 1443 2347 ponuntur,
1465 2305 1510 2338 ab
1529 2316 1596 2338 una
1622 2305 1704 2338 turri

987 2350 1029 2380 ad
1047 2349 1151 2382 aliam
1171 2356 1346 2392 porrectae,
1365 2356 1400 2382 ut
1416 2350 1523 2382 veluti
1543 2350 1575 2383 in
1596 2357 1703 2393 ponte

989 2394 1122 2426 transiri
1140 2395 1248 2437 possit
1264 2406 1308 2427 ex
1325 2395 1398 2428 alia
1418 2395 1451 2427 in
1478 2395 1594 2428 aliam.
1646 2395 1701 2426 Sic

987 2442 1244 2481 conjunquntur
1259 2446 1381 2472 turres.
1422 2441 1612 2481 T›·ansjecti
1626 2450 1706 2473 con-

985 2485 1162 2527 stratiqiae,
1193 2485 1218 2517 i.
1242 2495 1274 2516 e.
1305 2485 1522 2518 transversim
1551 2484 1645 2516 strati
1677 2495 1706 2516 s.

990 2527 1110 2570 positi.
1149 2530 1200 2562 M.
1248 2529 1432 2563 Vitruvius
1466 2531 1495 2569 1,
1529 2533 1560 2561 5.
1600 2540 1704 2562 usum

990 2574 1113 2606 horum
1141 2574 1296 2617 pontium
1314 2575 1576 2617 transjectorum
1600 2575 1705 2606 docet

988 2618 1094 2659 hunc,
1110 2627 1158 2659 ut,
1173 2619 1202 2651 si
1218 2619 1327 2652 hostis
1349 2630 1452 2662 quam
1466 2624 1596 2661 partem
1614 2617 1705 2651 muri

989 2671 1206 2706 occupasset,
1216 2664 1413 2707 contignata
1424 2663 1497 2702 illa,
1506 2663 1567 2705 qui
1580 2674 1705 2706 repug·

988 2708 1128 2748 nebant,
1146 2715 1285 2752 possent
1300 2708 1503 2741 rescindere.
1527 2707 1582 2740 Sic
1595 2708 1707 2742 hostis

989 2763 1130 2796 pergere
1158 2754 1250 2786 haud
1284 2753 1423 2796 poterit.
1470 2753 1707 2795 Deprehendit

988 2798 1079 2831 hunc
1096 2809 1198 2832 usum
1212 2798 1245 2830 in
1263 2804 1380 2831 vetere
1400 2797 1593 2831 munitione
1610 2798 1711 2832 urbis

989 2850 1112 2877 nostrae
1147 2854 1178 2875 a.
1216 2845 1300 2876 1730
1331 2842 1385 2874 vir
1413 2842 1544 2874 eximio
1584 2843 1707 2887 dignus

987 2888 1120 2931 elogio,
1159 2888 1193 2921 b.
1232 2898 1280 2921 m.
1335 2887 1441 2921 Andr.
1479 2887 1707 2930 Silbermann,
