1946 3261
667 257 785 303 LIB.
819 257 878 304 V.
940 257 1080 302 CAP.
1111 256 1303 301 54-56,
1645 249 1721 300 131

240 392 372 430 runtz
414 391 475 437 et,
509 383 643 429 missis
679 383 736 428 ad
776 385 991 428 Caesarem
1029 380 1324 425 satisfaciundi
1366 394 1512 425 caussa
1551 379 1724 441 legatis,

241 460 378 503 quum
396 443 429 488 is
442 460 612 489 omnem
634 444 689 488 ad
710 461 753 487 se
772 453 969 487 senatum
983 441 1130 484 venire
1141 441 1346 500 jussisset,
1362 440 1482 484 dicto
1502 441 1727 484 audientes

238 520 324 547 non
345 504 540 547 fuerunt.
603 504 794 548 Tantum
826 502 948 562 apud
979 500 1171 544 homines
1204 499 1415 543 barbaros
1450 500 1606 550 valuit,
1637 509 1727 542 esse

239 572 440 622 repertos
461 564 629 621 aliquos
650 563 870 622 principes
883 561 989 605 belli
1010 557 1242 608 inferendi,
1255 566 1509 616 tantamque
1527 559 1728 602 omnibus

237 623 516 666 voluntatum
548 623 931 665 commutationem
963 619 1143 669 adtulit,
1175 625 1242 668 ut,
1278 626 1441 676 praeter
1481 617 1646 661 AEduos
1680 624 1727 661 et

240 680 416 731 Remos,
435 697 543 739 quos
565 681 786 739 praecipuo
808 696 980 740 semper
1013 679 1177 721 honore
1208 678 1354 720 Caesar
1374 675 1544 726 habuit,
1566 677 1728 721 alteros

238 756 322 799 pro
377 747 526 783 vetere
565 755 617 782 ac
654 748 872 799 perpetua
913 755 1019 798 erga
1061 737 1282 797 Populum
1324 735 1571 779 Romanum
1623 736 1727 786 fide,

235 798 398 843 alteros
429 814 512 858 pro
543 800 793 843 recentibus
829 799 990 842 Gallici
1010 796 1117 842 belli
1137 797 1302 845 officiis,
1323 795 1445 838 nulla
1466 795 1558 838 fere
1580 795 1732 838 civitas

236 857 374 901 fuerit
395 874 481 901 non
498 866 701 917 suspecta
720 858 856 902 nobis.
891 858 1033 917 quue
1054 856 1164 900 adeo
1185 855 1299 899 haud
1319 855 1406 898 scio
1426 851 1731 898 mirandumne

234 916 307 968 sit,
345 934 484 975 quum
517 917 817 975 compluribus
838 918 931 962 aliis
950 920 1006 962 de
1035 917 1208 967 caussis,
1241 924 1338 958 tum
1358 914 1558 965 maxime,
1593 911 1731 972 quod,

237 977 314 1034 qui
335 977 504 1020 virtute
526 976 633 1019 belli
654 977 854 1020 omnibus
876 977 1082 1034 gentibus
1103 975 1469 1035 praeferebantur,
1492 981 1665 1017 tantum
1686 986 1732 1027 se

238 1036 331 1095 ejus
351 1035 563 1095 opinionis
592 1034 909 1093 deperdidisse,
951 1041 1003 1076 ut
1038 1049 1064 1075 a
1099 1034 1272 1092 Populo
1312 1034 1511 1078 Romano
1548 1031 1735 1090 imperia

239 1095 504 1155 perferrent,
528 1093 777 1152 gravissime
798 1094 1022 1137 dolebant.

297 1155 369 1197 55.
403 1154 576 1197 Treviri
598 1168 702 1196 vero
722 1160 857 1210 atque
880 1150 1208 1194 Indutiomarus
1238 1149 1373 1192 totius
1392 1150 1542 1192 hiemis
1562 1146 1736 1191 nullum

239 1222 412 1273 tempus
431 1213 776 1261 intermiserunt,
811 1211 918 1269 quin
938 1219 1057 1253 trans
1081 1208 1285 1251 Rhenum
1306 1207 1474 1266 legatos
1492 1208 1738 1257 mitterent,

238 1273 438 1317 civitates
468 1272 769 1321 sollicitarent,
809 1271 1014 1329 pecunias
1051 1268 1385 1328 pollicerentur,
1415 1282 1574 1326 magna
1610 1272 1738 1325 parte

240 1332 459 1376 exercitus
478 1331 613 1374 nostri
634 1330 883 1379 interfecta,
902 1329 1044 1373 multo
1061 1328 1272 1371 minorem
1292 1342 1519 1386 superesse
1538 1325 1739 1369 dicerent

241 1400 427 1450 partem.
492 1392 652 1448 Neque
674 1399 818 1432 tamen
840 1388 921 1431 ulli
943 1388 1112 1431 civitati
1136 1388 1459 1430 Germanorum
1481 1384 1739 1446 persuaderi

242 1452 405 1510 potuit,
428 1458 480 1493 ut
511 1449 714 1492 Rhenum
743 1448 944 1497 transire,
967 1457 1107 1505 quum
1142 1454 1172 1482 ‘-‘
1194 1461 1237 1488 se
1272 1445 1338 1489 bis
1355 1447 1587 1504 expertos”
1621 1444 1738 1487 dice-

242 1519 357 1561 rent,
385 1517 413 1537 “
436 1509 647 1553 Ariovisti
669 1507 788 1550 bello
808 1516 854 1550 et
875 1506 1254 1550 Tenchtherorum
1288 1506 1492 1555 transitu,
1530 1519 1615 1547 non
1647 1515 1738 1547 esse

243 1577 272 1596 ‘⁶
296 1569 482 1629 amplius
518 1569 738 1610 fortunam
775 1566 1073 1608 tentandam.”
1137 1565 1235 1607 Hac
1266 1579 1342 1622 spe
1370 1563 1516 1622 lapsus
1539 1562 1741 1606 Indutio-

243 1645 402 1682 marus,
425 1627 558 1671 nihilo
580 1627 720 1669 minus
739 1625 884 1684 copias
903 1640 1076 1684 cogere,
1097 1638 1320 1674 exercere,
1343 1638 1369 1664 a
1385 1622 1595 1665 finitumis
1605 1633 1741 1680 equos

243 1704 414 1748 parare,
449 1686 618 1730 exsules
639 1684 952 1743 damnatosque
983 1694 1078 1728 tota
1117 1682 1263 1726 Gallia
1284 1681 1452 1741 magnis
1473 1681 1661 1741 praemiis
1681 1679 1738 1723 ad

243 1765 287 1792 se
308 1747 496 1791 adlicere
530 1745 680 1805 coepit.
745 1745 813 1787 Ac
843 1753 1010 1788 tantam
1042 1743 1124 1788 sibi
1157 1743 1247 1802 jam
1282 1742 1330 1785 iis
1362 1741 1496 1784 rebus
1525 1740 1569 1783 in
1594 1738 1743 1783 Gallia

242 1808 548 1851 auctoritatem
579 1813 926 1863 comparaverat,
965 1813 1017 1847 ut
1051 1802 1248 1860 undique
1281 1801 1338 1845 ad
1371 1812 1473 1843 eum
1504 1799 1745 1859 legationes

244 1874 573 1917 concurrerent,
608 1866 796 1925 gratiam
832 1873 969 1923 atque
990 1863 1223 1908 amicitiam
1246 1861 1426 1922 publice
1445 1859 1745 1920 privatimque

276 1934 462 1970 eterent.

242 1943 272 1986 Ρ
304 1986 377 2029 56.
411 1986 507 2030 Ubi
534 1983 752 2028 intellexit
785 1984 905 2029 ultro
933 1982 989 2026 ad
1011 1999 1054 2027 se
1075 1982 1231 2032 veniri,
1266 1979 1406 2023 altera
1426 1992 1480 2020 ex
1509 1981 1639 2035 parte
1666 1976 1743 2019 Sea

246 2061 378 2089 nones
433 2046 739 2103 Carnutesque
794 2044 1057 2088 conscientia
1109 2040 1310 2084 facinoris
1347 2036 1561 2096 instigari,
1603 2035 1746 2079 altera

251 2104 441 2148 Nervios
464 2104 807 2162 Advatucosque
842 2101 1010 2146 bellum
1040 2101 1245 2144 Romanis
1279 2113 1452 2157 parare,
1491 2105 1635 2153 neque
1663 2093 1746 2138 sibi

251 2163 600 2208 voluntariorum
639 2164 782 2222 copias
817 2162 985 2212 defore,
1024 2162 1058 2205 si
1097 2174 1152 2203 ex
1192 2157 1352 2201 finibus
1395 2155 1483 2198 suis
1531 2152 1744 2213 progredi

303 2314 453 2346 Tantum
477 2323 536 2356 ap.
563 2314 652 2345 hom.
697 2312 820 2344 Clarke
845 2321 864 2343 e
889 2312 966 2343 cod.
1084 2307 1311 2341 Tentandum.
1352 2303 1407 2337 Sic
1424 2303 1571 2337 codd.et
1582 2303 1660 2336 edd.
1676 2307 1746 2336 vet.

251 2357 348 2398 regio
376 2357 473 2399 ponit
499 2363 706 2400 cantumque.
754 2355 861 2388 Male.
887 2366 966 2387 nam
1032 2354 1137 2395 vulgo
1154 2352 1267 2385 minus
1283 2355 1374 2383 reete
1387 2354 1583 2383 tentaturos:

253 2401 313 2434 alii
329 2402 430 2433 codd.
448 2408 481 2434 et
496 2403 572 2434 edd.
590 2408 657 2434 vet.
673 2401 801 2433 habent
821 2406 967 2433 tantum.
1081 2400 1265 2430 Exercere.
1303 2395 1358 2427 Sic
1380 2394 1552 2436 metaphr.
1567 2393 1626 2425 Gr.
1646 2393 1747 2424 ἐσκεῖν

256 2447 350 2478 Adde
359 2447 449 2487 quod
465 2456 544 2477 mox
559 2446 712 2489 sequitur
724 2451 934 2487 tantamque.
1035 2449 1069 2476 et
1085 2453 1202 2474 omnes
1217 2441 1310 2473 Outs.
1320 2439 1472 2472 codices.
1490 2438 1603 2480 Vulgo
1620 2442 1747 2469 mutata

306 2491 464 2522 Omnibus
480 2491 705 2524 voluntatum.
735 2490 790 2522 Sic
807 2489 968 2521 Dav1sius
1035 2498 1177 2530 quoque
1198 2485 1439 2532 distinctione:
1462 2486 1596 2526 eoeiyere
1623 2493 1645 2515 a
1665 2483 1750 2523 fini-

256 2541 290 2567 et
304 2533 463 2566 Clarkius
480 2534 567 2567 bene
590 2546 609 2567 e
634 2535 733 2567 codd.
758 2541 791 2566 et
805 2535 882 2566 edd.
899 2539 968 2565 vet.
1036 2534 1149 2570 tumis,
1176 2541 1277 2572 equos
1301 2541 1426 2573 parare
1452 2528 1502 2560 M.
1548 2528 1645 2569 Hanc
1676 2527 1748 2566 leq-

260 2591 320 2622 pro
337 2589 404 2620 quo
425 2578 512 2610 male
540 2578 686 2621 Scaliger
706 2586 739 2612 et
762 2578 970 2611 recentiores
1037 2577 1166 2609 tionem
1183 2575 1340 2614 Clatkius
1356 2581 1486 2612 tuetur3
1509 2572 1652 2604 alteram
1675 2579 1748 2602 ma-

258 2627 411 2657 omnium
427 2624 617 2656 tolumaets.
642 2623 799 2655 Oudend.
817 2622 972 2665 suspica·
1037 2621 1165 2653 nifesto
1181 2618 1384 2662 conruptam
1396 2616 1540 2661 judicat.
1732 2635 1743 2656 .-

256 2673 312 2700 tur
326 2668 503 2709 legendum
515 2670 663 2701 omnium
676 2670 900 2701 voluntatum.
1091 2668 1175 2698 Tota
1195 2666 1323 2698 Gallia.
1359 2664 1408 2695 lta
1425 2662 1523 2694 codd.
1541 2665 1575 2692 et
1585 2659 1666 2704 edd.
1679 2662 1747 2690 vet.

307 2712 415 2751 Quod,
441 2714 499 2754 qui
522 2715 599 2745 virt.
645 2712 715 2745 Alii
741 2712 912 2745 intrudunt
934 2711 971 2743 ln·
1040 2710 1178 2743 Graeeus
1195 2709 1297 2742 etiam
1321 2709 1353 2739 ἐκ
1377 2707 1475 2741 ποία-ης
1499 2706 1552 2740 «τῆς
1577 2702 1748 2745 Γαλατίας.

261 2757 316 2790 vel
331 2759 372 2789 ei·
1039 2754 1070 2787 Ε
1094 2753 1312 2787 Plantiniana
1338 2748 1447 2794 Lipsii
1478 2748 1630 2781 editione
1663 2746 1749 2778 illud

308 2803 335 2834 A
355 2802 483 2844 Populo
502 2802 667 2834 Romano.
706 2800 821 2842 Vulgo
850 2801 973 2843 Populi
1040 2804 1109 2832 tota.
1127 2798 1266 2837 excidit,
1285 2797 1378 2839 quod
1395 2793 1544 2835 Scaliger
1565 2797 1599 2824 et
1615 2790 1680 2824 alii
1695 2802 1749 2823 se-

263 2847 434 2886 Romam';
461 2847 519 2877 sed
544 2846 642 2877 codd.
667 2845 800 2888 egregie
827 2856 850 2877 a
867 2845 909 2878 P.
928 2846 971 2878 R.
1041 2842 1124 2876 cuti.
1160 2841 1262 2874 Aliie
1282 2839 1412 2874 Gallia.
1445 2838 1485 2869 Τδ
1496 2843 1583 2871 totus
1593 2836 1749 2879 frequen-

259 2895 298 2922 ut
312 2890 352 2922 C.
368 2894 399 2931 3,
415 2892 468 2923 36.
486 2892 601 2923 litterae
617 2900 642 2930 ᾳ
671 2890 721 2921 M.
762 2890 923 2922 Favonio.
939 2895 975 2920 et
1042 2894 1092 2920 ter
1107 2887 1248 2920 adhibet
1264 2890 1388 2917 noster.
1403 2893 1437 2915 v.
1456 2883 1528 2915 Ind.

264 2934 362 2968 Alex.
416 2946 495 2977 cap.
535 2936 588 2967 34.
623 2935 765 2975 leffl'ones
795 2934 838 2966 ab
874 2935 974 2966 Deae'o-
1090 2934 1296 2965 Conscientia
1304 2929 1478 2973 facum-is.
1492 2917 1752 2969 Hocfac'musc.

260 2982 345 3012 laro.
373 2983 406 3012 et
433 2980 512 3014 Liv.
539 2983 572 3020 2,
591 2980 622 3011 3.
644 2980 771 3013 litteras
808 2978 852 3012 ab
887 2979 976 3012 Tar·
1043 2981 1086 3010 25
1112 2982 1144 3008 et
1167 2979 1209 3008 54
1234 2973 1444 3015 descriptum>
1467 2977 1530 3004 est.
1556 2972 1607 3003 M.
1654 2970 1749 3002 Loco

260 3026 398 3067 quintis.
1043 3022 1096 3052 «rofi
1109 3021 1268 3067 instigari
1285 3018 1406 3052 Clarke
1418 3028 1438 3050 e
1450 3017 1530 3050 cod.
1542 3014 1638 3058 regio
1648 3013 1752 3049 habet

1040 3067 1227 3108 ἱηςιίῃατοε.

1492 3105 1567 3137 ΚΩ
