1946 3261
663 159 778 203 LIB.
844 160 982 203 CAP.
1019 160 1206 203 75—77.
1576 162 1662 206 469

168 279 306 332 bant;
339 300 436 343 quae
460 294 604 331 tamen
634 288 832 331 celeriter
862 287 1144 331 multitudine
1183 288 1372 332 telorum
1402 286 1657 347 obprimun-

172 349 262 407 tur.
327 342 579 404 Insequitur
617 346 692 391 has
723 347 835 390 acies
867 346 1057 390 hostium
1085 355 1131 389 et
1153 346 1340 391 clamore
1362 349 1536 392 sublato
1556 364 1658 392 con-

168 398 352 465 fligitur,
384 405 573 449 multum
604 406 841 465 adjuvante
870 414 1028 450 natura
1059 405 1160 454 loci,
1193 406 1431 463 plurimum
1460 407 1658 452 Deorum

168 463 469 525 inmortalium
501 465 801 523 benignitate:
834 465 912 523 qui
945 480 1082 522 quum
1111 465 1311 509 omnibus
1344 466 1514 510 casibus
1549 466 1659 511 belli

166 526 398 586 intersunt,
422 531 517 567 tum
538 525 759 583 praecipue
780 524 857 575 eis,
879 523 1040 582 quibus
1060 521 1168 566 nihil
1195 524 1365 568 ratione
1402 526 1550 584 potuit
1582 526 1658 571 ad-

166 581 416 624 mimstrari.

225 637 295 679 76.
345 640 513 699 Magno
550 648 687 699 atque
722 640 814 684 acri
851 640 1011 701 proelio
1046 640 1285 684 comminus
1323 640 1458 693 facto,
1497 642 1658 688 dextro

164 710 319 747 cornu,
341 714 432 756 quo
453 707 663 744 veterana
682 701 798 758 legio
818 709 939 745 sexta
959 708 1057 743 erat
1087 699 1329 750 conlocata,
1363 700 1538 744 initium
1569 703 1658 747 vic-

167 754 292 798 toriae
316 766 469 801 natum
490 768 570 802 est.
635 760 710 803 Ab
731 776 782 803 ea
810 768 937 818 parte
972 775 1110 817 quum
1146 759 1190 801 in
1219 758 1418 818 proclive
1450 759 1658 804 detrude-

166 822 321 880 rentur
355 815 530 867 hostes;
564 819 703 862 multo
726 819 908 870 tardius,
940 818 1015 862 sed
1050 827 1210 867 tamen,
1249 818 1419 868 iisdem,
1453 819 1549 862 Diis
1580 821 1657 863 ad-

163 874 434 931 juvantibus,
457 878 631 923 sinistro
659 894 795 922 cornu
830 877 1062 935 mediaque
1093 878 1182 919 acie
1221 885 1326 921 totae
1360 877 1657 937 profligantur

166 933 303 990 copiae
338 934 498 994 Regis:
546 954 645 997 quae
678 953 809 996 quam
843 937 967 980 facile
997 935 1221 979 subierant
1257 936 1458 994 iniquum
1490 937 1658 989 locum,

167 999 256 1034 tam
287 993 504 1046 celeriter,
540 996 683 1055 gradu
722 996 873 1056 pulsae,
924 995 1238 1055 premebantur
1280 995 1363 1039 loci
1408 995 1657 1055 iniquitate.

167 1048 323 1110 Itaque
357 1054 506 1098 multis
537 1056 750 1099 militibus
784 1055 943 1114 partim
981 1054 1238 1105 interfectis,
1277 1055 1439 1114 partim
1480 1072 1658 1101 suorum

165 1111 293 1154 ruina
308 1112 536 1171 obpressis,
559 1116 637 1173 qui
656 1115 889 1158 velocitate
906 1114 1100 1171 effugere
1122 1122 1343 1173 poterant,
1363 1115 1494 1157 armis
1514 1123 1662 1160 tamen

168 1171 388 1229 projectis,
422 1174 581 1217 vallem
614 1175 888 1232 transgressi,
920 1173 1027 1216 nihil
1062 1190 1114 1216 ex
1151 1174 1247 1216 loco
1283 1174 1507 1232 superiore
1545 1174 1659 1218 iner-

168 1245 254 1272 mes
295 1232 507 1289 proficere
546 1242 765 1292 poterant.
831 1235 893 1276 At
929 1233 1082 1282 nostri,
1125 1232 1308 1276 victoria
1347 1232 1468 1283 elati,
1510 1233 1661 1278 subire

166 1288 364 1347 iniquum
415 1291 559 1334 locum
608 1293 955 1349 munitionesque
1006 1291 1187 1350 adgredi
1240 1307 1325 1335 non
1375 1291 1657 1338 dubitarunt.

170 1348 522 1394 Defendentibus
553 1359 698 1393 autem
720 1351 770 1393 iis
792 1350 1044 1393 cohortibus
1075 1359 1232 1400 eastra,
1274 1367 1382 1409 quas
1417 1350 1662 1396 Pharnaces

170 1407 370 1465 praesidio
413 1410 672 1467 reliquerat,
710 1409 912 1452 celeriter
951 1408 1100 1451 eastris
1141 1408 1329 1452 hostium
1368 1418 1472 1453 sunt
1511 1411 1663 1469 potiti.

169 1466 407 1511 Interfeeta
434 1468 716 1511 multitudine
752 1483 947 1517 suorum,
988 1476 1065 1510 aut
1103 1476 1247 1525 capta,
1288 1468 1533 1511 Pharnaces
1561 1486 1664 1514 cum

170 1526 320 1585 paucis
356 1526 579 1585 equitibus
617 1527 847 1586 profugit:
898 1525 966 1569 cui
999 1526 1076 1568 nisi
1108 1535 1350 1569 castrorum
1387 1527 1663 1585 obpugnatio

167 1586 426 1629 facultatem
455 1587 680 1630 adtulisset
712 1586 891 1629 liberius
926 1584 1233 1643 profugiendi„
1256 1586 1379 1628 vivus
1411 1586 1455 1629 in
1481 1586 1666 1632 Caesaris

168 1653 434 1704 potestatem
454 1646 671 1689 adductus
692 1654 816 1688 esset.

229 1705 301 1746 77.
334 1705 434 1747 Tali
456 1705 640 1748 victoria
665 1704 792 1747 toties
812 1703 951 1746 victor
971 1703 1117 1744 Caesar
1149 1699 1395 1744 incredibili
1424 1710 1490 1746 est
1512 1702 1667 1750 laetitia

170 1763 384 1814 adfectus,
406 1763 528 1822 quod
550 1763 786 1806 maximum
806 1762 971 1805 bellum
1001 1769 1123 1803 tanta
1144 1760 1366 1804 celeritate
1384 1762 1664 1815 confecerat;

170 1822 379 1881 quodque
413 1823 546 1867 subiti
577 1823 762 1882 periculi
795 1820 1042 1865 recordatio
1063 1828 1128 1862 est
1161 1819 1319 1870 laetior,
1342 1822 1461 1879 quod
1482 1822 1670 1868 victoria.

171 1883 310 1926 facilis
360 1898 414 1925 ex
464 1882 729 1925 difficillimis
779 1882 910 1924 rebus
959 1879 1193 1923 acciderat.
1274 1880 1418 1924 Ponto
1468 1891 1665 1942 recepto,

171 1941 321 2001 praeda
357 1941 474 1985 omni
510 1943 652 2000 Regia
686 1941 899 1984 militibus
936 1938 1198 1988 condonata,
1242 1948 1416 1996 postero
1452 1940 1524 1983 die
1562 1958 1665 1986 cum

172 2000 386 2059 expeditis
405 2000 628 2058 equitibus
650 2001 739 2059 ipse
760 1999 1050 2059 proficiscitur
1067 2014 1077 2047 ;
1112 1997 1329 2056 legionem
1357 2006 1524 2042 sextam
1543 2000 1666 2045 dece-

172 2059 277 2102 dere
299 2059 355 2102 ad
379 2060 554 2118 praemia
576 2068 711 2118 atque
733 2059 915 2103 honores
939 2057 1211 2116 accipiendos
1242 2056 1288 2099 in
1310 2057 1484 2101 Italiam
1502 2059 1634 2118 jubet
1653 2076 1665 2103 ε

169 2118 331 2162 auxilia
362 2118 561 2162 Deiotari
581 2118 759 2161 domum
780 2117 996 2162 remittit:
1030 2116 1139 2159 duas
1168 2115 1360 2174 legiones
1392 2132 1492 2161 cum
1529 2119 1666 2165 Caelio

174 2178 402 2222 Viniciano
425 2177 468 2221 in
492 2178 636 2221 Ponto
657 2177 881 2235 relinquit.

954 2321 1039 2343 voce
1059 2322 1068 2342 ι
1115 2311 1211 2349 Veni,
1246 2310 1329 2350 vidi,
1358 2313 1435 2343 vici.
1491 2312 1667 2348 Plutarch.

953 2355 1040 2388 Caes.
1057 2366 1135 2397 cap.
1152 2357 1205 2387 50.
1229 2354 1295 2387 Dio
1311 2355 1404 2388 Cass.
1419 2357 1475 2397 42,
1499 2361 1552 2390 48.
1597 2361 1668 2401 Ap-

954 2399 1046 2443 piau.
1061 2401 1102 2432 B.
1119 2399 1158 2431 C.
1177 2403 1208 2439 2,
1227 2401 1282 2431 91.
1301 2411 1336 2441 p.
1353 2403 1429 2432 485.
1469 2402 1522 2433 De
1545 2404 1670 2436 celeri-

223 2315 366 2347 Casibus
391 2315 480 2347 belli.
525 2313 608 2355 Leg.
639 2314 773 2352 bellicas,
802 2311 886 2354 quia

179 2369 298 2391 omnes
313 2360 416 2391 codd.
428 2360 555 2391 habent
570 2359 676 2390 bellis.
700 2359 752 2389 M.
785 2357 886 2388 Bent-

177 2403 237 2435 lei.
267 2404 383 2436 subitas
413 2405 501 2436 belli.
528 2404 661 2436 frustra.
707 2401 763 2433 Sic
792 2401 885 2433 enim

178 2447 302 2489 periret
318 2448 505 2480 antithesis.
546 2447 726 2480 Plautinus
737 2446 810 2488 jam
827 2447 886 2477 de·
954 2450 1024 2477 tate
1048 2443 1197 2476 confecti
1225 2444 1326 2486 hujus
1342 2445 1426 2477 belli
1444 2445 1512 2478 vid.
1527 2447 1667 2481 Sueton.

175 2491 224 2524 dit
240 2493 328 2524 belli.
955 2489 1026 2522 Jul.
1043 2493 1096 2522 35.
1121 2489 1172 2520 M.

223 2537 271 2568 Ab
287 2547 329 2569 ea
341 2542 451 2579 parte.
473 2536 538 2568 Hic
554 2535 684 2578 primus
695 2534 887 2567 distinctio-
1001 2534 1160 2576 Quodque
1172 2550 1217 2556 —
1229 2534 1350 2566 laetior.
1366 2533 1479 2576 Vulgo
1494 2546 1503 2566 :
1528 2539 1668 2578 eratque

179 2589 256 2612 nem
271 2581 436 2623 majorem
452 2581 568 2622 posuit
582 2580 754 2612 Davisius.
955 2579 1028 2611 sub.
1061 2580 1167 2621 peric.
1203 2579 1430 2610 recordatione
1462 2579 1583 2619 laetior,
1621 2590 1667 2613 ex

178 2669 206 2701 C
227 2627 390 2657 Jnermes.
430 2625 500 2657 Alii
517 2627 652 2663 inermi,
669 2629 707 2656 ut
724 2624 766 2656 G.
787 2625 816 2663 l,
834 2625 888 2655 40.

211 2671 465 2746 ⁸}zntiegs’ric‘or.
508 2713 664 2746 Glossam
691 2713 758 2745 hoc
788 2710 888 2754 sapit.

182 2757 358 2790 Manutius
373 2758 469 2790 malit
481 2758 590 2799 legere
601 2760 736 2800 potitzm.

226 2805 288 2835 Est
314 2805 433 2836 laetitia
459 2803 620 2844 adfectas.
667 2802 730 2833 Illo
751 2799 890 2843 quidem

184 2853 340 2891 tempore
378 2859 457 2881 usus
494 2852 546 2879 est
579 2845 795 2882 nobilissima
832 2845 892 2880 illa

956 2622 1205 2655 emendatione.
1244 2623 1295 2654 Μ.
1341 2623 1552 2664 Praepostera
1588 2623 1668 2657 scil.

960 2668 1148 2709 Receptam
1171 2666 1356 2698 lectionem
1371 2666 1444 2708 jam
1462 2665 1616 2700 invenias
1632 2668 1668 2702 in

958 2713 1037 2744 cod.
1055 2711 1167 2752 Regio
1182 2716 1216 2742 et
1232 2711 1311 2742 edd.
1326 2718 1393 2742 vet.

1010 2758 1199 2788 Vinicium).
1248 2756 1299 2786 Ita
1322 2765 1445 2787 nomen
1463 2754 1495 2787 in
1511 2755 1620 2789 titulis
1635 2762 1671 2790 et

959 2800 1072 2832 numis
1087 2799 1220 2841 legitur.
1271 2800 1406 2831 Viniciae
1420 2800 1533 2842 gentis
1546 2812 1670 2834 numos

959 2844 993 2878 in
1021 2843 1268 2878 Consularibus
1293 2843 1419 2879 videsis
1451 2845 1545 2889 apud
1575 2846 1670 2884 Vail-
