1946 3261
795 506 857 557 A.
922 505 1238 560 HIRTII

972 681 1034 711 DE

394 808 811 877 BELLO
892 809 1635 881 AFRICANO*

698 1036 887 1083 LIBER
919 1036 1329 1083 SINGULARIS.

838 1358 1192 1390 ARGUMENTUM.

271 1431 356 1470 Cap.
386 1429 414 1459 l.
445 1427 560 1460 Caesar
584 1423 618 1457 in
646 1423 798 1457 Africam
829 1424 1009 1467 profectus.
1057 1425 1156 1455 2-6.
1181 1424 1403 1456 Adrumetum
1431 1423 1551 1456 frustra
1577 1428 1691 1459 tentat.
1714 1426 1758 1459 ad

316 1471 507 1514 Ruspinam
530 1476 640 1503 castra
650 1470 752 1501 locat.
800 1471 832 1501 7.
856 1468 908 1500 Illi
926 1468 1043 1510 Leptis
1068 1478 1103 1500 se
1123 1468 1230 1507 dedit,
1254 1479 1324 1509 quo
1350 1471 1383 1499 8.
1418 1468 1554 1501 Auxilia
1578 1478 1758 1503 convocat.

311 1519 432 1550 9—11.
457 1517 507 1547 De.
523 1516 693 1547 frumento
720 1514 787 1545 sibi
805 1512 982 1554 prospicit.
1033 1515 1170 1544 12—19.
1195 1513 1283 1544 Cum
1300 1512 1453 1544 Labieno
1470 1513 1659 1555 aliquoties
1675 1526 1758 1547 con-

315 1561 413 1603 fligit.
459 1563 513 1592 20.
531 1562 584 1591 21.
613 1559 650 1590 ln
673 1558 790 1590 castris
813 1558 857 1589 ad
885 1556 1075 1598 Ruspinam
1099 1556 1220 1597 copias
1247 1562 1360 1598 auget,
1386 1567 1491 1595 arma,
1507 1557 1635 1589 victum
1652 1565 1757 1601 parat.

314 1610 369 1637 22.
387 1607 440 1636 23.
476 1602 629 1641 Catonis,
642 1602 751 1634 Uticae
783 1601 941 1634 Praesidis
957 1601 1092 1633 hortatu
1111 1599 1299 1642 Pompeius
1313 1600 1404 1631 filius
1418 1600 1673 1642 Mauritaniam,
1690 1604 1761 1635 Bo-

310 1649 408 1691 dugis
422 1650 592 1690 Regnum,
607 1647 748 1678 invadit.
773 1648 940 1678 Ascurum
956 1645 1076 1677 frustra
1091 1644 1236 1676 obsidet.

268 1697 353 1737 Cap.
372 1696 426 1725 24.
449 1692 582 1734 Scipio,
614 1691 785 1723 Labienus
808 1696 842 1721 et
871 1690 1027 1721 Petreius
1052 1689 1170 1730 copias
1191 1689 1348 1731 jungunt.
1393 1688 1505 1721 Caesar
1518 1690 1613 1731 gravi
1628 1701 1760 1724 annona

308 1739 454 1770 laborat.
499 1741 555 1768 25.
579 1735 706 1767 Jubam
733 1736 876 1776 Regem,
903 1733 973 1765 suis
997 1732 1128 1765 auxilio
1155 1744 1339 1775 egressum,
1356 1732 1459 1765 Sitius
1482 1742 1515 1765 et
1533 1735 1607 1766 Rex
1623 1735 1760 1768 Bochus

309 1782 432 1814 reverti
445 1786 583 1822 cogunt.
629 1781 683 1811 26.
705 1778 818 1810 Caesar
842 1779 885 1809 de
913 1779 1061 1809 adventu
1089 1789 1151 1809 suo
1177 1779 1276 1809 Afros
1302 1778 1465 1809 certiores
1492 1778 1611 1818 reddit,
1626 1780 1756 1812 auxilia

309 1832 416 1869 parat·
463 1828 518 1857 27.
541 1823 660 1866 Scipio
690 1824 893 1866 elephantos
909 1822 1156 1854 condocefacit.
1201 1824 1257 1853 28.
1280 1822 1394 1853 Titios
1407 1823 1534 1861 fratres,
1555 1833 1576 1854 a
1606 1823 1754 1865 Virgilio

308 1876 440 1913 captos,
456 1869 577 1912 Scipio
591 1868 750 1901 trucidat.
794 1870 850 1899 29.
874 1867 1012 1908 Leptim
1037 1867 1155 1898 frustra
1179 1866 1357 1908 obpugnat
1380 1865 1563 1898 Labienus.
1611 1871 1753 1900 30—32.

308 1917 463 1957 Pugnam
477 1925 555 1946 cum
572 1912 735 1955 Scipione.
750 1911 837 1943 vitat
851 1911 976 1943 Caesar.
1020 1912 1172 1943 Gaetulos
1188 1910 1221 1942 in
1238 1916 1351 1951 partes
1365 1921 1441 1942 suas
1452 1910 1555 1942 trahit
1569 1911 1755 1945 Numidas-

308 1970 387 2001 que.
433 1961 487 1991 33.
511 1957 648 1990 Achilla
672 1956 810 1988 civitate
837 1955 870 1988 in
896 1955 1103 1987 deditionem
1132 1961 1272 1996 recepta
1288 1965 1309 1986 a
1333 1954 1463 1986 Messio
1483 1961 1517 1986 et
1533 1957 1586 1987 34.
1608 1956 1753 1989 Cercina

311 2004 422 2036 insula
446 2013 467 2034 a
495 2001 668 2039 Sallustio,
698 2002 868 2032 frumento
889 1999 1098 2041 auxiliisque
1114 2000 1227 2031 Caesar
1250 2004 1402 2040 augetur.
1449 2003 1501 2031 35.
1526 1999 1662 2032 Gaetuli.
1679 2002 1754 2034 Sci-

309 2047 424 2089 pionis
451 2046 699 2088 speculatores,
726 2045 816 2086 apud
842 2045 1009 2076 Caesarem
1034 2049 1216 2075 remanent.
1241 2042 1343 2074 Multi
1371 2044 1444 2085 ejus
1465 2043 1574 2084 gentis
1600 2045 1643 2075 ad
1671 2056 1752 2078 eum

306 2097 494 2129 transeunt,
539 2092 591 2120 36.
613 2089 735 2120 Tisdr'a
755 2089 884 2130 legatos
895 2090 936 2120 de
952 2088 1126 2120 deditione
1140 2088 1182 2119 ad
1209 2097 1288 2118 eum
1306 2086 1420 2118 mittit.
1453 2087 1558 2119 Sitius
1571 2090 1751 2122 castellum

309 2135 344 2167 in
360 2134 525 2167 Numidia
537 2133 572 2165 vi
587 2139 770 2174 expugnat.

265 2183 353 2222 Cap.
369 2181 510 2211 37—-42,
545 2179 596 2209 Ad
625 2177 815 2218 Ruspinam
842 2177 955 2209 Caesar
977 2182 1012 2207 et
1036 2175 1153 2218 Scipio
1180 2176 1342 2208 dimicare
1367 2181 1499 2208 tentant
1521 2186 1583 2209 nec
1613 2179 1752 2211 audent.

308 2227 364 2256 43.
386 2222 572 2256 Considius
586 2221 731 2253 Achillae
754 2221 970 2253 obsidionem
984 2221 1123 2260 deserit;
1149 2222 1370 2253 Adrumetum
1386 2231 1421 2252 se
1436 2220 1571 2263 recipit.
1609 2225 1751 2255 44—46.

308 2270 424 2301 Naves
436 2266 580 2300 Caesaris
594 2266 639 2297 ab
662 2265 820 2297 hostibus
836 2266 1045 2306 interceptae.
1093 2265 1274 2297 Veteiauos
1290 2270 1421 2307 captos,
1439 2264 1610 2297 incassum
1626 2267 1754 2299 sollici-

305 2318 405 2351 tatos,
426 2311 513 2344 caedi
538 2310 635 2354 jubet
659 2309 787 2352 Scipio.
834 2312 888 2341 47.
913 2309 1020 2341 Saxea
1041 2309 1203 2351 grandine
1228 2310 1413 2352 subitoque
1434 2308 1542 2341 imbre
1566 2309 1751 2344 Caesariani

307 2362 483 2389 vexantur.
527 2355 680 2387 Pilorum
696 2353 875 2386 cacumina
888 2355 1014 2385 ardent.

266 2403 352 2443 Cap.
370 2404 425 2433 48.
448 2399 540 2431 Juba
555 2401 598 2431 ad
615 2398 811 2441 Scipionem
827 2398 960 2431 auxilia
976 2397 1125 2430 adducit.
1171 2400 1315 2431 49—52.
1343 2397 1456 2430 Caesar
1483 2409 1589 2440 prope
1615 2399 1749 2432 Uzitam

307 2456 387 2477 cum
403 2445 501 2476 hoste
517 2455 677 2486 prospere
692 2449 830 2486 pugnat.
874 2446 929 2476 53.
951 2441 1122 2483 Legiones
1143 2454 1234 2475 nona
1256 2449 1290 2475 et
1304 2443 1437 2475 decima
1453 2454 1496 2474 ex
1513 2442 1630 2475 Sicilia
1646 2444 1748 2476 adve-

306 2489 416 2521 niunt.
461 2491 514 2520 54.
538 2487 705 2520 Militares
719 2488 902 2520 Praefectos
916 2498 994 2518 cum
1008 2487 1173 2519 dedecore
1197 2488 1242 2519 ab
1269 2487 1418 2519 exercitu
1447 2492 1599 2519 removet
1625 2487 1750 2520 Caesar.

308 2538 362 2565 55.
378 2533 503 2564 Contra
517 2533 667 2564 Gaetulos
681 2532 908 2564 desciscentes
922 2531 1013 2562 Juba
1029 2538 1158 2572 partem
1172 2532 1341 2563 exercitus
1357 2531 1391 2563 in
1409 2533 1565 2573 Regnum
1593 2531 1748 2564 remittit.

309 2579 432 2616 56,57.
453 2576 635 2609 Caesariani
664 2587 743 2607 cum
769 2575 944 2617 Scipionis
975 2575 1144 2607 militibus
1173 2577 1434 2617 conloquuntur.
1483 2574 1644 2617 Aquinio,
1668 2587 1748 2608 cum

308 2623 449 2654 Saserna
476 2620 722 2659 confabuland,
752 2619 928 2652 silentium
957 2619 1089 2661 inponit
1117 2620 1223 2652 Juba.
1261 2622 1402 2652 58—64.
1442 2620 1528 2651 Inter
1557 2619 1692 2651 Uzitam
1716 2626 1751 2652 et

305 2667 527 2699 Adrumetum
555 2664 649 2696 varia
678 2664 791 2696 statim
820 2665 955 2696 fortuna
980 2671 1146 2706 pugnatur
1156 2676 1166 2703 3
1199 2665 1332 2695 tandem
1355 2663 1465 2695 victor
1496 2663 1610 2695 evadit
1623 2663 1750 2696 Caesar.

307 2713 450 2742 65—73.
472 2708 710 2741 Frumentandi
726 2708 837 2740 studio
854 2708 1044 2740 dimicatur.
1075 2709 1192 2740 Zetam
1208 2708 1320 2740 Caesar
1336 2708 1440 2749 capit.
1456 2719 1548 2746 suos,
1561 2719 1629 2750 quo
1644 2710 1748 2741 modo

306 2760 423 2796 contra
436 2754 637 2797 elephantos
651 2753 878 2795 pugnandum,
893 2754 1004 2785 docet.
1030 2754 1084 2785 74.
1111 2753 1264 2785 Vaccam
1280 2752 1461 2794 oppidum,
1477 2752 1604 2786 Caesari
1619 2753 1747 2794 favens,

530 2849 552 2871 ὓ
578 2850 631 2882 De
646 2848 728 2882 bello
746 2847 914 2890 Africano.
952 2846 1048 2880 Alias
1065 2847 1191 2890 Africo,
1212 2850 1248 2879 ut
1263 2845 1303 2878 C.
1321 2849 1353 2885 2,
1371 2849 1425 2878 32.
