1946 3261
559 167 678 212 LIB.
712 167 819 213 VII.
880 169 1021 213 ΟΑΡ.
1051 167 1243 213 56-58.
1574 170 1654 214 199

168 299 306 350 atque
325 292 374 338 iis
392 292 656 353 legionibus,
690 313 797 355 quas
826 297 911 340 una
938 297 1130 347 miserat,
1148 296 1430 355 vehementer
1448 295 1651 340 timebat.

170 351 343 410 Itaque,
365 354 601 398 admodum
622 357 787 415 magnis
805 355 974 399 diurnis
999 364 1133 413 atque
1166 357 1390 400 nocturnis
1421 352 1654 401 itineribus

168 412 391 463 confectis,
412 422 565 457 contra
597 416 789 459 omnium
817 415 1065 474 opinionem
1100 414 1156 457 ad
1193 415 1386 473 Ligerim
1417 416 1651 475 pervenit}

168 469 369 529 vadoque
389 489 469 531 per
488 473 656 530 equite·
673 475 867 525 invento,
898 490 981 533 pro
1017 473 1081 516 rei
1109 475 1358 518 necessitate
1378 476 1650 534 obpor‘tu'nd,

169 537 219 571 ut
241 531 419 573 brachia
438 533 566 574 modo
587 541 720 589 atque
735 533 902 576 humeri
925 534 979 576 ad
1010 533 1260 577 sustinenda
1291 550 1412 576 arma
1435 535 1563 577 liberi
1592 535 1653 577 ab

166 603 282 646 aqua
321 606 409 632 esse
451 600 641 648 possent,
692 593 903 650 disposito
943 591 1164 649 equitatu,
1213 592 1288 649 qui
1329 593 1417 634 vim
1462 589 1650 637 fluminis

166 647 444 705 refringeret,
485 658 621 707 atque
666 649 860 693 hostibus
911 652 1054 708 primo
1103 651 1312 709 adspectu
1362 653 1651 709 perturbatis,

166 706 409 750 incolumen
440 709 678 751 exercitum
706 710 978 752 transduxit:
1012 710 1374 768 frumentumque
1397 710 1441 753 in
1462 712 1578 769 agris
1607 718 1653 755 et

164 765 334 823 pecoris
367 767 538 824 copiam
574 778 742 818 nactuS‚
779 769 950 827 repleto
987 768 1035 810 iis
1069 769 1202 810 rebus
1239 769 1453 819 exercitu,
1491 771 1575 813 iter
1608 770 1652 813 in

166 825 355 868 Senonas
373 826 514 868 facere
534 826 735 869 instituit.

219 884 290 926 57.
325 885 445 928 Dum
474 884 562 928 haec
590 885 712 944 apud
735 886 948 928 Caesarem
977 893 1211 943 geruntur,
1233 885 1452 928 Labienus
1480 900 1531 929 eo
1551 889 1651 931 sub-

162 942 399 1001 plemento,
416 944 537 1002 quod
560 961 703 1003 nuper
720 962 773 987 ex
794 944 922 987 Italia
942 954 1139 993 venerat,
1166 945 1322 987 relicto
1343 945 1574 1003 Agendici,
1599 955 1650 990 ut

159 1010 270 1045 esset
288 1003 594 1061 inpedimentis
612 1005 827 1062 praesidiO,
844 1020 941 1046 cum
958 1012 1151 1061 quatuor
1170 1004 1412 1062 legionibus
1429 1004 1653 1049 Lutetiam

195 1061 468 1105 roficiscitur.
532 1062 585 1105 Id
606 1072 669 1106 est
691 1063 908 1121 oppidum
931 1062 1212 1113 Parisiorum,
1235 1063 1427 1120 positum
1448 1064 1491 1107 in
1512 1065 1654 1108 insula.-

160 1077 347 1164 {uminis
389 1123 617 1179 Sequanae.
702 1123 840 1181 Cujus
885 1123 1075 1165 adventu
1118 1123 1174 1164 ab
1216 1121 1416 1165 hostibus
1456 1124 1657 1182 cognito,-

162 1196 329 1238 magnae
349 1197 403 1224 ex
423 1181 630 1224 finitumis
653 1181 906 1224 civitatibus
929 1181 1065 1239 copiae
1092 1189 1402 1225 convenerunt.
1467 1183 1650 1226 Summa

159 1238 329 1296 imperii
371 1240 612 1282 transditur
652 1241 953 1296 Camulogeno
993 1239 1202 1289 Aulerco,
1243 1240 1336 1297 qui,
1376 1257 1518 1299 prope
1549 1257 1653 1286 con-¹

158 1297 299 1340 fectus
319 1306 463 1346 aetate,
482 1306 626 1339 tamen
648 1305 832 1354 propter
847 1297 1113 1354 singularem
1129 1300 1354 1341 scientiam
1369 1300 1433 1340 rei
1450 1301 1654 1345 militaris

158 1357 215 1400 ad
233 1373 331 1399 eum
351 1364 417 1398 est
436 1355 645 1398 honorem
664 1363 883 1398 evocatus.
949 1354 989 1396 Is
1010 1370 1147 1412 quum
1165 1355 1358 1398 animum
1373 1355 1647 1413 advertisset,-

160 1424 421 1475 perpetuam
441 1431 531 1458 esse
551 1413 774 1473 paludem,
796 1430 894 1471 quae
925 1413 1125 1456 influeret
1158 1413 1202 1457 in
1235 1414 1483 1472 Sequanam
1514 1426 1650 1474 atque

156 1475 284 1519 illum
304 1490 474 1518 omnem
493 1474 638 1516 locum
659 1488 923 1531 magnopere
949 1472 1186 1530 inpediret,
1215 1471 1286 1516 hic
1315 1473 1515 1517 consedit
1550 1491 1647 1520 nos-

160 1542 338 1591 trosque
359 1532 546 1576 transitu
569 1532 804 1591 prohibere
826 1531 1030 1574 instituit.

215 1594 287 1636 58.
323 1592 540 1635 labienus
573 1592 714 1649 primo
744 1591 888 1633 vineas
921 1607 1067 1649 agere,
1100 1590 1297 1633 cratibus
1324 1598 1460 1649 atque
1485 1607 1647 1652 aggere

155 1652 360 1711 paludem
388 1651 564 1710 explere
597 1659 730 1708 atque
761 1650 845 1693 iter
875 1651 1045 1693 munire
1084 1650 1342 1693 conabatur.
1409 1650 1647 1710 Postquam·

156 1711 202 1755 id
234 1711 454 1755 difficilius
495 1709 670 1754 confieri
704 1708 1031 1759 animadvertit,
1067 1709 1240 1752 silentio
1273 1725 1297 1751 e
1330 1710 1480 1751 castris
1513 1712 1647 1755 tertia

156 1770 308 1830 vigilia
346 1786 557 1830 egressus,
594 1769 761 1821 eodem,
807 1785 896 1827 quo
927 1777 1119 1821 venerat,
1151 1768 1307 1811 itinere
1351 1768 1646 1814 Melodunum

155 1829 372 1890 pervenit.
447 1829 500 1873 Id
540 1837 603 1872 est
643 1829 857 1888 oppidum
897 1829 1133 1880 Senonum,
1171 1828 1214 1870 in
1252 1827 1391 1870 insula
1432 1829 1649 1886 Sequanae

154 1889 361 1949 positum,
403 1898 454 1932 ut
492 1889 642 1948 paullo
683 1897 785 1932 ante
827 1888 1048 1931 Lutetiam
1084 1887 1284 1930 diximus.
1349 1887 1649 1947 Deprehensi&

153 1950 338 1993 navibus
373 1948 548 1992 circiter
582 1949 620 1991 L
655 1949 947 2006 celeriterque
977 1947 1232 2006 conjunctis,
1274 1954 1409 2003 atque
1442 1963 1496 1990 eo
1532 1949 1644 1992 mili-

154 2009 273 2051 tibus
310 2008 525 2067 inpositiS,
563 2016 608 2051 et
641 2008 703 2051 rei
741 2008 934 2051 novitate
971 2006 1215 2066 perterritis
1250 2005 1493 2065 oppidanis,
1531 2022 1642 2064 quo-

154 2083 254 2111 rum
283 2083 441 2126 magna
473 2083 574 2126 pars
601 2076 696 2111 erat
727 2068 783 2111 ad
819 2067 985 2111 bellum
1016 2074 1212 2115 evocata,
1243 2066 1330 2109 sine
1360 2066 1640 2122 contentione

151 2126 527 2186 oppidopotitur.
590 2127 774 2170 Refecto
810 2136 960 2186 ponte,
993 2142 1124 2185 quem
1157 2124 1455 2184 superioribus
1483 2125 1643 2170 diebus-

150 2185 295 2230 hostes
325 2186 606 2236 rese-iderant,
633 2187 872 2230 exercitum
904 2185 1148 2229 transducit
1180 2193 1225 2227 et
1252 2184 1441 2228 secundo
1461 2184 1640 2229 flumine

974 2316 1206 2358 Subplemento
1215 2315 1328 2348 relicto
1340 2314 1511 2357 Aqerulici.
1541 2316 1633 2357 Ergo

155 2317 322 2358 adjuncto,
341 2315 376 2348 id
405 2316 482 2358 quis
499 2326 566 2348 non
583 2315 678 2347 videt
694 2317 863 2349 detortum

925 2361 1052 2399 Caesar,
1067 2359 1269 2401 adLigerim
1280 2369 1430 2398 versans,
1444 2359 1634 2400 nesciebat,

154 2371 228 2393 esse
239 2371 282 2392 ex
293 2361 447 2402 abiuncto
458 2364 473 2392 .>
502 2361 658 2403 Reliquae
669 2361 862 2399 varietates,

156 2406 289 2438 adt-icto
318 2406 360 2437 L.
388 2413 447 2438 aut
475 2417 499 2438 a
526 2406 688 2445 Labieno,
722 2412 780 2438 aut
809 2408 857 2438 ad

156 2449 345 2481 Labienum
359 2458 402 2482 ne
413 2449 566 2482 annotari
575 2449 715 2491 quidem
726 2461 858 2482 meren-

153 2499 218 2525 tur.
244 2493 355 2535 Vulgo
380 2495 525 2536 adjunqt'
539 2494 573 2526 in
588 2495 665 2526 edd.
681 2501 857 2537 receptum

150 2543 214 2570 est.
246 2539 296 2570 M.
341 2538 463 2578 Morus
490 2539 674 2571 lectionem
705 2539 794 2571 Oud.
821 2539 854 2571 in

153 2588 246 2614 textu
261 2588 410 2614 servarat
421 2594 431 2622 3
444 2582 630 2624 rejicienda
640 2590 728 2623 erat,
741 2584 858 2626 rejeci.

156 2626 244 2658 Vide
259 2632 376 2658 notata
389 2627 431 2658 ad
445 2637 522 2668 cap.
535 2636 605 2668 seq.

199 2672 307 2713 Atque
322 2674 365 2702 iis
377 2672 570 2713 leffiom‘bm.
608 2670 661 2702 Cf.
677 2681 708 2703 c.
725 2673 779 2703 34.
796 2671 856 2703 ubi

151 2721 297 2756 quatuor
311 2714 462 2756 legiones
479 2715 512 2745 in
526 2716 676 2747 Senones
693 2715 860 2747 Parisios-

148 2768 216 2801 que
237 2760 406 2792 ducendae
421 2759 576 2791 Labieno
591 2760 677 2791 datae
689 2759 859 2792 dicuntur.

201 2849 366 2882 Timebat.
409 2847 463 2880 Sic
490 2857 611 2879 omnes
635 2849 735 2880 codd.
763 2849 854 2892 Ergo

150 2893 339 2933 vulgatum,
366 2893 530 2935 cupiebat,
551 2898 603 2924 est
628 2903 670 2924 ex
693 2894 856 2925 emenda-

148 2935 244 2968 tione
256 2937 495 2977 recentiorum,
517 2943 556 2970 ut
577 2938 683 2981 paulo
696 2943 776 2971 ante
791 2939 855 2970 ad-

139 2982 259 3023 junye'.
290 2983 342 3015 M.

925 2405 1129 2445 Labienum,
1143 2405 1190 2437 ab
1202 2415 1244 2436 eo
1258 2410 1440 2443 remotum,
1452 2403 1634 2446 reliquisse

926 2451 950 2480 A
956 2449 1090 2491 gendici
1119 2449 1300 2491 copiarum
1329 2453 1458 2490 partem
1475 2460 1484 2488 3
1521 2458 1630 2489 neque

921 2495 1010 2526 adeo
1024 2493 1137 2536 potuit
1148 2493 1324 2535 Agendico
1338 2493 1473 2531 timere,
1483 2497 1520 2523 ut
1528 2490 1630 2524 Ciue-

921 2539 1041 2571 conius
1054 2549 1085 2571 e.
1104 2538 1227 2580 selegi
1244 2537 1365 2569 voluit.
1389 2537 1442 2568 M.

968 2586 1128 2615 Animum
1139 2580 1410 2615 adve1·tisset.a1ii
1421 2578 1626 2612 advertisset.

966 2628 1201 2659 Melodunum.
1266 2625 1322 2658 Sic
1358 2625 1461 2656 codd.
1496 2633 1628 2655 omnes.

923 2671 1143 2713 Scaligmmn,
1168 2670 1227 2713 qui
1246 2670 1465 2702 Metiosedum
1479 2667 1546 2709 legi
1562 2678 1626 2699 vo-

921 2716 997 2755 luit,
1025 2715 1218 2758 inprobavit
1244 2712 1412 2745 CeIlarius
1438 2712 1480 2743 ad
1496 2712 1574 2743 h.1.
1589 2717 1625 2744 et

921 2761 954 2792 in
981 2771 1085 2802 opere
1112 2758 1344 2801 geographico
1365 2757 1408 2787 T.
1428 2756 1458 2786 l.
1474 2756 1517 2788 L.
1531 2759 1564 2795 2,
1588 2760 1623 2788 2.

920 2806 973 2836 M.
995 2805 1078 2837 Scil.
1090 2804 1312 2836 Mecotlunum
1322 2806 1391 2832 erat
1402 2810 1439 2831 su
1444 2804 1502 2841 pra
1517 2800 1624 2833 Lute-

919 2849 1003 2881 tiam
1019 2849 1053 2880 in
1068 2847 1281 2886 Senonibus3
1305 2845 1525 2878 Metiosedum
1535 2841 1626 2879 infra

921 2893 955 2926 in
972 2893 1125 2926 Parisiis.
1148 2892 1237 2923 Vide
1251 2896 1321 2922 not.
1333 2891 1378 2922 ad
1392 2900 1427 2923 c.
1443 2891 1498 2922 61.
1596 2892 1599 2895 “

967 2939 1133 2982 Inpositis.
1144 2935 1206 2970 atii
1220 2937 1356 2980 injectis.
