1946 3261
647 198 766 245 LIB.
800 199 907 246 VII.
969 200 1108 245 CAP.
1139 200 1329 245 39-43.
1642 201 1717 245 191

293 326 366 369 41.
400 327 562 379 Caesar,
583 328 748 372 nunciis
768 327 825 371 ad
854 328 1079 372 civitatem
1107 328 1353 372 AEduorum
1374 328 1525 379 missis,
1547 327 1626 387 qui
1646 345 1724 373 suo

238 386 447 431 beneficio
487 397 760 431 conservatos
796 387 1021 437 docerent,
1059 403 1169 444 quos
1203 389 1301 446 jure
1342 388 1449 432 belli
1491 387 1724 431 interficite

239 446 465 504 potuisset,
489 448 717 504 tribusque
739 446 856 490 horis
883 446 1020 489 noctis
1042 447 1254 489 exercitui
1283 447 1339 489 ad
1373 448 1565 504 quietem
1594 446 1726 500 datis,

239 514 381 548 castra
401 507 456 549 ad
480 506 749 564 Gergoviam
779 505 930 549 movit.
982 504 1133 548 Medio
1155 505 1245 548 fere
1279 505 1433 549 itinere
1463 507 1649 563 equites,
1669 507 1728 550 ab

242 563 380 607 Fabio
401 564 534 614 missi,
553 572 719 622 quanto
742 580 810 607 res
831 564 874 607 in
896 564 1094 623 periculo
1131 563 1282 615 fuerit,
1304 574 1545 623 exponunt
1565 581 1574 615 ;
1613 581 1728 608 sum-

241 623 320 665 mis
360 623 495 680 copiis
537 632 679 665 castra
720 624 975 682 obpugnata
1012 622 1346 672 demonstrant3
1394 639 1531 680 quum
1572 625 1728 668 crebro

240 682 401 740 integri
417 681 591 724 defessis
614 682 897 725 succederent
920 692 1177 739 nostrosque
1199 681 1380 725 adsiduo
1402 682 1553 725 labore
1573 683 1730 726 defati-

242 748 413 798 garent,
437 740 596 797 quibus
630 749 815 799 propter
849 741 1193 800 magnitudinem
1232 749 1475 783 castrorum
1516 751 1732 800 perpetuo

241 808 350 842 esset
371 799 530 843 eisdem
552 800 596 842 in
617 799 733 843 vallo
756 801 1099 859 permanendum
1119 816 1130 849 ;
1161 800 1444 843 multitudine
1468 800 1732 859 sagittarum

242 866 376 916 atque
427 859 542 902 omni
573 874 732 917 genere
770 859 958 902 telorum
997 860 1158 902 multos
1209 859 1485 902 vulneratos:
1539 859 1594 902 ad
1643 858 1732 903 haec

241 917 491 961 sustinenda
528 933 684 977 magno
728 918 825 960 usui
872 918 1000 961 fuisse
1041 926 1289 962 tormenta:
1338 918 1524 962 Fabium
1545 918 1734 962 discessu

243 990 410 1027 eorum,
433 977 600 1021 duabus
624 977 787 1020 relictis
822 978 975 1036 portis,
1006 979 1235 1021 obstruere
1271 986 1437 1020 ceteras
1471 979 1733 1036 pluteosque

244 1036 361 1079 vallo
381 1035 542 1080 addere
562 1044 608 1079 et
626 1053 669 1079 se
691 1037 734 1079 in
757 1046 979 1095 posterum
1002 1037 1116 1080 diem
1134 1037 1313 1080 similem
1331 1037 1384 1080 ad
1403 1053 1547 1080 casum
1563 1053 1733 1096 parare.

246 1094 331 1138 His
352 1096 481 1139 rebus
502 1096 702 1154 cognitis,
723 1096 868 1139 Caesar
888 1112 1055 1139 summo
1075 1097 1220 1140 studio
1237 1097 1428 1140 militum
1457 1106 1558 1141 ante
1586 1105 1736 1140 ortum

245 1154 345 1198 solis
366 1155 410 1198 in
431 1163 573 1198 castra
596 1155 809 1213 pervenit.

304 1214 376 1256 42.
418 1215 536 1258 Dum
572 1213 662 1257 haec
695 1214 750 1257 ad
790 1214 1055 1273 Gergoviam
1103 1224 1332 1274 geruntur,
1382 1214 1532 1267 AEdui,
1586 1215 1738 1274 primis

248 1273 414 1316 nunciis
436 1274 492 1317 ab
517 1273 713 1317 Litavico
749 1275 954 1332 acceptis,
993 1275 1162 1317 nullum
1192 1275 1273 1318 sibi
1295 1274 1351 1318 ad
1388 1275 1738 1333 cognoscendum

247 1332 439 1390 spatium
477 1332 746 1390 relinquunt.
811 1332 992 1391 Inpellit
1023 1334 1129 1376 alios
1159 1334 1358 1386 avaritia,
1383 1334 1489 1376 alios
1511 1333 1738 1377 iracundia

249 1399 295 1434 et
317 1391 552 1442 temeritas,
575 1407 673 1448 quae
694 1391 879 1434 maxime
899 1391 963 1434 illi
986 1391 1207 1435 hominum
1229 1393 1377 1451 generi
1401 1401 1468 1434 est
1489 1392 1655 1442 innata,
1688 1401 1740 1435 ut

249 1450 390 1493 levem
411 1450 679 1493 auditionem
710 1449 899 1493 habeant
930 1467 1010 1509 pro
1042 1468 1088 1493 re
1120 1460 1358 1510 comperta.
1423 1451 1546 1494 Bona
1578 1452 1740 1494 civium

251 1509 547 1552 Romanorum
568 1508 800 1567 diripiunt,
822 1509 958 1552 caedes
980 1511 1160 1562 faciunt,
1198 1510 1240 1553 in
1280 1510 1534 1553 servitutem
1572 1512 1739 1554 abstra-

249 1567 375 1611 hunt.
439 1568 637 1625 Adjuvat
669 1584 758 1610 rem
783 1569 1068 1626 proclinatam
1094 1569 1455 1612 Convictolitanis
1478 1570 1742 1628 plebemque

252 1626 309 1670 ad
347 1626 540 1670 furorem
586 1626 778 1685 inpellit,
819 1636 884 1675 ut,
940 1627 1131 1671 facinore
1172 1627 1373 1677 admisso,
1414 1628 1470 1669 ad
1512 1629 1742 1671 sanitatem

285 1685 415 1728 udeat
451 1686 628 1729 reverti.
694 1686 760 1727 M.
788 1686 1000 1729 Aristium
1041 1687 1288 1730 Tribunum
1328 1687 1532 1737 militum,
1570 1687 1654 1730 iter
1684 1687 1743 1730 ad

252 1703 467 1804 legionem
495 1744 740 1794 facientem,
774 1745 877 1787 data
899 1745 982 1788 fide
1004 1763 1056 1789 ex
1078 1745 1244 1805 oppido
1267 1746 1502 1790 Cabillono
1518 1746 1709 1790 educunt
1729 1762 1738 1788 :

252 1805 363 1848 idem
400 1805 540 1847 facere
581 1812 746 1861 cogunt
783 1820 870 1853 eos,
904 1804 981 1863 qui
1018 1806 1269 1863 negotiandi
1309 1822 1456 1848 caussa
1489 1806 1551 1848 ibi
1588 1806 1745 1850 consti-

251 1871 410 1907 terant.
487 1863 582 1905 Hos
620 1863 828 1906 continuo
860 1864 902 1905 in
954 1862 1106 1909 itinere
1143 1865 1301 1918 adorti,
1341 1865 1540 1907 omnibus
1583 1865 1746 1924 inpedi-

253 1923 408 1966 mentis
458 1932 654 1971 exuunt;
708 1931 1003 1981 repugnantes
1046 1924 1161 1966 diem
1204 1934 1463 1982 noctemque
1512 1924 1743 1974 obsident;

252 1982 400 2025 multis
423 1982 646 2040 utrimque
676 1981 929 2033 interfectis,
965 1984 1171 2042 majorem
1201 1983 1525 2026 multitudinem
1548 1984 1602 2026 ad
1622 2000 1744 2027 arma

254 2049 489 2084 concitant.

313 2101 384 2142 43.
420 2099 599 2142 Interim
616 2099 771 2142 nuncio
786 2099 951 2150 adlato,
968 2117 1112 2144 omues
1127 2117 1278 2143 eorum
1291 2100 1450 2143 milites
1464 2101 1507 2144 in
1526 2111 1744 2160 potestate

257 2158 437 2203 Caesaris
459 2158 613 2207 teneri,
629 2169 896 2202 concurrunt
913 2159 970 2202 ad
992 2160 1205 2202 Aristium
1223 2177 1232 2205 :
1256 2159 1361 2203 nihil
1378 2161 1558 2219 publico
1579 2161 1743 2205 factum

256 2218 434 2262 consilio
456 2218 788 2267 demonstrant;
822 2219 1102 2276 quaestionem
1138 2219 1191 2261 de
1228 2220 1351 2262 bonis
1383 2219 1567 2278 direptis
1597 2221 1743 2264 decer-

257 2287 393 2325 nunt;
419 2277 605 2320 Litaviei
628 2277 903 2335 fratrumque
921 2279 1033 2321 bona
1059 2278 1287 2336 publicant
1308 2295 1317 2327 ;
1341 2279 1508 2337 legatos
1530 2279 1585 2322 ad
1607 2281 1743 2324 Caesa-

256 2351 349 2379 rem
380 2337 446 2379 sui
479 2335 700 2395 purgandi
737 2337 880 2394 gratia
911 2338 1109 2380 mittunt.
1175 2338 1281 2381 Haec
1303 2339 1467 2381 faciunt
1487 2355 1743 2398 recuperan-

255 2395 416 2439 dorum
443 2411 621 2438 suorum
654 2411 829 2438 caussa:
878 2396 970 2448 sed,
1004 2397 1283 2440 contaminati
1320 2398 1508 2441 facinore
1545 2408 1590 2441 et
1624 2401 1743 2458 capti

306 2509 350 2541 In
364 2508 514 2549 periculo
522 2507 640 2548 fuerit.
686 2506 809 2538 Clarke
835 2508 970 2549 praesert

258 2558 340 2585 esset
355 2563 374 2583 e
389 2552 613 2591 cod..Regio‚
637 2551 694 2583 sed
724 2561 792 2582 non
818 2563 970 2584 necesse.

261 2596 417 2638 Intellige
446 2596 553 2638 fuerit
584 2602 668 2634 tum,
702 2606 808 2637 quum
839 2597 970 2637 equites

262 2641 411 2673 dimissi.
475 2665 477 2667 >

308 2686 458 2721 Eisdem,
484 2682 668 2715 militibus.
714 2684 805 2725 Ergo
831 2695 897 2716 non
922 2686 971 2717 le-

262 2731 410 2771 gendum
428 2728 551 2760 eodem.

309 2775 408 2805 Omni
419 2783 540 2813 qenere
560 2771 616 2804 tel.
663 2771 718 2802 Sic
745 2773 845 2805 codd.
871 2773 972 2806 bene.

260 2817 323 2850 alii
338 2819 446 2850 omnis
463 2818 607 2857 qeneriS.

312 2864 506 2894 Tormenta.
555 2860 674 2891 Sinon
696 2861 898 2899 necessaria,
922 2862 972 2894 in-

263 2906 402 2947 geniosa
428 2911 542 2937 tamen
569 2908 620 2936 est
651 2905 843 2937 emendatio
866 2907 974 2939 Hoto-

263 2951 392 2992 manni,
408 2950 469 2995 qui
484 2954 634 2983 tomenta
649 2947 718 2991 legi
734 2950 843 2984 malit.
882 2951 976 2985 Con-

1037 2509 1145 2540 firmat
1161 2509 1239 2541 loco
1252 2511 1349 2542 valde
1366 2510 1487 2548 simili,
1504 2521 1523 2539 e
1539 2510 1637 2542 libris
1650 2512 1742 2542 deB.

1038 2553 1112 2585 Civ.
1130 2556 1162 2591 3,
1179 2558 1230 2585 44.
1249 2562 1336 2586 extr.
1352 2556 1402 2586 M.
1442 2554 1538 2585 Nihil
1555 2553 1609 2586 hic
1627 2555 1713 2586 sani.

1085 2599 1232 2630 Pluteos.
1249 2599 1402 2631 vid.1nd.
1419 2599 1469 2630 M.
1498 2600 1743 2639 Schutzbretem

1037 2643 1219 2675 mantelels.

1087 2687 1228 2718 Nunc-iis
1254 2689 1403 2728 acceptis.
1445 2688 1518 2718 Hos
1534 2687 1669 2720 miserat
1682 2688 1743 2721 Li·
1762 2674 1768 2678 ι

1038 2731 1179 2763 tavicus.
1196 2742 1227 2762 v.
1243 2742 1274 2762 c.
1292 2733 1333 2761 38
1348 2739 1430 2762 extr.
1456 2732 1506 2763 μη.

1087 2775 1257 2807 Habeant.
1293 2774 1360 2805 Alii
1380 2776 1516 2807 habent.
1553 2776 1607 2808 Sic
1623 2782 1662 2809 ut
1680 2777 1746 2809 erit

1038 2819 1236 2852 adverbium
1263 2818 1507 2851 similitudinis.
1555 2820 1666 2863 Vulgo
1683 2824 1746 2854 Iza-

1041 2865 1275 2939 bfflgubillono.
1304 2907 1397 2939 Male
1413 2907 1524 2940 Surita
1538 2909 1612 2941 vult
1629 2911 1747 2942 Cabel-

1041 2951 1229 3030 limgeigvid.
1246 2951 1391 2985 Wessel.
1411 2953 1456 2985 ad
1480 2954 1608 2987 Anton.
1630 2955 1748 2988 Itiner.

1044 3007 1081 3040 p.
1167 3019 1176 3028 .
