1946 3261
277 182 360 226 130
689 177 774 222 DE
805 175 1010 221 BELLO
1042 174 1338 220 GALLICO.

275 315 418 353 motus
443 304 598 348 Galliae
633 304 905 360 exstiterant,
939 313 1076 349 totam
1096 303 1281 348 hiemem
1316 303 1407 361 ipse
1437 300 1494 345 ad
1515 298 1751 344 exercitum

273 380 446 410 manere
485 363 692 407 decrevit.
757 365 872 408 Nam
911 363 987 407 illo
1027 363 1294 406 incommodo
1333 362 1387 404 de
1428 359 1577 403 Sabini
1611 365 1750 401 morte

275 423 462 484 perlato,
499 438 645 466 omnes
677 423 767 467 fere
799 423 954 467 Galliae
974 422 1169 466 civitates
1201 422 1254 465 de
1289 420 1406 464 bello
1427 417 1750 464 consultabant,

276 481 450 537 nuncios
481 481 805 540 legationesque
844 483 886 526 in
917 498 1060 525 omnes
1090 490 1235 541 partes
1259 479 1539 524 dimittebant
1554 486 1613 529 et,
1643 473 1751 533 quid

275 540 434 598 reliqui
454 541 618 584 consilii
645 550 852 600 caperent
885 550 1017 599 atque
1050 541 1164 584 unde
1198 539 1367 583 initium
1388 537 1492 582 belli
1512 536 1651 587 fieret,
1681 549 1753 577 ex-

305 599 508 643 lorabant
542 608 844 658 nocturnaque
881 601 924 644 in
960 600 1062 644 locis
1097 600 1277 643 desertis
1311 597 1490 641 concilia
1519 594 1753 638 habebant.

274 615 438 716 {leque
475 658 616 702 ullum
654 659 746 702 fere
782 660 917 703 totius
954 658 1103 702 hiemis
1137 669 1309 718 tempus
1337 658 1426 701 sine
1461 649 1755 699 sollicitudine

279 716 460 762 Caesaris
487 717 745 769 intercessit,
768 719 874 776 quin
894 718 1085 776 aliquem
1105 717 1161 761 de
1191 716 1382 761 conciliis
1414 731 1464 758 ac
1496 722 1620 757 motu
1652 708 1757 753 Gal-

275 767 421 820 lorum
461 777 666 821 nuncium
706 778 940 837 acciperet.
1005 777 1056 820 In
1089 777 1154 820 his
1187 777 1243 819 ab
1282 776 1333 819 L.
1372 774 1531 818 Roscio
1571 771 1758 828 Legatm

278 850 411 892 quem
441 835 605 895 legioni
636 835 749 880 XIII
783 837 1056 896 praefecerat,
1091 835 1254 880 certior
1286 844 1351 878 est
1391 834 1546 881 factus,
1582 842 1758 928 maqnae

280 894 515 938 Gallorum
534 896 680 955 copias
698 912 849 940 earum
870 896 1113 946 civitatum,
1129 911 1240 953 ·quae
1263 892 1504 937 Armoricae
1535 887 1668 948 adpel
1687 901 1760 954 an-

277 958 370 1012 tur,
403 954 525 1013 obpu
559 955 689 997 nandi
709 955 774 998 sui
807 971 952 998 caussa
984 955 1254 998 convenisse:
1291 967 1433 1010 neque
1451 948 1625 1008 longius
1643 945 1762 990 milia

280 1027 483 1072 passuum
551 1011 620 1055 III
643 1013 700 1057 ab
721 1013 914 1060 hibernis
945 1015 1030 1058 suis
1048 1014 1230 1063 afuisse;
1261 1011 1336 1055 sed
1358 1010 1515 1054 nuncio
1536 1007 1685 1050 adlato
1704 1003 1761 1046 de

278 1071 462 1114 victoria
497 1071 694 1124 Caesaris,
731 1073 982 1124 discessisse,
1021 1074 1148 1123 adeo,
1185 1081 1236 1115 ut
1257 1072 1372 1131 fugae
1390 1068 1536 1113 similis
1556 1066 1763 1109 discessus

277 1129 520 1173 videretur.

338 1189 410 1231 54.
445 1189 509 1231 At
524 1189 682 1241 Caesar,
702 1189 973 1250 principibus
992 1191 1200 1249 cuiusque
1215 1188 1402 1233 civitatis
1419 1186 1473 1230 ad
1496 1203 1539 1229 se
1560 1181 1764 1231 evocatis,

278 1245 381 1290 alias
415 1248 675 1299 territando,
714 1266 850 1307 quum
887 1267 930 1292 se
969 1241 1093 1299 scire,
1130 1266 1226 1308 quae
1256 1248 1429 1296 fierent,
1462 1242 1765 1290 denunciaret,

281 1305 383 1349 alias
406 1306 689 1357 cohortando,
729 1323 929 1366 magnam
964 1318 1133 1367 partem
1172 1307 1326 1350 Galliae
1357 1307 1399 1348 in
1434 1304 1575 1349 officio
1606 1299 1764 1344 tenuit.

282 1363 446 1407 Tamen
470 1366 674 1415 Senones,
706 1382 802 1423 quae
839 1376 903 1409 est
931 1368 1081 1410 civitas
1115 1368 1156 1410 in
1190 1366 1340 1425 primis
1373 1364 1496 1408 firma
1529 1370 1574 1405 et
1602 1374 1767 1418 magnae

279 1417 393 1465 inter
419 1423 568 1465 Gallos
601 1425 893 1476 auctoritatis,
934 1427 1214 1475 Cavarinum,
1237 1440 1367 1483 quem
1392 1424 1535 1467 Caesar
1555 1418 1676 1478 apud
1698 1433 1769 1460 eos

284 1480 454 1581 Repem
489 1483 791 1534 constituerat,
839 1484 980 1539 (cujus
1019 1486 1157 1530 frater
1182 1484 1467 1541 Moritasgus,
1509 1478 1703 1521 adventu
1725 1477 1770 1518 in

285 1540 354 1581 Ga
375 1539 476 1583 liam
509 1542 706 1591 Caesaris‚
742 1546 953 1599 cujusque
985 1540 1166 1596 majores
1208 1543 1415 1595 Regnum
1452 1535 1772 1589 obtinuerant‚)

282 1597 527 1640 interficere
550 1599 730 1654 publico
753 1598 927 1641 consilio
950 1597 1109 1645 conati,
1145 1611 1281 1651 quum
1315 1593 1399 1636 ille'
1411 1595 1700 1653 praesensisset
1720 1607 1770 1633 ac

283 1655 565 1715 profugisset,
587 1668 725 1710 usque
746 1656 800 1694 ad
820 1655 924 1694 fines
945 1653 1142 1702 insecuti,
1172 1652 1328 1710 Regno
1351 1651 1571 1708 domoque
1594 1649 1773 1708 expule-

334 1742 451 1782 Neque
478 1740 590 1772 ullum
611 1738 692 1779 sere.
739 1738 774 1769 Id
798 1737 872 1779 fere
903 1737 997 1771 addit

293 1784 385 1816 Oud.
402 1795 420 1816 e
437 1784 537 1815 codd.
551 1788 584 1814 et
600 1783 677 1813 edd.
695 1793 744 1823 pr.

335 1831 388 1862 De
404 1830 556 1860 conciliis.
583 1827 628 1858 al.
645 1828 799 1858 consitiis.
828 1826 912 1858 forte
929 1837 1000 1859 rec-

289 1872 368 1905 tiUS.
395 1873 453 1904 Gr.
469 1870 658 1915 ἐπιχείρησιν.

334 1917 383 1949 Ab
399 1917 441 1947 L.
463 1917 576 1947 Roscio
595 1913 802 1956 Le90l0.alii
821 1916 999 1950 Quaestore.

291 1962 349 1994 sed
376 1960 404 1992 is
431 1965 500 1991 emt
525 1959 576 1990 M.
600 1959 751 1991 Crassus.
777 1970 809 1990 v.
839 1969 916 2001 cap.
947 1963 1001 1991 24.

291 2007 402 2038 forsan
419 2005 460 2036 de
477 2004 606 2036 honore
623 2003 772 2035 hominis
788 2003 900 2036 Caesar
911 2003 1002 2036 nihil

291 2049 474 2082 addiderat.

343 2094 533 2125 Armoricae.
580 2092 631 2123 Ex
659 2091 735 2123 aliis
765 2091 885 2124 horum
909 2102 1006 2123 com-

295 2138 535 2169 mentariorum
564 2136 651 2167 locis
681 2137 730 2175 (7,
756 2137 797 2166 75
826 2142 858 2167 et
884 2139 916 2175 8,
949 2137 1006 2176 31)

294 2185 438 2218 constat,
449 2181 509 2211 has
523 2179 679 2211 civitates
694 2179 876 2212 maritimas
891 2180 1007 2213 fuisse.

297 2224 351 2256 (tf.
370 2228 402 2263 ε,
428 2225 470 2255 34
492 2229 525 2255 et
551 2227 581 2263 3,
608 2225 639 2254 τ.
661 2226 694 2255 9.
727 2225 776 2255 ιτ.
806 2224 1007 2263 29.017‚4.

297 2268 358 2301 ubi
388 2267 544 2299 civitates
575 2267 717 2309 singulae
756 2275 1006 2300 enumerantur.

299 2312 372 2345 Etsi
397 2322 474 2343 vero
500 2321 566 2344 non
594 2311 708 2353 pauci,
733 2323 821 2353 quos
847 2313 879 2344 in
906 2323 1007 2355 opere

299 2355 532 2400 geographico
561 2361 697 2388 secutus
741 2362 789 2387 est
827 2357 1008 2393 Cellarius,

300 2401 547 2439 existimarunt,
571 2399 712 2431 verbum
731 2401 924 2433 Armoricus
941 2401 1010 2433 fac-

300 2451 372 2477 tum
407 2455 481 2477 esse
508 2455 527 2475 e
558 2443 713 2482 Celticis,
741 2454 783 2475 ar
811 2455 903 2476 moer
932 2449 1008 2483 (am

304 2490 426 2527 Mem),
441 2489 483 2520 ad
500 2498 604 2527 mare,
631 2488 686 2519 vel
716 2499 815 2529 supra
841 2499 944 2528 mare,
967 2491 1008 2521 de

302 2545 371 2576 quo
401 2532 433 2564 in
462 2532 627 2573 glossario
656 2531 855 2563 Wachterus
879 2534 1010 2566 monuit

304 2577 340 2609 in
357 2588 391 2608 v.
405 2578 514 2608 Meer:
531 2583 641 2608 tamen
657 2574 731 2614 alii,
745 2575 778 2607 in
795 2576 848 2608 his
866 2577 1011 2610 Ritterus

306 2621 342 2654 in
359 2621 440 2653 hist.
458 2620 547 2652 Gall.
566 2631 600 2663 p.
619 2622 674 2659 76,
699 2619 889 2651 maluerunt
907 2622 1010 2659 origi-

306 2675 384 2697 nem
408 2664 505 2696 verbi
537 2664 638 2707 hujus
666 2670 817 2706 repetere
845 2665 1009 2697 eCeltico

309 2711 368 2748 Ar,
403 2709 495 2750 quod
529 2708 697 2750 significet
721 2708 831 2740 solum
872 2709 1010 2751 pingue,

309 2752 416 2793 pratis
430 2758 463 2783 et
479 2753 614 2794 pascuis
627 2751 850 2791 laetissimum,
866 2760 923 2784 aut
939 2765 1012 2785 om-

308 2796 389 2828 nino
421 2806 551 2836 arvum,
587 2803 686 2839 atque
715 2798 801 2828 adeo
831 2806 1010 2832 annonam.

309 2849 515 2882 omnemque
553 2847 646 2873 terrae
689 2845 888 2882 proventum
924 2842 1009 2880 (vid.

311 2882 484 2917 Wachter.
497 2885 601 2928 gloss.
618 2885 652 2919 in
662 2895 693 2918 v.
709 2887 768 2925 Ar,
777 2891 811 2918 et
825 2886 1013 2922 Armore'cos

1068 1738 1279 1781 interpretari
1304 1736 1436 1769 incolas
1459 1735 1627 1778 ejusmodi
1643 1735 1774 1768 soecun·

1067 1785 1119 1815 da*
1160 1782 1318 1825 regionis.
1357 1783 1398 1814 ad
1438 1792 1530 1813 oram
1567 1780 1772 1812 maritimam

1070 1828 1154 1866 sitae,
1192 1828 1244 1858 vel
1276 1827 1308 1858 in
1340 1826 1531 1858 universum
1563 1836 1774 1868 possessores

1068 1882 1226 1913 agrorum
1254 1872 1294 1903 ad
1321 1881 1413 1902 oram
1440 1869 1553 1902 maris.
1600 1870 1689 1901 ldem
1714 1870 1772 1901 ille

1072 1915 1224 1948 Ritterus
1241 1915 1399 1953 ostendit,
1422 1925 1488 1946 non
1514 1914 1634 1946 eodem
1660 1913 1774 1947 ubivis

1070 1970 1168 1992 sensu
1198 1961 1392 1992 Armoricas
1419 1959 1575 1991 civitates
1603 1958 1692 2000 apud
1717 1968 1775 1989 ve-

1072 2011 1158 2037 teres
1173 2005 1239 2036 clici
1255 2017 1262 2043 3
1296 2005 1398 2035 modo
1413 2003 1504 2035 enim
1521 2003 1647 2044 plures,
1671 2002 1774 2034 modo

1073 2049 1250 2091 pauciores
1275 2048 1338 2080 hoc
1355 2047 1492 2080 nomine
1509 2045 1749 2089 comprehendi
1764 2057 1775 2085 ς

1071 2094 1161 2135 apud
1189 2093 1353 2125 Cer-sarem
1383 2102 1494 2124 autem
1527 2100 1584 2123 eas
1618 2089 1777 2132 intelligi,

1073 2148 1147 2179 quae
1178 2136 1261 2170 inter
1292 2137 1475 2179 Sequanam
1503 2141 1536 2167 et
1566 2133 1710 2175 Ligerim
1743 2134 1776 2166 in

1076 2182 1254 2224 peninsula
1271 2181 1329 2213 illa
1353 2181 1508 2212 universa
1531 2180 1573 2212 ad
1599 2179 1775 2210 Oceanum

1074 2225 1306 2258 Britannicum
1329 2225 1423 2257 sedes
1437 2222 1628 2255 habuerint.
1673 2221 1776 2256 Nolui

1075 2281 1155 2312 ergo
1181 2270 1340 2313 colligere
1362 2279 1478 2301 omnes
1503 2268 1612 2306 locos,
1633 2266 1692 2299 ubi
1710 2267 1776 2299 hoc

1075 2315 1216 2346 verbum
1248 2313 1391 2346 occurrit
1415 2312 1483 2345 alia
1515 2310 1779 2353 significatione,

1075 2369 1176 2400 quam
1191 2359 1280 2400 apud
1297 2358 1477 2390 Caesarem.
1503 2355 1571 2394 Qui
1584 2356 1669 2394 vult,
1680 2356 1780 2388 adeat

1076 2403 1214 2434 Cellarii
1231 2413 1318 2444 opus
1331 2399 1610 2444 geographicum.
1630 2399 1733 2432 Tom.
1748 2401 1779 2430 l.

1076 2446 1100 2478 l.
1118 2451 1150 2478 9.
1175 2458 1252 2488 cap.
1271 2450 1302 2477 9.
1321 2451 1404 2477 sect.
1422 2449 1453 2477 Q.
1480 2446 1530 2476 M.
1568 2445 1602 2477 ln
1618 2454 1721 2486 opere
1737 2443 1778 2475 ad

1081 2493 1110 2529 l,
1133 2493 1163 2522 6.
1188 2491 1291 2523 citato
1324 2502 1356 2532 p.
1381 2493 1456 2522 9¹23.
1502 2487 1660 2521 La'l'our
1675 2486 1781 2520 d’Au-

1076 2546 1197 2577 vergne
1221 2534 1318 2566 tradit
1336 2545 1377 2565 ex
1400 2532 1532 2566 Celtico
1547 2544 1608 2566 oar
1621 2534 1782 2571 amoris,

1077 2580 1169 2621 quod
1187 2579 1352 2621 significet
1369 2579 1415 2610 nd
1430 2589 1522 2610 mare
1543 2587 1700 2619 parrum,
1718 2587 1780 2608 vo-

1078 2634 1153 2655 cem
1171 2625 1349 2656 Armoricae
1370 2633 1444 2654 esse
1467 2626 1673 2655 contractam
1690 2625 1724 2651 et
1739 2620 1780 2651 de

1078 2667 1162 2699 freto
1203 2667 1366 2699 Caietano
1396 2665 1643 2708 accipiendam,
1682 2664 1779 2706 cujus

1079 2710 1146 2744 illae
1164 2718 1281 2754 gentes
1294 2711 1359 2742 sint
1374 2710 1516 2743 adcolae.

1126 2756 1265 2797 Asai-sse.
1315 2754 1460 2797 Respice
1475 2755 1517 2786 ad
1538 2750 1567 2790 l,
1583 2753 1636 2785 36.

1126 2800 1290 2832 Flu-acatis.
1312 2799 1370 2831 alii
1387 2800 1517 2836 vocatis,
1541 2797 1735 2829 com-ocutis.

1126 2845 1343 2885 Mor-itasqns.
1388 2842 1464 2875 Fuit
1491 2847 1525 2873 et
1537 2840 1627 2872 Deus
1654 2839 1780 2882 aliquis

1082 2887 1256 2920 Gallorum
1287 2888 1351 2920 hoc
1378 2883 1527 2920 nomine.

1080 2942 1137 2974 ep.
1155 2933 1207 2964 67.
1233 2943 1268 2973 p.
1283 2933 1359 2965 597.

1568 2884 1595 2918 V
1602 2908 1610 2917 .
1630 2883 1782 2918 Reinesii
