1992 3271
602 224 720 268 LIB.
755 224 813 267 ΙΙ.
879 226 1016 269 CAP.
1057 227 1237 271 12-15.
1605 232 1661 276 49

174 347 371 390 exercitu
384 348 556 392 circiter
569 351 686 393 milia
700 367 900 410 passuum
914 352 1108 409 quinque
1121 353 1303 402 abesset,
1318 367 1461 396 omnes
1477 354 1660 413 majores

175 415 298 456 natu,
332 424 384 449 ex
404 409 565 466 oppido
587 412 761 468 egressi,
796 426 945 453 manus
969 410 1024 452 ad
1049 412 1262 454 Caesarem
1283 412 1462 455 tendere
1483 421 1529 456 et
1551 429 1658 457 voce

175 465 415 523 significare
434 478 677 525 coeperunt,
704 486 790 511 sese
814 470 856 511 in
877 470 967 526 ejus
986 468 1117 511 fidem
1136 485 1186 511 ac
1208 479 1466 527 potestatem
1491 473 1658 523 venire,

174 538 316 581 neque
348 534 498 567 contra
530 526 748 583 Populum
771 527 1014 570 Romanum
1035 528 1162 570 armis
1188 529 1463 572 contendere.
1524 531 1657 582 Item,

174 598 312 638 quum
343 584 400 625 ad
433 583 644 641 oppidum
676 587 916 628 accessisset
945 595 1172 643 castraque
1205 586 1266 628 ibi
1300 597 1496 644 poneret,
1529 592 1658 648 pueri

174 641 464 698 mulieresque
486 658 539 684 ex
557 658 683 686 muro
705 645 834 701 passis
861 645 1058 688 manibus
1078 660 1155 687 suo
1176 660 1294 688 more
1314 662 1464 704 pacem
1483 648 1542 692 ab
1563 648 1650 692 Ro-

172 700 305 741 manis
326 701 562 758 petierunt.

238 758 302 800 14.
340 758 426 801 Pro
463 758 526 801 his
564 760 808 804 Divitiacus
845 764 960 818 (nam
996 770 1094 821 post
1131 762 1362 805 discessum
1400 764 1655 822 Belgarum,

170 815 350 859 dimissis
383 817 630 861 AEduorum
664 821 809 878 copiis,
842 821 897 864 ad
932 838 1032 863 eum
1062 824 1324 879 reverterat)
1355 822 1460 865 facit
1487 824 1653 867 verba:

175 883 204 900 ‘⁴
229 875 483 919 Bellovacos
529 878 641 920 omni
688 888 885 938 tempore
929 881 971 922 in
1016 879 1102 921 fide
1147 888 1283 938 atque
1329 881 1515 924 amicitia
1556 883 1659 925 civi-

171 941 202 960 “
226 935 325 977 tatis
378 935 534 978 AEduae
579 937 731 979 fuisse:
794 938 982 996 inpulsos
1027 955 1052 980 a
1099 939 1183 981 suis
1232 939 1519 998 principibuS,
1575 945 1655 999 qui

170 1000 200 1019 ‘⁶
222 993 435 1043 dicerent,
468 994 650 1045 AEduos‚
673 1013 697 1038 a
722 998 888 1039 Caesare
919 998 961 1039 in
983 998 1239 1040 servitutem
1262 998 1476 1047 redactos,
1507 1015 1654 1043 omnes

157 1059 196 1096 .“
219 1052 499 1111 indignitates
521 1055 889 1113 contumeliasque
913 1056 1108 1114 perferre
1130 1065 1175 1098 et
1196 1057 1253 1098 ab
1276 1056 1432 1099 AEduis
1448 1058 1656 1101 defecisse

171 1119 200 1137 ‘⁶
223 1120 269 1153 et
300 1112 464 1170 populo
496 1112 690 1156 Romano
726 1114 893 1156 bellum
928 1114 1133 1156 intulisse.
1212 1115 1299 1164 Qui
1333 1115 1460 1174 hujus
1486 1118 1653 1161 consilii

167 1178 196 1196 “
220 1170 435 1229 principes
455 1171 648 1222 fuissent,
684 1173 803 1230 quod
836 1173 1158 1231 intellegerent,
1194 1183 1401 1231 quantam
1435 1175 1652 1219 calamita-

166 1237 195 1255 “
217 1239 306 1271 tem
335 1230 500 1272 civitati
531 1232 789 1281 intulissent,
820 1232 863 1274 in
884 1232 1153 1274 Britanniam
1174 1232 1430 1291 profugisse.
1496 1235 1655 1278 Petere

169 1295 306 1330 “non
338 1289 475 1331 solum
507 1290 774 1339 Bellovacos,
810 1290 884 1333 sed
919 1291 1050 1333 etiam
1079 1307 1159 1348 pro
1193 1290 1255 1333 his
1291 1291 1472 1342 AEduos,
1503 1302 1554 1336 ut
1574 1310 1653 1337 sua.

168 1355 197 1373 ‘⁶
222 1347 447 1389 clementia
465 1364 513 1390 ac
535 1349 863 1391 mansuetudine
886 1350 928 1391 in
951 1365 1021 1391 eos
1043 1358 1210 1392 utatur.
1276 1351 1406 1399 Quod
1429 1352 1462 1393 si
1480 1352 1654 1404 fecerit,

164 1414 194 1432 ‘⁴
222 1405 468 1449 AEduorum
501 1408 808 1450 auctoritatem
844 1407 963 1465 apud
999 1423 1142 1449 omnes
1177 1407 1334 1465 Belgas
1363 1409 1651 1467 amplificatu-

166 1473 195 1491 “
219 1480 343 1506 rum:
377 1480 565 1522 quorum
583 1466 751 1508 auxiliis
767 1475 901 1524 atque
918 1466 1090 1524 opibus,
1108 1467 1141 1508 si
1163 1482 1250 1525 qua
1269 1466 1385 1510 bella
1402 1467 1652 1521 inciderint,

166 1532 461 1569 “sustentare
482 1525 771 1566 consuerint.‘'

231 1583 295 1624 15.
330 1582 473 1624 Caesar
505 1582 675 1625 honoris
708 1583 916 1625 Divitiaci
949 1591 1082 1640 atque
1118 1583 1366 1626 AEduorum
1397 1601 1541 1629 caussa
1561 1603 1657 1630 sese

161 1657 232 1683 eos
253 1641 296 1683 in
316 1640 446 1682 fidem
467 1650 747 1699 recepturum
777 1650 822 1683 et
851 1650 1207 1683 conservaturum
1231 1641 1369 1684 dixit:
1402 1643 1495 1694 sed,
1526 1646 1649 1703 quod

159 1708 256 1742 erat
287 1700 438 1742 civitas
469 1716 623 1757 magna
656 1701 768 1742 inter
794 1700 952 1757 Belgas
981 1700 1244 1742 auctoritate
1267 1709 1401 1758 atque
1423 1700 1648 1749 hominum

162 1757 445 1801 multitudine
467 1759 716 1816 praestabat,
753 1759 837 1801 DC
863 1758 1032 1801 obsides
1054 1760 1265 1817 poposcit.
1331 1760 1414 1802 His
1451 1761 1645 1813 traditis,

159 1818 446 1874 omnibusque
486 1818 614 1860 armis
651 1834 703 1860 ex
744 1817 906 1875 oppido
937 1817 1132 1867 conlatis,
1167 1818 1224 1860 ab
1258 1833 1310 1860 eo
1342 1818 1439 1862 loco
1468 1820 1511 1863 in
1540 1820 1651 1865 fines

160 1877 476 1919 Ambianorum
497 1877 712 1934 pervenit,
745 1877 882 1933 quise
898 1892 1062 1933 suaque
1092 1877 1233 1919 omnia
1254 1877 1342 1920 sine
1372 1893 1495 1922 mora
1521 1879 1650 1923 dedi-

155 1935 332 1978 derunt.
366 1935 532 1978 Eorum
549 1934 651 1978 fines
671 1935 826 1978 Nervii
846 1934 1157 1993 adtingebant:
1193 1950 1382 1993 quorum
1398 1935 1455 1979 de
1489 1947 1652 1983 natura.

155 1995 435 2051 moribusque
455 1995 598 2037 Caesar
616 2011 752 2052 quum
770 2002 1002 2051 quaereret,
1015 1994 1074 2036 sic
1093 1994 1365 2061 reperiebat:
1402 2003 1431 2022 “
1454 1996 1644 2043 Nullum

157 2061 186 2079 ‘⁶
209 2053 379 2095 aditum
411 2069 497 2095 esse
519 2053 574 2095 ad
605 2069 674 2095 eos
703 2053 1041 2095 mercatoribus:
1076 2052 1181 2095 nih1l
1214 2054 1306 2111 pati
1337 2053 1425 2096 vini
1453 2055 1644 2114 reliqua-

155 2119 186 2138 “
211 2128 397 2169 rumque
425 2128 588 2161 rerum,
624 2111 681 2155 ad
712 2112 929 2154 luxuriam
957 2111 1284 2169 pertinentium,
1319 2111 1486 2164 inferri,
1519 2115 1644 2172 quod

155 2178 185 2197 ‘⁶
208 2171 271 2213 his
289 2172 418 2213 rebus
441 2171 766 2229 relanguescere
799 2171 959 2213 animos
992 2179 1037 2212 et
1066 2170 1230 2213 remitti
1259 2171 1470 2214 virtutem
1498 2173 1646 2217 existi-

155 2237 184 2257 “
207 2239 397 2273 mai-ent:
431 2246 517 2273 esse
536 2229 726 2274 homines
747 2230 858 2273 feros
876 2244 1128 2287 magnaeque
1146 2229 1346 2273 virtutis:
1381 2231 1644 2291 increpitare

150 2371 290 2405 nomine
322 2374 568 2416 Brunca-§panse
593 2374 703 2405 docet.
750 2373 860 2404 Obtu-

153 2418 237 2449 lerat
268 2418 459 2450 Academiae
490 2418 651 2450 Parisinae
680 2417 763 2449 olim
792 2418 857 2448 cel.

152 2461 296 2492 Bonami
311 2461 579 2493 dissertationem
594 2463 634 2493 de
653 2464 857 2502 Bratuspan-

148 2508 205 2538 sio.
247 2505 287 2535 V.
305 2505 501 2537 Mantissam
518 2507 653 2538 observ.
675 2507 717 2537 ad
734 2505 768 2536 h.
785 2506 807 2536 l.
825 2511 857 2535 et

153 2549 232 2580 Not.
249 2549 290 2579 de
306 2549 338 2580 la
351 2549 467 2588 Gaule,
482 2561 516 2590 p.
533 2552 605 2581 172.

201 2593 252 2624 Ad
267 2604 342 2624 eum
354 2604 423 2624 rer.
447 2594 489 2624 ad
501 2593 680 2625 Caesarem.
707 2595 756 2624 M.

196 2638 311 2669 Petere
323 2647 389 2668 non
403 2639 520 2669 solum.
546 2638 636 2669 Edit.
649 2644 715 2669 vet.
733 2639 857 2669 Praele-

148 2692 209 2713 rea
221 2686 336 2722 petere.

195 2727 394 2757 sustentare.
441 2725 543 2756 AEdui
571 2737 591 2756 a
620 2725 734 2766 Belgis
761 2724 856 2755 auxi-

151 2768 235 2800 lium
253 2777 365 2810 petere
381 2770 501 2808 solent,
520 2776 555 2801 ut
571 2780 667 2812 pares
684 2770 748 2801 sint
762 2769 854 2800 bello

147 2815 306 2853 gerendo.
331 2815 382 2844 M.

198 2858 272 2890 Sed.
289 2859 376 2899 qnod
387 2863 471 2891 erat.
495 2857 564 2890 Alii
580 2864 621 2890 et.

194 2902 287 2934 Inter
304 2903 433 2944 Belqas.
457 2902 525 2934 Alii
541 2908 570 2933 et
585 2905 682 2934 inter.

197 2946 249 2976 Αιί
274 2947 389 2978 lua-mu
409 2949 530 2987 pertin.
578 2946 660 2977 Haec
686 2945 787 2977 verba
812 2945 856 2976 ab

152 2987 243 3022 haud
265 2990 385 3033 paucis
407 2991 506 3025 libris
527 2990 660 3024 absunt.
707 2989 741 3024 Si
758 2990 858 3024 omit-

925 2378 1047 2411 tantur,
1076 2373 1185 2405 voluit
1209 2373 1322 2406 Caesar
1344 2375 1467 2414 dicere,
1490 2375 1523 2408 id
1545 2379 1640 2419 quod

924 2418 992 2458 jam
1017 2416 1172 2448 Oudend.
1199 2417 1297 2456 vidit,
1324 2418 1468 2451 Nervios
1497 2422 1639 2453 omnino

926 2460 1013 2492 nihil
1040 2461 1204 2493 mercium
1233 2462 1323 2493 velle
1351 2464 1560 2496 extrinsecus
1588 2466 1639 2497 in-

926 2504 1064 2546 portari.
1089 2506 1140 2537 M.
1176 2506 1282 2537 Plane
1298 2512 1334 2538 ut
1348 2508 1380 2545 4,
1397 2511 1430 2539 2.
1476 2508 1634 2540 Oudend.

924 2550 1096 2590 vulgatum
1110 2560 1151 2580 ex
1167 2549 1282 2580 verbis
1297 2560 1368 2591 seq.
1388 2557 1497 2583 ortum
1522 2552 1637 2594 suspi-

924 2599 1018 2624 catur
1041 2599 1074 2624 et
1100 2604 1140 2624 ex
1172 2596 1199 2631 l,
1227 2598 1258 2624 2.
1303 2594 1463 2626 Gruterus
1490 2596 1633 2628 verbum

921 2639 1158 2679 pertinentium
1173 2637 1277 2678 abjici
1300 2638 1450 2670 volebat.
1495 2639 1637 2673 Graecus

923 2687 955 2712 et
971 2680 1091 2711 Celsus
1100 2691 1176 2712 cum
1192 2681 1331 2722 vulgato
1345 2682 1570 2714 consentiunt.

968 2726 1102 2756 Animos
1124 2735 1248 2756 eorum.
1296 2725 1486 2756 Deloverim
1506 2736 1633 2768 eorum,

923 2769 1014 2810 quod
1029 2768 1100 2799 fieri
1117 2779 1216 2809 posse
1231 2768 1333 2799 sensit
1349 2768 1504 2801 Oudend.
1537 2768 1573 2803 Si
1588 2774 1633 2804 ad

925 2811 1068 2845 Nervios
1082 2814 1268 2850 referretur,
1291 2811 1437 2844 debebat
1457 2824 1531 2845 esse
1543 2825 1639 2848 suos.

925 2858 977 2888 M.
1001 2855 1091 2886 Mihi
1115 2855 1248 2887 videtur
1275 2866 1461 2897 pronomen
1482 2868 1501 2888 e
1519 2860 1633 2900 glossa

924 2901 1092 2942 adjectum
1108 2906 1141 2930 et
1154 2900 1352 2931 tollendum.
1375 2902 1477 2943 Apud
1491 2901 1632 2936 Celsum

925 2950 958 2975 et
974 2943 1223 2984 metaphrasten
1244 2943 1398 2979 Graecum
1412 2947 1567 2993 gwerale
1581 2948 1633 2982 ef-

925 2988 1029 3023 fatum
1043 2993 1105 3023 cst.
1150 2987 1204 3023 Cf.
1219 2989 1252 3029 4,
1268 2992 1300 3022 2.

1373 3046 1402 3078 E
