1946 3261
810 172 928 216 LIB.
964 169 1097 215 VIII.
1591 164 1679 208 225

177 310 206 330 “
231 318 438 362 quorum,
475 310 540 346 est
575 301 835 346 admiratio:
882 299 1018 343 ceteri
1051 297 1183 345 enim,
1223 309 1355 354 quam
1395 293 1508 338 bene
1544 300 1682 351 atque

178 371 207 390 “
232 363 484 411 emendate;
516 378 591 406 nos
621 361 770 411 etiam,
801 376 935 419 quam
957 357 1080 401 facile
1103 366 1238 413 atque
1261 354 1465 398 celeriter
1487 368 1560 396 eos
1581 368 1681 412 per-

176 430 206 450 “
231 423 402 472 fecerit,
423 422 595 465 scimus.
639 421 750 464 Erat
767 429 916 463 autern
934 419 977 461 in
996 417 1166 460 Caesare
1183 430 1318 472 quum
1341 413 1530 456 facultas
1546 421 1683 470 atque

177 491 205 509 “
229 482 450 540 elegantia
466 496 635 524 summa
656 478 890 530 scribendi,
914 486 1010 520 tum
1038 474 1259 518 verissima
1290 472 1469 515 scientia
1501 487 1684 516 suorum

176 547 207 568 “
229 542 510 584 consiliorum
529 538 907 598 explicandorum.
973 534 1087 578 Mihi
1109 549 1162 576 ne
1183 531 1294 574 illud
1311 531 1487 588 quidem
1504 530 1685 580 accidit,

177 610 207 628 “
233 609 291 644 ut·
323 598 626 654 Alexandrino
665 607 800 656 atque
840 595 1051 639 Africano
1091 591 1212 636 bello
1256 591 1534 638 interessem;
1583 605 1687 648 quae

177 669 206 688 “
230 659 350 703 bella
369 673 639 717 quamquam
661 673 715 699 ex
737 664 867 715 parte
885 654 1007 698 nobis
1030 650 1210 696 Caesaris
1232 664 1428 692 sermone
1447 649 1532 691 sint
1551 658 1685 698 nota;

176 729 207 748 ‘⁶
230 728 374 763 tamen
397 717 528 760 aliter
548 716 749 759 audimus
771 732 839 766 ea,
876 730 975 774 quae
1004 727 1151 756 rerum
1177 709 1374 752 novitate
1396 716 1475 751 aut
1497 707 1686 750 admira-

176 788 206 807 “
230 779 348 822 tione
369 793 446 820 nos
467 775 664 835 capiunt,
687 775 832 825 aliter,
852 790 951 832 quae
969 788 1052 832 pro
1070 769 1318 815 testimonio
1334 783 1482 811 sumus
1503 765 1686 810 dicturi.

176 847 207 867 ‘⁴
233 838 322 882 Sed
343 852 426 896 ego
448 836 667 885 nimirum,
691 834 796 877 dum
820 850 966 877 omnes
987 828 1279 875 excusationis
1299 843 1468 870 caussas
1493 825 1687 884 conligo,

177 903 208 926 ‘²
231 915 285 942 ne
306 913 409 941 cum
428 896 598 939 Caesare
612 894 829 944 conferar,
849 894 929 937 hoc
952 893 1046 951 ipso
1065 890 1230 934 crimen
1246 885 1517 945 adrogantiae
1533 885 1688 935 subeo,

179 967 208 986 “
233 957 355 1018 quod
386 973 453 1000 me
477 955 647 1015 judicio
676 954 938 1014 cujusquam
970 951 1212 997 existimem
1241 963 1368 1008 posse
1389 961 1491 990 cum
1514 944 1689 989 Caesare

180 1027 211 1047 “
235 1017 498 1077 comparari.
565 1014 721 1059 Vale.”

227 1149 418 1192 Persecere‘l.
437 1142 897 1187 Edd.vulgares,c0nfeceril,
1013 1140 1080 1172 Pro
1103 1137 1298 1174 testimonio,
1320 1142 1470 1177 quorum
1494 1130 1564 1174 ipsi
1586 1137 1692 1164 testes

181 1201 300 1227 contra
316 1194 417 1226 codd.
444 1194 493 1224 M.
530 1191 625 1222 Suet.
642 1190 665 1221 1.
682 1200 715 1220 c.
728 1190 897 1231 pei-scrop·
963 1192 998 1217 et
1014 1188 1225 1226 spectatores
1241 1180 1382 1212 suimus.
1409 1179 1461 1210 M.

183 1243 273 1272 serit.
1016 1231 1091 1261 Hoc
1115 1230 1197 1270 ipso.
1261 1225 1316 1256 Sic
1332 1224 1412 1256 cod.
1431 1222 1546 1254 Oxon.
1562 1227 1595 1253 et
1611 1221 1692 1254 edd.

230 1286 303 1317 Sin!
318 1288 412 1315 nota.
437 1281 499 1314 alii
516 1284 607 1314 sunt.
964 1274 1135 1317 qua-dam.
1181 1270 1294 1313 Vulgo
1310 1271 1435 1313 ipsum,
1453 1267 1646 1301 invenuste.

230 1331 334 1362 Aliter
363 1328 540 1360 audimus.
589 1322 652 1356 alii
690 1321 898 1354 amlivimus.

184 1373 289 1407 Male.
314 1373 434 1406 Sermo
449 1377 502 1404 est
514 1372 555 1403 de
571 1379 628 1407 ec,
640 1367 733 1409 quod
749 1366 855 1405 vulgo
868 1365 916 1396 tit.
