1946 3261
257 165 339 210 162
663 165 748 209 DE
780 164 982 209 BELLO
1016 165 1312 213 GALLICO.

251 302 348 337 erat
392 292 526 341 nulla,
565 306 662 348 quae
697 307 879 350 parvam
913 291 1042 335 modo
1077 309 1265 337 caussam
1307 293 1473 337 timoris
1515 292 1728 339 adferret.

253 353 392 396 Trans
413 349 614 393 Rhenum
632 348 689 392 ad
706 351 946 394 Germanos
964 351 1165 409 pervenit
1184 352 1316 403 fama,
1332 351 1469 411 diripi
1482 352 1728 404 Eburones,

251 419 383 467 atque
410 408 530 453 ultro
561 424 706 453 omnes
737 409 793 452 ad
827 410 1020 469 praedam
1053 411 1239 455 evocari.
1323 411 1502 469 Cogunt
1532 412 1730 469 equitum

251 468 339 511 duo
361 467 480 509 milia
504 467 744 526 Sigambri,
774 470 968 526 quisunt
991 469 1179 527 proximi
1211 469 1381 520 Rheno,
1415 486 1441 512 a
1472 470 1630 527 quibus
1661 485 1729 515 re-

250 534 398 584 ceptos
419 542 474 569 ex
493 526 600 584 fuga
621 526 914 572 Tenchtheros
935 536 1067 585 atque
1090 528 1295 587 Usipetes
1315 545 1445 587 supra
1478 529 1700 572 docuimus
1717 544 1728 571 ε

249 593 476 628 transeunt
511 584 712 628 Rhenum
747 586 929 629 navibus
962 587 1233 645 ratibusque,
1269 588 1396 631 XXX
1429 587 1605 631 milibus
1634 603 1730 646 pas.-

249 659 372 686 suum
393 643 508 686 infra
528 659 627 686 eum
644 644 800 695 locum,
823 645 899 688 ubi
920 661 1028 703 pons
1047 654 1143 688 erat
1163 647 1382 704 perfectus
1429 646 1731 704 raesidiumque

249 702 308 746 ab
327 702 497 745 Caesare
518 703 716 745 relictum
733 718 742 745 τ
775 704 937 761 primos
957 704 1213 748 Eburonum
1232 705 1336 748 fines
1357 662 1538 755 aciieunt,
1569 705 1730 749 multos

251 776 306 804 ex
336 760 444 819 fuga
465 761 680 819 dispersos
709 763 944 821 excipiunt,
982 779 1142 821 magno
1180 764 1348 821 pecoris
1382 779 1578 813 numero,
1612 764 1732 822 cujus

222 826 227 829 ’
251 828 350 864 sunt
371 819 633 878 cupidissimi
650 821 847 871 barbari,
867 821 1112 879 potiuntur.
1175 822 1357 866 Invitati
1375 822 1540 881 praeda,
1561 821 1733 880 longius

251 878 523 936 procedunt:
559 895 643 922 non
663 879 738 922 hos
759 881 898 938 palus,
928 881 970 923 in
994 881 1112 924 bello
1133 880 1457 939 latrociniisque
1476 889 1616 931 natos,
1647 896 1732 924 non

250 937 368 981 silvae
403 947 629 981 morantur
653 953 663 979 ε
715 939 871 996 quibus
909 939 952 982 in
995 939 1097 983 locis
1139 940 1194 982 sit
1238 941 1399 990 Caesar,
1449 956 1503 982 ex
1551 939 1734 998 captivis

250 1004 476 1053 quaerunt;
508 997 752 1055 profectum
770 996 941 1055 longius
961 998 1187 1057 reperiunt
1207 1014 1464 1056 omnemque
1493 999 1733 1046 exercitum

249 1054 486 1098 discessisse
507 1064 785 1113 cognoscunt.
825 1057 973 1115 Atque
995 1073 1104 1099 unus
1124 1074 1176 1099 ex
1196 1057 1396 1115 captivis,
1420 1065 1449 1083 ‘⁶
1471 1056 1590 1107 Quid
1611 1059 1731 1107 vos,”

250 1111 409 1171 inquit,
434 1122 462 1140 “
479 1113 589 1156 hanc
611 1115 809 1158 miseram
828 1132 877 1158 ac
895 1124 1069 1159 tenuem
1096 1116 1316 1159 sectamini
1336 1114 1544 1174 praedam,
1573 1115 1732 1173 quibus

251 1172 404 1215 “licet
429 1173 521 1231 jam
553 1189 641 1216 esse
664 1173 1047 1217 fortunatissimis?
1107 1175 1267 1217 Tribus
1302 1175 1418 1217 horis
1453 1173 1731 1217 Aduatucam

251 1238 281 1257 ‘⁶
303 1231 450 1275 venire
472 1232 674 1289 potestis:
708 1232 790 1275 huc
811 1249 956 1276 omnes
981 1249 1078 1276 suas
1111 1234 1307 1275 fortunas
1336 1232 1552 1274 exercitus
1573 1231 1732 1274 Roma-

251 1297 280 1316 “
306 1305 462 1333 norum
483 1290 670 1333 contulit
689 1306 698 1332 :
734 1291 922 1348 praesidii
941 1300 1112 1333 tantum
1129 1299 1209 1340 est,
1238 1300 1287 1333 ut
1307 1306 1360 1332 ne
1381 1305 1531 1332 murus
1554 1289 1732 1347 quidem

250 1356 280 1374 ‘⁶
303 1348 418 1405 cingi
461 1349 611 1406 possit,
662 1364 802 1405 neque
849 1349 1077 1406 quisquam
1119 1348 1270 1405 egredi
1308 1356 1445 1390 extra.
1472 1348 1732 1392 munitiones

250 1414 279 1433 “
301 1406 504 1450 audeat.’‘
550 1406 717 1449 Oblata
734 1423 827 1464 spe,
853 1407 1076 1456 Germani,
1096 1422 1227 1464 quam
1243 1406 1359 1449 nacti
1379 1415 1506 1449 erant
1524 1406 1731 1466 praedam,

247 1464 292 1508 in
337 1464 508 1509 occulto
550 1465 806 1522 relinquunt
829 1480 839 1512 ;
889 1465 971 1523 ipsi
1014 1465 1293 1508 Aduatucam
1337 1465 1623 1517 contendunt,
1665 1466 1731 1509 usi

247 1522 399 1566 eodem
421 1522 547 1571 duee,
567 1523 686 1580 cujus
707 1522 794 1565 haec
817 1522 975 1566 indicio
994 1533 1301 1581 cognoverant.

305 1581 377 1625 36.
413 1581 585 1629 Cicero,
615 1582 691 1637 qui
721 1597 800 1638 per
832 1597 977 1625 omnes
1006 1583 1251 1640 superiores
1271 1583 1363 1625 dies
1385 1583 1614 1641 praeceptis
1638 1582 1730 1626 Cae-

247 1640 352 1683 saris
388 1654 553 1682 summa
581 1637 811 1697 diligentia
840 1640 996 1682 milites
1027 1641 1069 1682 in
1100 1642 1250 1683 castris
1282 1643 1562 1684 continuisset
1591 1656 1640 1683 ac
1678 1656 1732 1684 ne

248 1698 443 1742 calonem
461 1697 639 1754 quidem
662 1714 923 1756 quemquam
952 1707 1076 1743 extra
1106 1700 1388 1742 munitionem
1409 1698 1562 1757 egredi
1585 1715 1733 1758 passus

250 1766 376 1806 esset,
394 1756 577 1814 septimo
595 1756 666 1798 die
684 1756 898 1806 diffidens,
912 1757 967 1800 de
986 1773 1168 1801 numero
1185 1757 1354 1800 dierum
1372 1759 1585 1801 Caesarem
1603 1757 1731 1801 fidem

249 1824 540 1864 servaturum,
564 1815 684 1872 quod
707 1815 876 1873 longius
906 1833 1004 1858 eum
1036 1833 1311 1874 progressum
1333 1816 1558 1866 audiebat,
1591 1832 1732 1873 neque

249 1874 342 1916 ulla
372 1873 426 1916 de
458 1873 605 1915 reditu
637 1875 728 1932 ejus
759 1874 870 1916 fama
900 1874 1213 1925 adfe1·ebatur;
1275 1875 1403 1918 simul
1441 1891 1592 1918 eorum
1634 1892 1732 1933 per-

250 1941 394 1975 motus
428 1931 622 1981 vocibus,
655 1933 731 1989 qui
762 1933 878 1975 illius
907 1934 1160 1991 patientiam
1193 1950 1312 1992 paene
1343 1934 1627 1976 obsessionem
1657 1934 1732 1976 ad-

251 1991 491 2048 pellabant,
524 1991 557 2033 si
587 1991 764 2049 quidem
798 2007 850 2033 ex
880 1993 1028 2035 castris
1059 1993 1208 2048 egredi
1233 2008 1317 2035 non
1339 1992 1518 2041 liceret;
1562 1991 1730 2036 nullum

251 2048 459 2108 ejusmodi
479 2065 623 2092 casum
646 2059 915 2108 exspectans,
946 2067 1050 2109 quo,
1082 2047 1235 2094 novem
1258 2051 1468 2110 oppositis
1487 2050 1735 2108 legionibus

301 2192 415 2232 Supra
428 2191 612 2222 docuimus.
630 2191 681 2222 Cf.
700 2194 731 2230 ⁴1,
754 2193 804 2222 16.
828 2194 879 2224 Μ.

1071 2195 1191 2226 Oblata
1207 2206 1276 2235 xpe.
1299 2194 1360 2226 alii
1387 2195 1528 2234 Obiecta.

307 2236 509 2266 Τναηςνιιίιι-
525 2235 569 2265 al.
586 2241 806 2267 translaturus.

1071 2239 1115 2269 Ιη-
1133 2245 1258 2270 ‹eccum›
1276 2240 1335 2270 rel.
1366 2238 1397 2269 in
1412 2238 1519 2269 silvis.
1537 2248 1568 2269 v«
1587 2247 1663 2277 cap.
1681 2239 1732 2269 41.

304 2278 516 2320 Imperfectus.
549 2289 583 2309 v.
614 2289 645 2308 c.
679 2282 730 2310 29.
784 2281 845 2311 Est
883 2292 960 2321 erg-o
1028 2282 1077 2313 De
1095 2282 1327 2313 temeritati-et
1341 2293 1418 2313 casu
1433 2282 1732 2322 hnjusmolitionis

258 2332 354 2364 pons.
370 2321 426 2362 qui
444 2332 510 2353 non
527 2322 675 2363 amplius
700 2323 866 2363 perfectus
880 2333 963 2364 erat,

257 2367 315 2408 qui
329 2376 416 2398 nnuc
434 2365 637 2407 inperfectus
651 2375 732 2404 erat,
744 2374 837 2407 parta
848 2369 961 2411 aliqua

261 2410 414 2442 rescissa.
446 2411 496 2440 M.
524 2409 583 2440 alii
605 2410 780 2450 perses-tus.
794 2414 884 2452 quod
902 2424 961 2454 pro

251 2455 377 2495 suctus,
397 2453 512 2495 judice
537 2455 626 2484 Oud.
657 2453 713 2484 cui
745 2456 962 2495 inlmtfvcmm

260 2509 322 2539 pro
333 2499 432 2528 rea-iso
441 2498 559 2528 durum
571 2497 710 2528 videtur.
728 2498 878 2538 Reposui
888 2512 964 2541 perr—

252 2542 372 2583 fectum,
388 2547 423 2572 ut
437 2540 524 2572 Oud.
542 2541 573 2572 in
589 2541 645 2572 ed.
662 2540 862 2581 posteriore.

306 2587 609 2617 Fmtmmtissimtv.
645 2584 705 2616 alii
735 2586 962 2626 fortwmtiSSt'-

259 2639 340 2661 mosi.
366 2628 428 2659 Sed
445 2627 530 2659 istud
547 2628 628 2660 boni
645 2629 744 2659 codd.

307 2674 520 2704 Aduatucam
561 2675 672 2704 venire
704 2675 846 2714 potestis.
895 2673 963 2705 Alii

263 2717 472 2747 Aduatucam
493 2719 597 2747 veniri
606 2722 721 2758 potest.
736 2717 824 2758 quod
843 2718 965 2758 probat

261 2758 408 2790 Gronov.
425 2760 465 2791 ad
480 2759 559 2791 Liv.
577 2763 608 2799 8,
625 2763 676 2792 34.

303 2804 470 2835 Fortunas
485 2805 631 2836 contulit.
654 2803 724 2835 vid.
741 2815 819 2846 cap.
837 2806 890 2835 32.
910 2806 958 2836 M.

305 2846 452 2877 Tamum
474 2853 532 2879 esc.
555 2848 580 2879 i.
596 2858 626 2878 e.
648 2854 717 2879 tam
738 2859 864 2889 parum.
890 2847 958 2880 Sic.

255 2894 289 2921 et
304 2890 343 2919 C.
362 2890 393 2922 3,
413 2894 443 2920 2.
468 2896 597 2924 tantum
613 2894 766 2923 mudum.

303 2933 343 2964 Ut
356 2942 398 2964 ne
412 2944 543 2966 murus.
565 2936 611 2967 al.
635 2940 672 2967 ut
688 2946 818 2968 murus.
834 2936 930 2968 male.

1027 2326 1266 2357 Germanorum
1284 2337 1314 2357 c.
1332 2330 1372 2357 42
1398 2325 1503 2357 dicit:
1537 2337 1572 2356 eo
1595 2327 1733 2357 concilio

1029 2371 1185 2401 Rhenum.
1215 2373 1474 2401 transierant——
1487 2369 1676 2401 obtulerant
1691 2385 1733 2392 ——·

1028 2414 1079 2445 De
1096 2414 1159 2444 hac
1178 2424 1254 2444 cum
1278 2413 1454 2444 Germanis
1478 2413 1731 2444 concertatione

1029 2457 1145 2498 paucis
1161 2457 1230 2497 egit
1250 2457 1313 2487 nio
1331 2458 1424 2488 Cass.
1442 2460 1496 2490 40.
1513 2459 1568 2487 32.
1593 2457 1644 2488 M.

1075 2503 1260 2533 Pet-omnes
1272 2513 1344 2542 sup.
1355 2502 1436 2532 dies.
1469 2500 1537 2532 Alii
1548 2501 1596 2533 ad
1608 2509 1730 2532 omnes.

1030 2544 1062 2576 in
1079 2544 1157 2575 aliis
1171 2545 1368 2585 praqmshio
1384 2546 1487 2576 deest.

1077 2590 1216 2619 Summa
1236 2590 1334 2629 dilig.
1356 2588 1419 2620 alii
1435 2599 1513 2619 cum
1529 2598 1556 2618 ε.
1573 2588 1608 2619 ιΙ.

1076 2633 1166 2663 Eum
1189 2643 1412 2672 prom-essum.
1473 2633 1663 2663 Pronomen
1695 2629 1729 2661 in

1028 2676 1127 2706 codd.
1151 2675 1354 2716 quibusdam
1379 2682 1412 2708 et
1435 2677 1511 2707 edd.
1535 2681 1599 2706 vet.
1623 2675 1731 2705 deest.

1029 2729 1093 2750 non
1110 2720 1212 2757 male,

1075 2766 1140 2797 Qui
1151 2765 1242 2794 illius
1252 2762 1732 2804 patientinm-mlpellalmm,

1027 2805 1196 2843 dicebant,
1208 2817 1287 2837 eum
1304 2806 1349 2838 ita
1367 2807 1537 2848 patienter
1553 2805 1639 2837 intra
1655 2816 1730 2836 cas-

1026 2856 1075 2880 tra
1091 2862 1125 2882 se
1139 2850 1324 2884 continere.
1345 2857 1380 2882 ut
1397 2852 1463 2883 hoc
1482 2848 1568 2881 nihil
1585 2849 1730 2881 differret

1025 2893 1068 2924 ab
1085 2894 1276 2926 obsidione.
1298 2896 1350 2926 M.

1070 2939 1198 2970 Noe-em
1218 2939 1416 2980 leqionibus.
1476 2937 1544 2970 vid.
1571 2947 1650 2979 cap.
1677 2940 1730 2970 33.
