1946 3261
644 223 761 270 LIB.
797 222 930 270 VIII.
993 224 1133 269 CAP.
1166 225 1355 271 47—49.

228 352 307 396 ubi
326 352 490 397 malum
511 353 617 397 Dux
639 354 742 413 equi
760 353 992 398 velocitate
1013 354 1213 406 evitavit,
1244 358 1441 415 graviter
1471 358 1727 405 vulneratus

232 413 483 464 Praefectus,
522 421 574 455 ut
610 414 713 457 vitae
739 413 986 472 periculum
1017 413 1218 457 aditurus
1253 417 1496 469 videretur,
1531 420 1728 464 refertur

227 472 272 515 in
314 481 470 516 castra.
535 472 760 523 Commius
798 481 960 523 autem,
991 471 1082 515 sive
1112 474 1288 531 expiato
1317 493 1396 521 suo
1432 479 1598 529 dolore,
1637 480 1726 523 sive

226 547 381 589 magna
393 539 520 590 parte
537 532 688 574 amissa
704 548 895 582 suorum,
913 532 1082 589 legatos
1094 532 1149 574 ad
1165 533 1406 578 Antonium
1424 538 1578 589 mittit,
1593 554 1727 597 seque

226 599 272 633 et
293 590 354 632 ibi
377 591 594 640 futurum,
617 591 694 633 ubi
716 591 1043 650 praescripserit,
1066 599 1111 633 et
1129 607 1180 634 ea
1200 592 1434 644 facturum,
1469 614 1565 655 quae
1592 598 1727 658 impe-

225 649 404 699 raverit,
429 649 654 692 obsidibus
674 649 785 692 datis
806 650 964 693 firmat.
1029 651 1181 693 Unum
1209 651 1320 695 illud
1351 663 1465 704 orat,
1498 667 1547 699 ut
1581 658 1729 702 timori

224 723 303 752 suo
321 708 600 759 concedatur,
622 724 675 751 ne
698 709 740 751 in
763 717 1044 768 conspectum
1067 710 1213 753 veniat
1244 713 1502 771 cujusquam
1526 716 1725 760 Romani.

226 769 369 819 Quam
391 767 730 827 postulationem
752 769 969 812 Antonius
996 784 1133 826 quum
1153 761 1386 827 judicaret
1401 773 1458 817 ab
1475 774 1595 833 justo
1616 778 1729 820 nasci

227 828 401 879 timore,
421 827 591 872 veniam
614 828 784 886 petenti
801 827 940 878 dedit,
962 828 1128 871 obsides
1148 831 1330 889 accepit.
1383 824 1389 831 ⁴

287 1061 317 1081 ‘⁴
343 1052 461 1103 Scio,
498 1052 711 1095 Caesarem
744 1050 1014 1110 singulorum
1044 1069 1257 1097 annorum
1285 1053 1476 1114 singulos
1514 1072 1727 1102 commen-

225 1122 254 1142 “
278 1113 414 1157 tarios
455 1112 711 1156 confecisse:
774 1112 894 1169 quod
928 1130 1011 1156 eoo
1055 1129 1141 1157 non
1191 1114 1431 1158 existimavi
1483 1116 1587 1159 mihi
1638 1135 1726 1161 esse

227 1181 257 1201 ‘⁶
281 1172 542 1221 faciendum,
584 1179 821 1231 propterea
858 1151 980 1228 quod
1015 1172 1245 1230 insequens
1279 1190 1430 1226 annus,
1475 1175 1525 1217 L.
1569 1176 1726 1221 Paullo

227 1241 257 1260 “
283 1234 337 1276 C.
372 1232 589 1276 Marcello
619 1232 739 1274 Coss.
777 1229 917 1274 nullas
948 1248 1015 1275 res
1050 1233 1208 1275 Galliae
1239 1233 1372 1276 habet
1403 1251 1563 1293 magno
1595 1253 1727 1296 opere

225 1301 254 1320 ‘⁶
280 1300 435 1352 gestas.
501 1292 570 1334 Ne
600 1291 698 1348 quis
731 1298 875 1332 tamen
909 1291 1149 1349 ignoraret,
1177 1293 1337 1349 quibus
1366 1295 1409 1337 in
1442 1294 1545 1338 locis
1582 1296 1728 1339 Caesar

224 1360 254 1380 ‘⁶
275 1351 580 1409 exercitusque
602 1366 654 1393 eo
683 1358 879 1407 tempore
902 1350 1099 1400 fuissent,
1133 1368 1272 1409 pauca
1299 1354 1529 1399 scribenda
1550 1356 1726 1416 conjun-

227 1420 257 1440 “
281 1410 513 1471 gendaque
534 1409 637 1453 huic
655 1409 967 1453 commentario
987 1410 1167 1453 statui.”

280 1629 352 1673 49.
389 1629 550 1680 Caesar,
585 1627 628 1671 in
657 1627 813 1686 Belgio
847 1645 986 1687 quum
1017 1631 1244 1682 hiemaret,
1272 1646 1406 1673 unum
1429 1630 1539 1674 illud
1565 1647 1723 1691 propo-

220 1691 351 1735 situm
372 1689 584 1738 habebat,
606 1688 829 1731 continere
857 1690 898 1731 in
928 1689 1119 1732 amicitia
1140 1691 1355 1740 civitates,
1378 1690 1486 1733 nulli
1508 1708 1628 1750 spem
1647 1701 1726 1735 aut

222 1765 414 1795 caussam
433 1748 538 1791 dare
555 1762 801 1790 armorum:
848 1747 955 1790 nihil
977 1750 1090 1791 enim
1112 1750 1252 1792 minus
1276 1749 1471 1800 volebat,
1492 1766 1624 1808 quam
1644 1752 1726 1795 sub

219 1811 396 1853 decessu
417 1824 494 1851 suo
516 1807 815 1850 necessitatem
828 1807 910 1849 sibi
929 1807 1123 1866 aliquam
1140 1809 1288 1867 inponi
1307 1809 1413 1852 belli
1435 1810 1634 1867 gerendi,
1655 1827 1724 1862 ne,

222 1885 358 1929 quum
392 1867 633 1911 exercitum
661 1865 935 1910 deducturus
964 1877 1089 1918 esset,
1120 1868 1288 1911 bellum
1309 1868 1488 1927 aliquod
1512 1869 1725 1929 relinque-

223 1938 365 1979 retur,
389 1926 509 1986 quod
540 1925 676 1969 omnis
701 1926 848 1969 Gallia
869 1926 1057 1970 libenter
1080 1927 1170 1970 sine
1193 1929 1392 1986 praesenti
1421 1930 1619 1986 periculo
1640 1947 1726 1973 sus-

222 1989 406 2048 ciperet.
470 1985 642 2044 Itaque,
682 1984 919 2029 honorifice
956 1987 1155 2030 civitates
1189 1987 1465 2046 adpellando,
1502 1987 1727 2047 Principes

220 2046 416 2092 maximis
437 2044 624 2104 praemiis
643 2045 899 2097 adficiendo,
932 2046 1054 2089 nulla
1075 2063 1207 2090 onera
1228 2063 1341 2089 nova
1362 2046 1626 2105 inponendo,
1655 2049 1726 2091 de-

220 2108 374 2150 fessam
396 2114 464 2148 tot
486 2104 679 2147 adversis
707 2105 873 2163 proeliis
906 2106 1113 2157 Galliam,
1145 2106 1393 2150 conditione
1424 2106 1607 2165 parendi
1639 2125 1726 2152 me-

224 2167 351 2216 liore,
371 2164 499 2208 facile
519 2163 562 2206 in
584 2179 691 2222 pace
710 2164 943 2209 continuit.

1012 2307 1164 2383 Lgrptulo.
1190 2308 1248 2339 sed
1274 2307 1304 2340 is
1327 2308 1360 2340 in
1385 2315 1581 2351 sequentem
1598 2320 1724 2342 annum

1003 2363 1043 2384 ca
1070 2358 1106 2384 ιῑ.

1052 2398 1179 2437 Massno
1197 2409 1304 2439 opere.
1352 2397 1468 2440 Vulgo
1484 2409 1700 2440 maqnopere.

224 2310 330 2351 mius)
352 2312 430 2353 equi
447 2310 544 2342 υθῐοο.
561 2311 708 2342 evitavit.
752 2310 862 2349 Atque
881 2307 938 2339 hic

226 2354 352 2387 desinit
368 2355 539 2396 periodus.
586 2355 669 2385 Haec
688 2352 863 2391 Davisius,
878 2363 937 2384 co-

226 2399 316 2431 dicis
325 2399 556 2431 uniusductus
566 2396 939 2436 auctoritate,m0nuit.

228 2444 307 2475 Jam
322 2443 473 2485 sequitur
490 2444 523 2475 in
547 2443 709 2475 omnibus
725 2442 793 2474 fere
810 2441 940 2473 codici-

226 2489 313 2520 bus:
346 2499 387 2521 ac
401 2491 448 2519 sic
463 2488 532 2527 (vel
551 2490 602 2521 si.-
633 2488 738 2526 male)
756 2488 871 2528 proel1‘o
892 2497 940 2518 se-

225 2532 336 2564 cundo
362 2534 514 2574 qraviter
529 2533 572 2564 ab
587 2543 623 2564 eo
640 2531 820 2570 (Davisius
843 2530 941 2563 malit

226 2578 331 2610 adeo.-
371 2576 475 2616 bene)
511 2576 806 2608 vulroeratus-—BL
860 2575 940 2606 Vox

228 2622 365 2653 malum
381 2621 424 2653 ab
441 2620 521 2652 aliis
537 2620 716 2652 omittitur.

273 2666 367 2698 Orat.
416 2664 583 2697 Restituit
607 2664 725 2696 Davis.
747 2663 941 2706 Legebamr

225 2710 320 2753 prius
336 2714 420 2742 erat.
509 2741 511 2743 .

273 2756 319 2787 In
343 2759 567 2797 conspectum.
608 2752 670 2785 alii
696 2755 731 2785 in
752 2758 938 2796 conspectu.

232 2799 386 2841 Respice
404 2800 446 2830 ad
462 2808 493 2829 e.
510 2801 542 2830 8.

275 2844 318 2876 L.
335 2845 460 2876 Paullo
480 2844 517 2875 C.
529 2843 639 2874 Marc.
688 2844 779 2875 Coss.
792 2842 869 2875 Fuit
881 2853 942 2874 an-

225 2898 290 2928 nus
313 2890 377 2924 ⁷04
401 2889 440 2922 Ρ.
464 2887 507 2922 U.
527 2887 567 2920 C.
592 2888 644 2921 Μ.
661 2887 702 2921 L,
719 2889 856 2923 Paullo.
878 2886 939 2923 alii

1011 2485 1018 2491 ·
1057 2443 1156 2474 Nulli
1165 2448 1268 2484 spem.
1300 2442 1419 2474 Davis.
1429 2443 1576 2474 malebat
1586 2445 1724 2484 specim

1010 2495 1034 2518 1.
1050 2496 1081 2517 e.
1100 2493 1315 2528 praetextum.

1054 2532 1122 2564 Sub
1137 2532 1273 2563 decessu
1287 2542 1358 2563 suo.
1389 2532 1438 2564 sic
1460 2531 1584 2563 Clarke
1607 2542 1722 2564 emen-

1006 2575 1099 2607 davit
1113 2582 1146 2607 et
1164 2575 1381 2607 consentiunt
1397 2578 1496 2608 codd.
1533 2576 1645 2617 Vulgo
1661 2578 1721 2609 sub

1007 2620 1152 2652 discessu
1167 2631 1227 2652 suo
1242 2621 1296 2651 vel
1312 2622 1373 2651 sub
1387 2622 1569 2652 discessum
1582 2631 1692 2652 suum.

1054 2665 1170 2696 Omnis
1186 2666 1312 2696 Gallia.
1339 2672 1405 2696 tres
1414 2663 1536 2696 Galliae
1551 2664 1722 2707 intelligit.

1004 2708 1068 2740 alii
1088 2711 1209 2742 Gallia?
1224 2712 1434 2750 susceperint.

1053 2754 1260 2796 Inponenclo,
1300 2753 1361 2784 alii
1393 2753 1611 2796 injunyenclo.
1647 2755 1721 2787 ele-

1005 2804 1136 2840 ganter.
1160 2797 1213 2828 Cf.
1230 2796 1270 2828 C.
1290 2799 1318 2835 1,
1337 2800 1366 2828 4.

1055 2843 1247 2875 Condicione
1277 2842 1420 2883 parendi
1449 2843 1597 2881 meliore,
1639 2855 1717 2876 cum

1006 2887 1171 2924 viderent,
1192 2897 1228 2917 se
1249 2885 1297 2916 ita
1319 2885 1392 2917 fore
1414 2885 1447 2917 in
1466 2886 1612 2928 imperio
1629 2889 1718 2931 Pop.

1009 2931 1171 2970 Romani,
1187 2936 1223 2964 ut
1238 2940 1323 2974 pace
1338 2934 1520 2964 uterentur.
1546 2934 1598 2965 Μ.
