1946 3261
172 199 257 247 266
628 195 713 241 DE
746 192 951 239 BELLO
983 190 1197 237 CIVILI.

172 328 440 375 ficiscuntur,
477 323 740 379 lictoresque
774 320 938 364 habent
957 319 1003 363 in
1028 320 1139 364 urbe
1159 327 1205 363 et
1227 316 1449 421 Capitolio
1505 316 1654 369 rivati‚

172 396 327 431 contra
365 383 508 427 omnia
547 380 776 423 vetustatis
817 379 1032 436 exempla.
1123 378 1239 422 Tota
1313 379 1420 422 talia
1500 379 1654 423 ilectus

175 447 406 492 habentur,
428 456 548 484 arma
568 439 855 499 imperantur,
874 437 1067 495 pecuniae
1087 453 1113 480 a
1133 436 1379 498 municipiis
1399 438 1654 496 exiguntur,

172 523 197 547 e
234 503 340 546 fanis
381 500 614 550 tolluntur,
651 497 794 542 omnia
831 495 993 541 Divina
1026 495 1301 556 humanaque
1334 497 1436 557 jura
1478 496 1655 557 permis-

173 569 342 607 centur.
495 572 497 575 ’

230 621 273 663 7.
308 619 481 671 Quibus
498 617 630 661 rebus
650 615 852 676 cognitis,
874 614 1019 658 Caesar
1040 610 1162 682 apud
1183 612 1340 658 milites
1355 615 1655 661 concionatur.

172 688 203 707 “
228 679 436 723 Omnium
467 686 720 736 temporum
756 673 934 734 injurias
972 673 1246 717 inimicorum
1281 673 1326 716 in
1360 677 1430 717 se'’
1471 687 1655 720 comme·

170 747 331 790 morat,
383 745 412 765 “
433 753 460 780 a
495 737 655 796 quibus
694 733 922 778 seductum
956 749 1006 776 ac
1044 732 1338 793 depravatum
1376 732 1658 795 Pompeium”

169 798 391 858 queritur,
423 803 453 824 ‘⁴
481 795 647 839 invidia
683 803 817 852 atque
856 792 1180 836 obtrectatione
1219 791 1363 834 laudis
1400 807 1500 844 suae,
1539 793 1660 852 cujus

171 865 203 885 “
225 859 317 918 ipse
337 856 492 901 honori
513 863 558 898 et
579 853 784 914 dignitati
816 867 987 912 semper
1020 850 1183 895 faverit
1216 850 1477 910 adjutorque
1508 850 1655 895 fuerit.

172 924 203 945 ‘⁴
226 918 407 962 Novum
443 915 487 958 in
519 913 768 973 Republica
800 911 1098 956 introductum
1132 909 1404 969 exemplum’‘
1440 911 1658 968 queritur,

173 983 204 1004 ‘⁴
226 985 277 1020 ut
299 973 550 1020 Tribunitia
567 972 814 1017 intercessio
833 971 964 1015 armis
983 978 1217 1015 notaretur
1236 978 1370 1028 atque
1391 968 1658 1030 obprimere·

173 1043 205 1064 “
228 1045 320 1086 tur,
341 1051 438 1094 quae
455 1032 752 1093 superioribus
771 1030 891 1075 annis
911 1031 1041 1074 armis
1058 1037 1168 1073 esset
1189 1029 1408 1072 restituta.
1471 1029 1657 1079 Sullam,

173 1102 204 1123 ‘⁴
227 1094 392 1139 nudata
424 1092 624 1138 omnibus
653 1092 783 1135 rebus
815 1090 1065 1134 Tribunitia
1094 1097 1328 1148 potestate,
1360 1096 1506 1131 tamen
1528 1087 1660 1131 inter-

175 1162 205 1182 “
228 1154 460 1198 cessionem
482 1152 666 1195 liberam
685 1149 933 1208 reliquisse:
970 1148 1242 1208 Pompeium,
1275 1148 1350 1206 qui
1369 1147 1520 1190 amissa
1538 1147 1659 1191 resti·

175 1221 206 1241 ‘⁶
230 1214 360 1258 tuisse
391 1211 612 1261 videatur,
649 1209 765 1252 dona
784 1209 934 1259 etiam,
956 1224 1052 1267 quae
1073 1216 1174 1250 ante
1193 1206 1416 1256 habuerit,
1437 1206 1658 1250 ademisse.

175 1280 206 1300 “
234 1271 604 1327 Quotiescumque
624 1269 680 1312 sit
700 1268 941 1319 decretum,
978 1267 1134 1311 darent
1156 1266 1447 1325 Magistratus
1465 1281 1660 1324 operam,

173 1339 212 1380 “,
228 1347 280 1375 ne
300 1330 407 1389 quid
431 1328 519 1372 Res
555 1328 703 1371 ublica
721 1326 974 1370 detrimenti
994 1334 1190 1384 caperet,
1225 1327 1331 1383 (qua
1362 1340 1468 1368 voce
1499 1332 1545 1367 et
1572 1340 1660 1384 quo

174 1398 206 1418 ‘⁶
231 1392 278 1433 S.
305 1389 359 1432 C.
386 1345 581 1446 Populliis
617 1386 837 1430 Romanus
869 1385 926 1428 ad
949 1400 1072 1428 arma
1101 1384 1157 1427 sit
1187 1386 1403 1442 vocaturn)
1430 1384 1597 1427 factum
1618 1384 1662 1427 in

173 1457 205 1476 “
229 1447 480 1509 perniciosis
498 1445 683 1504 legibus,
724 1445 767 1488 in
790 1445 833 1488 vi
864 1443 1134 1494 Tribunitia,
1173 1443 1217 1488 in
1236 1443 1471 1488 secessione
1491 1442 1663 1504 populi,

172 1516 202 1536 ‘⁶
227 1507 401 1575 templis
419 1504 612 1564 locisque
632 1504 892 1548 editioribus
907 1504 1173 1564 occupatis.'’
1203 1505 1353 1562 Atque
1377 1511 1409 1530 “
1430 1502 1519 1547 haec
1538 1518 1664 1562 supe-

174 1576 204 1596 “
226 1568 352 1611 rioris
372 1565 510 1610 aetatis
528 1564 725 1622 exempla
745 1564 920 1623 expiata
943 1563 1169 1607 Saturnini
1191 1572 1326 1622 atque
1361 1562 1662 1607 Gracchorum

175 1636 207 1655 ‘⁶
229 1626 422 1670 casibus”
443 1624 586 1667 docet.
649 1632 678 1649 ‘⁶
705 1623 906 1673 Quarum
927 1638 1073 1666 rerum
1111 1622 1187 1665 illo
1220 1631 1421 1682 tempore
1447 1621 1554 1665 nihil
1575 1621 1663 1665 fac-

175 1695 206 1715 “
229 1693 341 1735 tum,
380 1699 433 1726 ne
470 1682 713 1740 cogitatum
748 1681 960 1739 quidem;
991 1682 1113 1725 nulla
1145 1681 1217 1724 lex
1254 1681 1428 1740 promul
1490 1689 1551 1730 ta,
1573 1695 1658 1723 non

175 1751 209 1774 “
232 1760 330 1788 cum
360 1742 524 1802 populo
545 1741 616 1800 agi
637 1749 850 1800 coeptum,
872 1740 993 1784 nulla
1013 1741 1192 1784 secessio
1214 1740 1376 1783 facta.”
1474 1747 1663 1790 ortatur,

225 1857 368 1895 Privati,
393 1853 520 1897 quibus
558 1852 701 1896 privatis
739 1854 884 1886 decretae

178 1906 276 1935 erant
293 1899 490 1942 provinciae.
514 1899 565 1932 M.

952 1854 985 1886 in
1014 1854 1088 1887 Cic.
1139 1853 1290 1885 Divinat.
1321 1864 1355 1896 p.
1393 1855 1443 1885 19.
1477 1854 1657 1887 Cenareus.

951 1898 1053 1941 Atqui
1080 1908 1156 1930 cam
1198 1898 1383 1940 Pompeius
1412 1908 1480 1930 non
1511 1896 1657 1930 restituit

228 1946 417 1978 Habentur.
433 1943 532 1974 bene.
548 1941 610 1974 alii
628 1943 783 1975 liabetur.

230 1988 362 2030 Efamsss
379 1989 448 2020 toll.
468 1986 581 2028 Vulgo
597 1993 629 2020 et
643 1987 772 2029 effluis.
795 1985 886 2017 Con-

177 2032 386 2076 junctionem
409 2030 543 2063 sustulit
570 2029 661 2063 Oud.
684 2029 885 2063 auctoritate

181 2077 284 2111 codd.

229 2121 425 2154 ‚Se-ductum.
473 2117 528 2150 Sic
545 2117 638 2150 Oud.
667 2128 708 2149 cx
738 2117 887 2160 ingenio.

181 2167 218 2199 Iu
242 2163 404 2197 omnibus
427 2163 530 2194 codd.
556 2167 608 2194 est
632 2161 805 2195 diductum
832 2162 887 2194 vel

180 2209 376 2247 deductum,
401 2206 425 2238 i.
439 2217 470 2238 e.
491 2217 511 2238 a
529 2204 672 2238 Caesaris
685 2205 839 2238 amicitia
856 2212 889 2238 et

180 2252 289 2286 veteri
305 2249 549 2285 consuetudine
563 2250 759 2282 deductum.
788 2250 889 2283 Conf.

181 2299 216 2338 7,
236 2299 289 2330 37.
322 2297 459 2328 Poterat
483 2305 562 2335 crgo
581 2299 678 2325 vetus
699 2294 802 2326 lectio
820 2305 886 2326 scr-

182 2341 253 2374 vari
258 2365 268 2380 ,
277 2339 340 2374 etsi
351 2338 571 2380 Oudendorp.
582 2339 737 2369 eumdem
751 2348 808 2371 sen
814 2350 888 2371 sum

181 2385 302 2419 habet.
335 2385 386 2418 M.
431 2383 554 2416 Oud.e
569 2381 775 2413 membranis
798 2383 891 2415 dedit

183 2431 372 2464 seductum.
396 2428 531 2460 Habent
543 2426 682 2468 quidam
699 2427 888 2467 inductum,

182 2475 277 2517 quod
293 2472 452 2517 placebat
468 2472 700 2504 Ilotomanno.

232 2519 277 2551 In
316 2517 515 2558 Republica.
570 2513 659 2547 Cod.
690 2514 823 2547 Petavii
854 2519 888 2547 1⁴11

188 2564 273 2595 Rem
309 2562 458 2594 ablicam.
494 2560 589 2602 quod
634 2559 756 2601 probat
798 2559 888 2591 Oud.

185 2606 260 2639 Con
279 2630 287 2638 .
304 2604 476 2638 Drakenb.
490 2605 534 2636 nd
547 2603 623 2636 Liv.
640 2607 694 2642 43,
711 2607 744 2635 2.

233 2652 343 2683 Amnis
367 2655 556 2687 notaretur,
579 2648 775 2682 advertaute
796 2658 892 2680 exer-

186 2693 256 2727 citu
274 2692 444 2736 Pompeii,
468 2692 600 2725 curiam
615 2692 780 2730 cincturo,
796 2691 890 2733 igno-

187 2737 294 2770 minia
320 2737 524 2771 adficiuntur
548 2737 688 2775 tribuni,
702 2736 785 2779 quia
805 2735 891 2768 nihil

779 2780 845 2813 ian.
860 2784 892 2819 2,

776 2825 820 2858 ic.
849 2825 891 2857 ad

187 2784 278 2815 valet
305 2792 424 2814 eorum
441 2781 649 2816 intercessio.
694 2783 750 2824 Ap

190 2829 244 2859 38.
274 2829 409 2868 p.-1-18.
450 2827 500 2858 M.
547 2825 715 2869 Adposite

189 2871 258 2904 Ait.
275 2871 307 2907 7,
323 2872 356 2901 9.
407 2870 576 2902 Tribunus
588 2872 637 2913 pl.
654 2876 801 2902 notatus.

235 2915 410 2948 Restituta.
433 2914 571 2948 Sallust.
606 2914 682 2948 Cat.
699 2916 754 2947 38.
768 2915 894 2948 Ascon.

951 1945 1071 1982 armis,
1103 1943 1159 1975 sed
1186 1942 1273 1984 lege.
1318 1942 1393 1974 Cic.
1423 1941 1520 1974 Verr.
1553 1944 1581 1980 l,
1611 1944 1662 1974 15.

954 1987 1044 2028 Ergo
1074 1987 1217 2018 verbum
1245 1990 1355 2018 armis
1385 1986 1566 2018 delendum
1600 1991 1663 2018 ent.

954 2032 1006 2063 M.
1052 2031 1115 2062 Sed
1146 2032 1252 2062 armis
1278 2031 1405 2063 habent
1420 2030 1522 2062 codd.
1536 2034 1570 2062 et
1586 2030 1662 2062 edd.

952 2081 1033 2107 ante
1070 2074 1291 2117 scalig-erum.
1348 2074 1391 2106 Et
1426 2074 1532 2107 armis
1565 2073 1660 2116 quusi

954 2119 1146 2161 subjectam
1169 2126 1238 2152 tum
1266 2118 1439 2151 habebant
1462 2117 1603 2151 Cmoeus
1627 2123 1663 2150 ot

956 2163 1154 2205 Pompeius,
1182 2174 1283 2205 quare
1306 2162 1420 2195 Caesar
1443 2162 1493 2194 sie
1518 2163 1560 2196 nd
1575 2161 1661 2195 iuvi-

954 2207 1046 2239 diam
1062 2207 1143 2239 huic
1160 2206 1389 2239 conflandam.
1415 2206 1504 2238 Oud.
1537 2205 1661 2240 Fotun

955 2254 1061 2283 amm‘s
1078 2251 1180 2293 priori
1198 2252 1276 2283 loco
1292 2257 1343 2283 est
1358 2251 1550 2283 delendum.

1004 2297 1150 2329 Sullam.
1178 2295 1246 2328 vid.
1263 2306 1338 2337 cap.
1353 2298 1385 2327 5.
1410 2295 1460 2327 Μ.

1002 2341 1114 2372 Dona.
1154 2339 1256 2372 Multi
1271 2339 1452 2371 voluerunt
1466 2338 1535 2381 logi
1549 2336 1635 2373 bona
1648 2353 1662 2379 ;

956 2383 1173 2417 Marclandus
1199 2383 1232 2415 in
1261 2382 1552 2425 explicationibu·
1579 2389 1659 2417 vett.

954 2434 1083 2460 auctor.
1111 2427 1244 2466 maluit,
1272 2431 1400 2460 omnia.
1449 2426 1549 2460 Certe
1573 2424 1664 2462 ϋηο

953 2473 1024 2505 dici
1041 2473 1074 2505 h.
1086 2473 1109 2505 1.
1123 2482 1192 2504 non
1210 2478 1363 2514 possunt.
1379 2471 1428 2504 M.
1454 2473 1560 2505 Dona
1572 2470 1663 2504 oud.

956 2516 1034 2550 heic
1051 2515 1209 2558 intelligit
1233 2515 1477 2558 praerogativas
1499 2515 1661 2550 Tribuni-

956 2561 1012 2593 tia*
1030 2560 1185 2603 potestati
1208 2571 1402 2592 concessas⁸
1449 2559 1515 2592 Pro
1536 2570 1662 2603 pmcn-

956 2605 1048 2637 denti
1080 2607 1208 2637 anai-ssa
1229 2605 1304 2636 scil.
1335 2605 1430 2637 dona
1453 2604 1507 2637 vel
1547 2606 1662 2638 onnia

954 2650 1032 2681 edd.
1048 2655 1116 2681 vet.
1130 2649 1210 2680 dant
1235 2652 1400 2681 antissam
1424 2647 1499 2681 scil.
1514 2649 1660 2681 libera-

955 2695 1232 2725 bum-nessiorum.
1281 2691 1426 2734 Recepit
1441 2692 1603 2735 Scaliger.

1008 2738 1154 2779 Tempus
1166 2753 1212 2760 —-
1226 2739 1406 2779 occupatis,
1433 2742 1471 2768 ut
1484 2735 1661 2769 Gracchus

957 2779 1167 2823 Capitolium
1183 2780 1380 2824 occupavit.
1413 2781 1640 2813 Rheuioamoe.

1005 2827 1064 2858 Sat
1089 2832 1190 2868 atqaoe
1217 2827 1360 2859 Graoeh.
1390 2823 1461 2858 vid.
1485 2824 1603 2858 morus
1626 2826 1660 2857 3.

963 2871 1015 2903 14.
1047 2872 1094 2902 ιε.
1121 2871 1176 2902 16.
1229 2871 1408 2904 οιιιαήικ.
1445 2868 1543 2906 md·
1571 2866 1659 2905 Livii

961 2913 1046 2957 epit.
1062 2916 1117 2954 58,
1132 2916 1187 2953 59,
1203 2916 1257 2947 69.
