1946 3261
231 275 464 328 derelictae,
487 276 592 321 nihil
613 295 711 322 saxa
730 287 774 322 et
795 288 940 322 cautes
976 280 1203 324 timerent:
1239 299 1423 339 quarum
1452 301 1599 331 rerum
1619 302 1709 333 ome

231 335 350 377 nium
371 337 525 379 nostris
545 338 728 381 navibus
745 355 863 381 casus
884 346 1007 380 erant
1028 340 1344 383 extimescendi.

296 394 360 436 14.
396 395 711 454 Compluribus
728 396 986 455 expugnatis
1004 395 1190 453 oppidis,
1211 398 1370 448 Caesar,
1387 401 1463 443 ubi
1482 403 1712 458 intellexit,

229 452 392 495 frustra
414 462 584 496 tantum
620 454 816 496 laborem
841 454 967 503 sumi,
1001 469 1142 510 neque
1175 453 1363 498 hostium
1394 459 1542 517 fugam
1569 481 1617 507 ca
1652 466 1710 510 tis

229 511 402 570 oppidis
422 513 618 570 reprimi,
640 528 782 569 neque
801 512 864 555 his
885 512 1029 555 noceri
1050 527 1188 570 posse,
1205 514 1362 557 statuit
1378 527 1606 575 exspectan
1636 540 1709 568 am

228 570 416 612 classem.
483 571 591 619 Quae
610 570 687 612 ubi
706 571 907 613 convenit
938 587 987 613 ac
1005 571 1196 630 primum
1217 572 1274 614 ab
1299 572 1492 618 hostibus
1522 578 1610 621 visa
1628 592 1709 634 est,

228 628 401 670 circiter
436 629 602 671 CCXX
634 644 761 671 naves
782 645 933 672 eorum
953 629 1231 688 paratissimae
1251 639 1386 689 atque
1405 634 1519 676 omni
1580 654 1707 684 enere

225 702 447 729 armorum
483 687 775 737 ornatissimae,
813 689 1018 746 profectae
1051 704 1104 731 ex
1142 698 1292 748 portu,
1332 692 1488 735 nostris
1522 655 1711 743 adversae

225 746 543 794 constiterunt;
575 762 716 804 neque
737 747 837 789 satis
860 747 1016 798 Bruto,
1040 747 1117 805 qui
1137 748 1258 791 classi
1288 760 1491 808 praeerat,
1514 753 1582 795 vel
1611 756 1708 799 Tri-

226 803 353 846 bunis
370 803 559 847 militum
581 805 1027 864 Centurionibusque‚
1061 806 1222 864 quibus
1244 807 1424 868 singulae
1442 825 1570 854 naves
1587 824 1712 859 erant

221 862 473 913 adtributae,
494 864 735 914 constabat,
768 865 873 922 quid
889 874 1087 924 agerent,
1119 875 1196 908 aut
1217 883 1348 925 quam
1368 868 1579 913 rationem
1597 889 1710 932 pug-

222 937 287 964 nae
309 922 566 966 insisterent.
630 922 790 965 Rostro
818 925 931 967 enim
959 924 1104 967 noceri
1134 940 1218 968 non
1247 943 1367 985 posse
1387 940 1711 988 cognoverant;

222 982 421 1025 turribus
453 991 601 1025 autem
644 982 856 1033 excitatis,
891 992 1033 1026 tamen
1066 983 1138 1027 has
1171 984 1360 1029 altitudo
1397 1004 1490 1046 pup
1526 989 1615 1032 ium
1654 1007 1709 1034 ex

222 1041 421 1084 barbaris
443 1042 624 1084 navibus
654 1042 906 1100 superabat,
942 1051 992 1085 ut
1013 1059 1153 1101 neque
1184 1060 1238 1087 ex
1266 1045 1469 1090 inferiore
1508 1064 1585 1090 oco
1606 1050 1710 1093 satis

220 1101 439 1144 commode
470 1100 558 1142 tela
576 1100 703 1158 adjici
733 1110 919 1159 possent,
941 1111 986 1144 et
1007 1103 1131 1145 missa
1157 1103 1214 1146 ab
1236 1104 1375 1148 Gallis
1393 1107 1570 1165 gravius
1599 1108 1709 1151 acci-

218 1158 384 1202 derent.
449 1159 549 1203 Una
574 1168 669 1202 erat
688 1176 843 1203 maono
863 1161 959 1203 usui
980 1178 1046 1204 res
1067 1172 1315 1221 praeparata
1331 1180 1355 1207 a
1377 1166 1549 1216 nostris,
1580 1167 1711 1211 falces

219 1227 462 1276 praeacutae,
497 1218 667 1262 insertae
695 1199 933 1278 adfixaeque
965 1220 1191 1280 longuriis,
1228 1238 1312 1266 non
1345 1224 1531 1267 absimili
1568 1226 1710 1270 forma.

219 1277 454 1320 muralium
471 1277 660 1320 falcium.
728 1278 810 1320 His
830 1295 967 1335 quum
986 1280 1125 1333 funes,
1148 1282 1225 1339 qui
1254 1290 1474 1326 antemnas
1494 1283 1549 1327 ad
1573 1285 1710 1329 malos

217 1334 511 1385 destinabant,
553 1336 851 1394 comprehensi
883 1338 1153 1397 adductique
1187 1351 1327 1391 erant,
1371 1343 1545 1402 navigio
1579 1344 1710 1387 remis

219 1394 399 1438 incitato
434 1395 860 1453 praerumpebantur.
927 1397 1099 1446 Quibus
1120 1399 1309 1451 abscisis,
1333 1411 1546 1444 antemnae
1567 1418 1712 1446 neces-

218 1453 330 1496 sario
353 1453 655 1503 concidebant,
690 1463 756 1503 ut,
790 1470 924 1510 quum
959 1456 1094 1498 omnis
1130 1458 1311 1499 Gallicis
1345 1459 1529 1500 navibus
1549 1477 1646 1516 spes
1664 1461 1707 1503 in

217 1512 324 1555 velis
344 1512 707 1567 armamentisque
736 1512 1004 1558 consisteret,
1038 1512 1101 1552 his
1122 1514 1301 1571 ereptis,
1337 1514 1473 1556 omnis
1504 1532 1603 1559 usus
1637 1534 1709 1561 na-

217 1571 337 1613 vium
372 1585 459 1612 uno
501 1577 699 1626 tempore
738 1567 1003 1626 eriperetur.
1069 1568 1308 1626 Reliquum
1350 1581 1445 1614 erat
1487 1582 1707 1620 certamen

216 1629 408 1688 positum
426 1629 468 1669 in
491 1627 675 1675 virtute,
698 1642 785 1683 qua
798 1626 934 1669 nostri
951 1626 1109 1669 milites
1128 1627 1253 1669 facile
1271 1631 1556 1688 superabant,
1575 1642 1711 1691 atque

215 1705 267 1732 eo
286 1688 438 1746 magis,
472 1684 592 1744 quod
616 1684 659 1727 in
693 1693 928 1743 conspectu
966 1684 1145 1728 Caesaris
1174 1696 1308 1744 atque
1331 1688 1468 1731 omnis
1490 1692 1709 1737 exercitus

214 1763 281 1790 res
303 1746 559 1806 gerebatur,
583 1752 633 1786 ut
654 1744 823 1786 nullum
842 1743 991 1802 paullo
1010 1744 1167 1788 fortius
1189 1746 1351 1789 factum
1374 1748 1512 1792 latere
1533 1760 1706 1807 posset:

213 1822 359 1849 omnes
391 1805 506 1848 enim
537 1803 669 1847 colles
701 1820 750 1845 ac
779 1803 873 1846 loca
903 1804 1146 1862 superiora,
1177 1804 1293 1847 unde
1311 1816 1407 1851 erat
1429 1808 1709 1867 propinquus

213 1865 444 1924 despectus
462 1864 504 1906 in
525 1879 660 1911 mare,
683 1862 740 1905 ab
762 1862 958 1905 exercitu
978 1863 1258 1906 tenebantur.

277 1925 342 1968 15.
378 1922 587 1982 Dejectis‚
608 1930 658 1964 ut
679 1920 883 1972 diximus,
905 1923 1131 1973 antemnis,
1152 1939 1289 1982 quum
1311 1922 1501 1982 singulas
1519 1926 1632 1972 binae
1651 1945 1704 1974 ac

258 2041 370 2071 Erant
395 2037 639 2070 extimescendi.
661 2034 720 2067 alii
746 2041 818 2068 erat
844 2038 925 2069 exce·-

209 2084 416 2117 mesceiwlus.

258 2126 534 2170 Exspectandum
560 2126 713 2163 classem,
738 2125 770 2156 al
787 2135 921 2166 eoespec-

204 2173 361 2206 tandum.

256 2218 356 2249 Omni
382 2226 504 2257 qmwre
531 2224 717 2246 armorum.
764 2213 918 2255 Intellige

208 2262 299 2299 vela,
310 2261 406 2293 funes
422 2267 455 2292 et
468 2258 596 2291 similia
612 2264 834 2295 armamenta,
851 2268 917 2289 non

209 2306 288 2337 tela.
304 2306 348 2337 cf.
373 2305 441 2337 Dio
461 2307 513 2341 39,
525 2306 578 2334 43.
612 2302 761 2343 Respice
779 2307 811 2333 et
827 2302 869 2332 ad
885 2313 915 2333 c.

215 2351 265 2381 13.
289 2349 344 2381 Sic
361 2355 395 2380 et
409 2349 494 2380 ὅπλα
509 2346 631 2379 Graeci.

260 2394 318 2425 Vel
338 2394 508 2424 Tribunis.
542 2391 681 2432 Lipsius
691 2390 783 2422 dedit
797 2400 917 2432 neque.

205 2437 293 2469 citra
309 2437 559 2469 necessitatem.
583 2435 637 2467 Cf.
650 2440 680 2474 5,
701 2437 731 2465 6.
754 2437 802 2466 17.
819 2440 886 2466 etc.

259 2482 388 2513 Tamen
417 2483 491 2513 has.
533 2479 594 2511 alii
628 2485 762 2511 tantum
788 2484 914 2510 tamen.

209 2526 273 2557 Sed
301 2525 385 2557 bene
414 2524 505 2566 prior
528 2534 595 2555 vox
617 2524 722 2555 deest.
740 2534 770 2554 v.
785 2528 857 2554 not.
871 2524 913 2554 ad

208 2574 240 2609 5,
263 2572 313 2601 15.
332 2570 363 2608 7,
381 2571 434 2600 28.

256 2616 297 2646 Ut
306 2624 412 2655 neque
502 2613 698 2644 accederent.
713 2612 789 2643 Non
805 2611 914 2653 poeni-

202 2657 497 2696 tebit,contulisse
511 2656 589 2687 Liv.
601 2659 654 2695 30,
673 2659 723 2688 10.
750 2657 913 2690 Romanae

203 2713 309 2734 naves
335 2702 511 2733 altitudine
527 2701 746 2742 aliquantum
770 2710 912 2741 supera-

204 2747 284 2779 bant
325 2747 494 2778 Punicas.-
548 2754 591 2775 ez·
625 2746 776 2776 rostratis
816 2745 912 2775 Poenz'

202 2801 297 2822 vana
320 2791 498 2832 pleraque,
523 2793 632 2829 utpote
655 2791 774 2830 supino
797 2790 910 2827 jactu,

199 2836 270 2867 teca
295 2837 334 2866 in
359 2836 564 2875 superiorem
585 2833 696 2862 locum
712 2831 882 2864 mittebant
895 2845 910 2870 ,-

202 2883 343 2922 yravior
359 2889 400 2909 ac
424 2877 569 2919 pondere
593 2878 664 2917 ipso
685 2876 838 2908 libratior
853 2886 911 2908 su-

196 2934 302 2967 perne
316 2934 333 2955 e
352 2923 516 2955 Romanis
529 2923 614 2953 ictus
629 2925 714 2952 erat.
738 2921 789 2954 M.

1032 2039 1227 2070 Muranum
1243 2038 1402 2079 falcium.
1438 2039 1510 2072 vid.
1540 2042 1612 2074 Ind.
1651 2044 1706 2076 M.

988 2081 1043 2113 Gr.
1064 2095 1229 2126 ’γεωργικων
1256 2081 1408 2126 δρεπάνων.
1453 2085 1489 2116 ln
1506 2087 1605 2118 codd.
1623 2086 1700 2120 MS.

988 2125 1159 2158 invenerat
1174 2127 1396 2159 Robortellus
1409 2131 1595 2169 ruralium,
1606 2133 1699 2172 quod

986 2170 1109 2202 Caesari
1124 2171 1365 2202 restituendum
1380 2173 1540 2205 credebat
1551 2186 1562 2214 3
1584 2181 1702 2208 contra

985 2215 1161 2255 vulgatam
1195 2215 1375 2247 lectionem
1410 2218 1561 2249 adseruit
1596 2220 1697 2261 Sigo-

985 2258 1074 2289 nius.
1124 2259 1166 2290 V.
1183 2259 1314 2291 Gruteri
1345 2261 1433 2292 thes.
1461 2261 1536 2294 crit.
1565 2267 1588 2293 t.
1607 2267 1639 2294 2.
1658 2275 1694 2305 p.

986 2305 1026 2332 52
1044 2308 1077 2333 et
1099 2305 1170 2334 157.
1219 2305 1268 2335 De
1292 2315 1354 2335 usu
1384 2305 1523 2337 istarum
1550 2307 1692 2339 falcium

984 2357 1016 2376 v.
1034 2352 1067 2377 et
1082 2347 1160 2378 Liv.
1178 2351 1231 2386 38,
1244 2353 1276 2379 5.
1314 2349 1402 2380 Inter
1432 2360 1529 2381 arma
1551 2351 1692 2383 navalia

981 2397 1163 2423 occurrunt
1174 2393 1266 2433 apud
1283 2391 1403 2434 Veget.
1418 2398 1450 2432 5,
1469 2396 1520 2426 14.

1030 2437 1269 2471 Destinaba-nt,
1313 2437 1523 2478 adligabant,
1567 2440 1693 2480 adfige-

984 2478 1077 2510 bant.
1094 2491 1127 2510 v.
1145 2480 1217 2511 lnd.
1234 2480 1348 2522 Vulgo
1360 2482 1462 2520 male,
1476 2483 1690 2515 distinebant.

982 2523 1034 2553 M.
1082 2522 1217 2555 Vitruv.
1235 2529 1267 2563 5,
1286 2527 1336 2556 12.
1364 2531 1414 2558 ter
1437 2526 1604 2558 elestmare
1626 2537 1689 2568 pro

980 2567 1130 2608 deligare
1146 2575 1298 2610 usurpat.

1027 2613 1364 2654 Praerumpebantur.
1399 2612 1462 2644 alii
1485 2624 1691 2656 prorumpe-

978 2655 1116 2694 bantur,
1129 2659 1444 2698 perrumpebamur.

1026 2701 1196 2741 Disjectis.
1254 2702 1323 2732 Res
1357 2700 1431 2742 ipsa
1456 2700 1686 2735 necessariam

976 2743 1059 2774 facit
1075 2744 1182 2775 aliam
1199 2744 1395 2783 lectionem,
1411 2745 1553 2784 deiectae,
1577 2757 1682 2787 quam

977 2793 1014 2818 ut
1029 2797 1069 2818 ex
1088 2787 1226 2829 ingenio
1243 2787 1420 2830 proposuit
1435 2788 1586 2828 Ursinus,
1603 2790 1685 2832 quia

975 2831 1089 2863 Caesar
1118 2842 1150 2862 c.
1193 2834 1243 2871 14,
1278 2839 1454 2864 antemnas
1495 2833 1686 2867 concidisse

977 2875 1109 2906 dixerat
1132 2875 1181 2907 ita
1200 2876 1234 2907 in
1257 2876 1463 2917 quibusdam
1478 2878 1580 2909 codd.
1610 2878 1684 2911 Ou«

977 2919 1183 2965 dendorpius
1207 2920 1346 2963 reperit,
1370 2926 1404 2954 et
1432 2922 1600 2965 metaphr.
1624 2923 1680 2959 Gr,
