1946 3261
269 204 353 249 328
729 199 813 242 DE
846 196 1049 242 BELLO
1083 196 1293 241 CIVILI.

268 346 369 376 cum
388 328 581 371 exercitu
601 325 904 385 proficiscitur,
933 324 1142 382 biduique
1171 325 1255 366 iter
1285 339 1367 383 pro
1401 339 1552 373 ressus,
1581 324 1636 367 ad
1666 324 1744 368 flu-

269 404 367 433 men
390 385 637 443 Bagradam
656 385 877 444 pervenit:
904 384 964 427 ibi
985 383 1037 425 C.
1059 383 1289 426 Caninium
1308 339 1514 425 Reffiilum
1533 382 1746 439 Legatum

269 462 368 490 cum
398 445 640 503 legionibus
670 443 910 501 relinquit3
950 443 1042 501 ipse
1073 459 1173 484 cum
1203 443 1405 499 equitatu
1434 441 1651 483 antecedit
1689 440 1746 484 ad

268 512 409 549 castra
426 503 692 562 exploranda
716 503 990 550 Corneliana,
1009 501 1127 558 quod
1140 501 1172 542 is
1191 500 1310 543 locus
1327 499 1588 559 peridoneus
1603 499 1751 542 castris

267 562 529 605 habebatur.
593 562 646 605 Id
667 570 814 604 autem
835 570 898 603 est
915 561 1073 618 jugum
1088 560 1319 609 directum,
1343 559 1528 602 eminens
1547 559 1592 600 in
1612 572 1748 607 mare,

267 629 455 679 utraque
497 637 550 663 ex
586 629 713 679 parte
755 628 1027 679 praeruptum
1067 628 1200 677 atque
1234 633 1452 677 asperum,
1491 616 1566 659 sed
1601 624 1749 659 tamen

268 680 420 738 paullo
449 679 614 723 leniore
641 679 814 737 fastigio
843 679 899 721 ab
923 694 973 720 ea
1002 686 1144 736 parte,
1177 693 1273 736 quae
1299 676 1356 719 ad
1393 675 1569 719 Uticam
1590 675 1750 733 vergit.

269 739 410 782 Abest
428 738 596 781 directo
619 738 773 781 itinere
794 737 849 780 ab
876 738 1009 780 Utica
1030 736 1181 795 paullo
1202 736 1389 794 amplius
1410 750 1612 793 passuum
1633 734 1750 776 mile.

270 797 360 840 Sed
380 797 460 840 hoc
481 797 634 840 itinere
662 806 725 840 est
756 796 865 846 fons,
888 812 976 854 quo
1004 812 1122 838 mare
1143 795 1334 837 succedit
1356 794 1543 850 longius,
1572 792 1749 849 lateque

265 855 301 897 is
320 855 441 899 locus
461 865 707 914 restagnat:
751 871 879 913 quem
909 855 943 897 si
973 854 1050 912 qui
1080 854 1219 896 vitare
1248 853 1453 901 voluerit,
1484 867 1557 893 sex
1582 850 1750 893 milium

264 913 455 957 circuitu
475 915 518 956 in
538 915 750 973 oppidum
771 915 1009 973 perveniet.

323 973 396 1015 25.
434 973 532 1016 Hoc
549 974 778 1031 explorato
799 974 913 1021 loco,
939 972 1074 1015 Curio
1096 981 1235 1015 castra
1254 971 1360 1012 Vari
1381 967 1606 1027 conspicit,
1624 982 1752 1011 muro

265 1032 521 1090 oppidoque
542 1032 788 1085 conjuncta,
801 1029 856 1070 ad
879 1039 1067 1086 portam,
1086 1043 1184 1085 quae
1204 1029 1457 1085 adpellatur
1474 1026 1655 1075 Bellica,
1676 1025 1751 1068 ad-

265 1089 444 1133 modum
464 1089 631 1130 munita
652 1096 812 1128 natura
833 1087 915 1128 loci
933 1102 941 1127 :
977 1102 1063 1128 una
1084 1102 1137 1128 ex
1159 1095 1284 1143 parte
1305 1085 1397 1142 ipso
1418 1083 1582 1143 oppido
1600 1085 1750 1135 Utica,

264 1148 405 1190 altera
431 1162 457 1188 a
489 1145 678 1193 theatro,
716 1144 834 1200 quod
864 1152 928 1186 est
964 1154 1065 1186 ante
1095 1144 1324 1202 oppidum,
1354 1142 1752 1186 substructionibus

263 1206 356 1263 ejus
377 1222 402 1248 o
439 1203 520 1246 eris
541 1202 736 1245 maximis
756 1203 874 1245 aditu
894 1202 947 1246 ad
966 1212 1105 1245 castra
1123 1202 1290 1244 difficili
1308 1211 1352 1244 et
1369 1210 1570 1260 angusto:
1609 1201 1753 1245 Simul

263 1221 588 1311 animadvertit,
619 1261 759 1303 multa
792 1262 986 1319 undique
1027 1261 1192 1319 portari
1225 1270 1358 1318 atque
1395 1260 1466 1317 agi
1501 1259 1754 1317 plenissimis

264 1322 360 1371 viis,
383 1337 481 1378 quae
502 1320 717 1378 repentini
738 1320 955 1361 tumultus
978 1320 1133 1361 timore
1155 1335 1207 1361 ex
1228 1320 1342 1377 agris
1366 1319 1408 1361 in
1435 1318 1587 1361 urbem
1608 1318 1753 1362 confe-

264 1389 432 1423 rantur.
499 1378 602 1420 Huc
630 1378 877 1435 equitatum
905 1378 1057 1426 mittit,
1087 1387 1137 1419 ut
1167 1377 1380 1436 diriperet
1410 1386 1544 1434 atque
1570 1376 1754 1421 haberet

263 1439 359 1481 loco
380 1437 550 1496 praedae.
614 1437 865 1493 Eodemque
888 1446 1084 1496 tempore
1106 1436 1169 1479 his
1193 1437 1320 1479 rebus
1352 1436 1541 1479 subsidio
1568 1435 1757 1479 sexcenti

263 1497 433 1554 equites
474 1495 679 1539 Numidae
723 1512 776 1537 ex
819 1495 983 1554 oppido
1026 1496 1277 1554 peditesque
1315 1495 1619 1553 quadringenti
1657 1495 1755 1538 mit-

264 1563 424 1598 tuntur
454 1571 480 1597 a
513 1554 648 1604 Varo,
681 1570 789 1612 quos
819 1555 969 1596 auxilii
998 1570 1146 1597 caussa
1180 1554 1274 1596 Rex
1297 1554 1417 1596 Juba
1439 1554 1585 1612 paucis
1602 1553 1756 1597 diebus

263 1623 364 1656 ante
401 1615 579 1656 Uticam
621 1614 810 1655 miserat.
878 1613 995 1655 Huic
1032 1622 1077 1655 et
1114 1622 1345 1670 paternum
1382 1612 1616 1670 hospitium
1655 1628 1754 1655 cum

267 1672 476 1730 Pompeio
507 1680 552 1713 et
581 1671 772 1713 simultas
801 1687 898 1713 cum
932 1672 1123 1714 Curione
1153 1671 1476 1719 intercedebat;
1515 1670 1635 1727 quod
1657 1671 1754 1713 Tri-

266 1732 408 1774 bunus
436 1730 578 1789 plebis
605 1730 746 1787 legem
777 1730 1151 1787 promulgaverat,
1187 1746 1275 1786 qua
1298 1730 1391 1787 lege
1417 1745 1599 1788 regnum
1623 1730 1651 1772 J
1657 1730 1754 1773 ubae

267 1789 587 1847 publicaverat.
653 1789 935 1831 Concurrunt
962 1790 1129 1846 equites
1160 1789 1272 1830 inter
1292 1805 1349 1837 se,
1381 1804 1519 1844 neque
1542 1803 1644 1830 vero
1667 1788 1753 1847 pri-

266 1863 385 1890 mum
413 1848 611 1905 inpetum
641 1856 889 1890 nostrorum
914 1847 1119 1890 Numidae
1142 1847 1254 1889 ferre
1279 1855 1546 1905 potuerunt;
1579 1847 1670 1896 sed,
1693 1848 1754 1890 in·

267 1906 461 1949 terfectis
481 1906 655 1948 circiter
678 1906 817 1955 CXX,
841 1906 997 1963 reliqui
1019 1923 1060 1949 se
1082 1907 1124 1948 in
1149 1915 1291 1949 castra
1317 1906 1373 1947 ad
1403 1905 1612 1964 oppidum
1642 1922 1754 1949 rece·

268 2052 300 2072 c.
324 2044 378 2072 23.
424 2041 600 2073 Excidisse
628 2051 706 2073 cum
735 2047 810 2083 post
846 2043 974 2073 Uticam

270 2090 365 2126 putat
381 2085 545 2124 Jurinius,
565 2086 714 2127 itemque
727 2088 846 2127 lonffl‘S.
872 2086 925 2117 Cf.
942 2096 974 2117 c.

270 2132 326 2160 25.

319 2172 439 2205 Castra
458 2174 675 2205 Corneliana.
721 2174 796 2206 Non
815 2179 890 2205 sunt
904 2184 978 2205 cas-

269 2221 331 2254 tra,
353 2227 431 2257 quae
451 2216 576 2257 aliquis
600 2218 780 2249 Cornelius
804 2218 864 2249 illo
893 2224 978 2248 tem-

271 2271 355 2302 pore
373 2260 416 2291 iis
434 2259 465 2290 in
484 2260 571 2291 locis
587 2261 699 2301 posuit
713 2274 720 2300 3
736 2263 792 2293 sed
806 2268 855 2293 est
872 2263 979 2300 locus,

269 2304 328 2345 qui
355 2304 387 2335 in
415 2304 613 2335 memoriam
639 2312 837 2345 castrorum,
861 2316 880 2336 a
905 2306 978 2337 Sci-

271 2347 374 2389 pione
389 2347 421 2379 in
438 2348 540 2379 bellis
557 2348 694 2379 Punicis
712 2349 757 2381 ibi
775 2351 980 2391 positorum,

272 2402 395 2423 nomen
413 2398 596 2423 castrorum
616 2392 894 2425 Cornelianorum
919 2394 978 2425 lna—

272 2435 357 2467 buit.
381 2435 450 2466 vid.
465 2435 602 2467 Cellarii
615 2436 713 2467 notit.
728 2438 820 2468 orbis
836 2442 867 2475 4,
880 2441 911 2471 4.
925 2442 978 2469 51.

271 2479 373 2511 Conf.
398 2479 484 2511 infra
506 2491 582 2521 cap.
609 2483 648 2511 30
668 2487 700 2512 et
718 2483 769 2511 37.
817 2481 977 2523 Appiano

269 2523 346 2555 Civ.
364 2527 394 2555 2.
419 2535 451 2565 p.
468 2525 544 2554 455.
569 2530 617 2555 est
641 2524 652 2554 o‘
667 2523 772 2568 χάραξ
787 2525 799 2554 o‘
817 2526 980 2559 Σκιπίωνος.

273 2568 323 2598 M.
374 2568 466 2599 Alias
486 2569 650 2606 Cornelia,
670 2574 706 2598 ut
720 2569 809 2609 apud
830 2569 978 2600 Plinium

274 2614 305 2648 5,
323 2614 355 2643 4.
373 2612 516 2643 Melam.
537 2614 565 2649 l,
584 2613 613 2643 7.
638 2612 784 2643 Ptolem.
803 2616 833 2647 4,
853 2614 882 2641 3.
908 2618 980 2657 Kog-

273 2655 368 2686 malou
398 2656 598 2699 παρεμβολὴν.
633 2662 732 2688 vocat
769 2656 913 2687 Orosius
949 2662 981 2695 4,

272 2701 327 2730 22.
352 2702 489 2739 maioris
506 2699 655 2740 ⁴»ifrivam'
669 2706 792 2732 castra.

321 2744 421 2774 Fons.
446 2744 543 2774 Hunc
557 2743 626 2774 Afri
643 2754 773 2775 veneno
785 2743 979 2779 infecerunt.

273 2784 498 2828 Curionis-,que
513 2787 679 2818 exercitui
695 2788 782 2819 haud
801 2789 872 2819 leve
887 2789 979 2819 dam-

272 2833 354 2861 num
367 2830 573 2864 adtulerunt.
619 2831 796 2874 Appianus
818 2833 851 2864 d.
880 2832 902 2864 l.
926 2834 977 2864 M.

1045 2042 1226 2074 Rubenius
1244 2042 1275 2073 in
1295 2041 1424 2073 Electis
1445 2043 1473 2079 1,
1492 2045 1545 2073 35.
1569 2041 1641 2072 vult
1658 2052 1754 2084 pom,

1043 2088 1131 2129 quoa!
1145 2098 1190 2117 m.
1205 2098 1231 2117 x.
1245 2096 1435 2128 perperam.

1091 2131 1254 2169 Succedit,
1269 2130 1454 2161 exuberans
1464 2129 1675 2171 expanditur.
1685 2128 1755 2160 vid.

1046 2176 1116 2206 lnd.
1148 2175 1197 2205 Π.
1259 2174 1401 2205 Additur
1428 2176 1570 2215 botryitis,
1609 2174 1753 2214 lateque.

1046 2218 1101 2249 Sic
1131 2218 1232 2249 codd.
1263 2226 1295 2249 et
1327 2219 1402 2249 edd.
1431 2224 1497 2248 vet.
1543 2217 1638 2249 Mate
1665 2217 1755 2249 Scal.

1044 2265 1141 2302 lonqe
1170 2265 1313 2304 lateque.
1384 2261 1423 2292 To'
1453 2263 1520 2293 late
1551 2261 1673 2303 legitur
1703 2260 1751 2292 sic

1045 2307 1149 2337 etiam
1175 2308 1216 2338 C.
1244 2309 1276 2344 3,
1306 2308 1377 2336 111.
1403 2307 1582 2336 latenter-i.
1629 2304 1753 2337 Nostro

1045 2351 1121 2382 loco
1138 2361 1203 2381 non
1222 2360 1320 2381 nemo
1336 2349 1468 2390 reponit
1485 2350 1562 2380 alte.
1578 2349 1710 2380 frustra.

1092 2396 1196 2426 Porta
1214 2412 1258 2417 —
1277 2395 1412 2424 Bellica.
1473 2393 1678 2424 Freinshem.
1709 2393 1752 2424 ad

1045 2438 1139 2469 Curt.
1171 2442 1201 2475 3,
1228 2441 1259 2476 3,
1292 2440 1340 2468 16.
1391 2438 1462 2468 Beli
1484 2442 1620 2478 portam
1651 2435 1754 2468 fuisse

1045 2482 1160 2513 credit.
1186 2488 1219 2513 ut
1242 2483 1332 2523 apud
1358 2481 1483 2512 Herod.
1501 2482 1532 2520 3,
1562 2483 1621 2512 155
1640 2486 1673 2511 et
1691 2482 1752 2512 158

1040 2532 1145 2567 portoe
1165 2527 1290 2558 Belides
1307 2526 1491 2566 Babylone.

1098 2571 1249 2602 Theatra.
1298 2570 1329 2600 ln
1356 2569 1454 2599 MSS.
1477 2567 1562 2600 meis
1593 2568 1752 2600 omuibus

1047 2620 1096 2644 est
1112 2625 1135 2645 a
1149 2616 1288 2645 theatro.
1341 2614 1458 2651 Recte,
1482 2619 1517 2643 ut
1534 2612 1577 2643 sit
1599 2613 1708 2643 aditus
1730 2623 1754 2644 a

1046 2659 1185 2689 theno-0.
1234 2658 1313 2688 llaec
1334 2655 1422 2687 Oud.
1450 2657 1499 2687 M.
1542 2655 1687 2697 Recepi.

1094 2701 1325 2742 Conseruntur.
1349 2700 1469 2737 lmmo.
1483 2699 1753 2741 conferebantur.-

1045 2750 1078 2775 et
1102 2745 1150 2776 sic
1179 2746 1256 2775 edd.
1285 2745 1374 2785 vulg.
1407 2745 1456 2775 M.
1501 2744 1591 2775 Oud.
1609 2753 1629 2774 e
1652 2743 1749 2774 codd.

1045 2789 1190 2830 praetulit
1206 2789 1429 2829 conferantur.

1094 2834 1342 2866 Publtcarerae.
1398 2832 1465 2864 Dio
1492 2831 1587 2863 Cass.
1614 2830 1668 2867 41,
1695 2830 1753 2865 41.
