1946 3261
306 221 391 266 574
723 220 776 263 C.
808 214 975 262 JULII
1009 215 1292 260 CAESARIS

544 357 764 401 CAESAR
796 357 925 401 IMP.
962 357 1265 402 CICERONI
1299 357 1429 400 IMP.
1466 359 1510 400 S.

300 460 411 502 ETSI
454 465 495 499 te
534 456 638 499 nihil
669 464 840 505 temere,
880 456 984 498 nihil
1023 455 1310 513 inprudenter
1349 457 1565 498 facturum
1593 455 1754 513 judica-

300 533 404 565 rem,
427 523 565 557 tamen
589 523 808 572 permotus
835 514 1049 556 hominum
1079 516 1206 562 fama,
1227 514 1495 557 scribendum
1515 514 1569 556 ad
1588 522 1629 555 te
1650 515 1754 556 exis-

301 574 460 623 timavi,
480 581 522 614 et
544 589 623 630 pro
643 581 788 615 nostra
806 572 1092 620 benivolentia
1113 572 1359 629 petendum,
1388 588 1439 614 ne
1470 588 1557 629 quo
1578 587 1656 628 pro
1688 588 1752 613 re-

297 631 453 673 dereris
474 631 708 687 proclinata
725 630 811 687 jam
831 646 894 678 re,
927 646 1012 686 qua
1044 629 1211 686 integra
1237 630 1365 671 etiam
1390 629 1644 687 progredien
1679 646 1751 671 um

298 689 377 731 tibi
403 704 486 730 non
502 688 785 730 existimasses.
809 703 991 743 namque
1010 696 1053 729 et
1071 687 1263 729 amicitiae
1283 690 1522 744 graviorem
1555 687 1751 745 injuriam

297 747 460 796 feceris,
489 754 533 787 et
556 745 634 802 tibi
653 745 789 788 minus
819 745 1036 787 commode
1071 746 1346 795 consulueris,
1381 746 1415 787 si
1451 758 1532 788 non
1569 746 1753 787 fortunae

297 805 523 846 obsecutus
555 802 751 845 videbere
787 802 945 856 (omnia
973 802 1083 844 enim
1119 802 1413 844 secundissima
1441 803 1575 853 nobis,
1603 803 1751 845 adver-

295 862 451 904 sissima
470 861 551 903 illis
579 861 772 902 accidisse
805 860 1026 917 videntur)
1061 876 1134 902 nec
1164 876 1352 901 caussam
1385 870 1553 901 secutus
1588 860 1751 913 (eadem

295 920 404 961 enim
424 928 516 961 tum
538 919 638 967 fuit,
659 934 793 974 quum
818 918 872 960 ab
900 934 1046 960 eorum
1066 918 1246 960 consiliis
1265 919 1407 959 abesse
1422 917 1661 974 judicasti‚)
1679 918 1752 959 sed

295 993 433 1019 meum
465 976 641 1033 aliquod
674 977 833 1017 factum
870 976 1190 1018 condemnasse:
1226 990 1313 1031 quo
1344 975 1444 1017 mihi
1474 976 1646 1033 gravius
1676 976 1751 1017 abs

297 1044 338 1076 te
358 1035 461 1076 nihil
479 1035 665 1076 accidere
687 1042 827 1090 potest
847 1049 855 1073 :
890 1033 1007 1089 quod
1026 1050 1076 1075 ne
1098 1034 1239 1081 facias,
1262 1049 1340 1090 pro
1359 1034 1454 1091 jure
1476 1042 1629 1075 nostrae
1650 1034 1751 1075 ami-

294 1093 402 1135 citiae
420 1109 444 1134 a
463 1101 504 1133 te
526 1100 639 1148 peto.
705 1091 940 1139 Postremo,
961 1091 1066 1147 quid
1093 1091 1186 1133 viro
1207 1091 1320 1133 bono
1340 1100 1384 1132 et
1403 1091 1549 1147 quieto
1570 1099 1613 1133 et
1638 1091 1751 1133 bono

295 1150 374 1192 civi
401 1150 534 1206 magis
567 1149 778 1197 convenit,
809 1164 939 1204 quam
973 1149 1114 1190 abesse
1141 1165 1165 1190 a
1195 1149 1392 1191 civilibus
1422 1149 1751 1191 controversiis?

294 1208 410 1264 quod
446 1206 635 1248 nonnulli
667 1221 802 1261 quum
835 1207 1080 1263 probarent,
1120 1206 1297 1262 periculi
1333 1222 1476 1248 caussa
1509 1207 1627 1263 sequi
1665 1222 1749 1248 non

295 1272 529 1321 potuerunt
545 1279 555 1311 ;
589 1272 655 1313 tu,
673 1263 896 1320 explorato
915 1272 959 1305 et
978 1264 1077 1306 vitae
1095 1280 1196 1305 meae
1221 1264 1475 1314 testimonio,
1495 1272 1538 1304 et
1557 1264 1750 1306 amicitiae

287 1322 464 1379 judicio,
495 1337 632 1378 neque
665 1322 816 1370 tutius,
859 1337 995 1378 neque
1028 1321 1242 1363 honestius
1277 1322 1461 1379 reperies
1497 1321 1748 1378 quidquam,

290 1395 417 1436 quam
436 1379 491 1421 ab
509 1379 622 1421 omni
640 1378 910 1420 contentione
928 1379 1088 1422 abesse.
1140 1378 1239 1421 XV.
1265 1379 1361 1422 Kal.
1383 1378 1492 1422 Mai.
1515 1395 1567 1422 ex
1586 1379 1750 1423 itinere.

295 1437 549 1480 Vale—Ex
572 1436 657 1480 C'z‘c.
680 1437 736 1478 ad
756 1436 884 1479 Attio.
914 1437 979 1487 10,
1000 1437 1042 1491 8.

420 1543 460 1574 V.
477 1550 510 1574 et
524 1543 589 1584 Ep.
605 1543 647 1574 ad
665 1540 734 1575 Att.
753 1543 803 1580 lo,
818 1544 850 1573 9.

352 1651 415 1693 M.
459 1650 631 1693 Orsium
667 1665 798 1706 quem
833 1649 934 1691 mihi
971 1648 1253 1700 commendas,
1291 1650 1357 1692 vel
1396 1650 1557 1708 Regem
1597 1650 1748 1704 Galliae

292 1709 456 1758 faciam,
477 1708 546 1751 vel
567 1708 716 1765 Leptae
740 1707 979 1763 Legatum:
1012 1708 1044 1749 si
1075 1707 1137 1749 vis
1169 1717 1232 1759 tu,
1265 1709 1319 1750 ad
1347 1724 1413 1750 me
1442 1710 1573 1751 alium
1606 1709 1745 1760 mitte,

292 1775 419 1824 quem
441 1766 732 1810 ornem.—Eoe
757 1764 846 1807 Cic.
870 1767 926 1807 acl
946 1763 1064 1807 Fam.
1089 1764 1130 1815 7,
1155 1765 1192 1806 5.

417 1867 592 1898 Turnebus
607 1867 657 1897 vel
675 1866 782 1906 Leptae
799 1867 913 1906 dalem
930 1879 940 1903 ,·
964 1866 1147 1898 Lambinus
1165 1868 1213 1898 vel
1233 1866 1340 1909 Leptoe
1356 1868 1523 1909 ‹leleqabm
1549 1868 1744 1909 Rutgersius

379 1911 420 1941 V.
437 1912 475 1942 L.
497 1914 523 1948 l,
541 1915 569 1941 5.
587 1911 636 1940 tel
653 1910 786 1950 Lepcide
799 1911 954 1950 lassatum.

351 2024 503 2080 Neque
530 2040 608 2082 pro
639 2033 765 2066 cauto
803 2040 851 2065 ac
885 2023 1091 2081 diligente
1129 2040 1170 2067 se
1209 2025 1353 2068 castris
1387 2025 1743 2069 continuit.-Eoe

296 2079 458 2122 Charis.
483 2082 512 2123 l,
546 2084 577 2123 l.
599 2083 674 2126 col.
704 2083 795 2124 101.
819 2081 918 2124 edit.
941 2081 1151 2125 Putschz'z'.

353 2196 468 2245 Quid
486 2198 654 2252 quaeris,
675 2198 779 2253 quid
799 2198 938 2239 Caesar
957 2197 1012 2239 ad
1031 2213 1095 2240 me
1114 2199 1364 2255 scripserit?
1387 2200 1503 2256 quod
1520 2215 1630 2257 saepe
1649 2215 1742 2257 gra-

293 2254 496 2295 tissimum
516 2255 593 2297 sibi
613 2271 713 2303 esse,
733 2256 849 2311 quod
871 2256 1075 2311 quierim:
1110 2266 1291 2314 oratque
1320 2259 1362 2300 in
1392 2273 1441 2300 eo
1472 2266 1522 2300 ut
1555 2273 1743 2315 perseve-

223 2356 227 2361 ,
291 2312 524 2354 rem—Ex
548 2311 633 2354 Cic.
658 2313 861 2355 adAttz'c.
885 2319 928 2363 ὅ,
954 2315 1017 2356 11,

348 2427 414 2469 De
446 2427 688 2470 Tribunatu
719 2430 836 2484 quod
873 2429 1035 2479 scribis,
1072 2446 1151 2488 ego
1188 2446 1288 2473 vero
1325 2431 1570 2475 nominatim
1605 2433 1741 2490 petivi

293 2485 463 2536 Curtio,
495 2494 539 2527 et
574 2486 675 2528 mihi
710 2486 797 2543 ipse
829 2486 970 2546 Caesar
996 2488 1243 2530 nominatim
1264 2490 1417 2532 Curtio
1437 2499 1633 2546 paratum
1654 2507 1741 2535 esse

290 2543 648 2608 rescripsit—Ex
670 2543 754 2586 Cic.
778 2544 835 2587 ad.
854 2544 1061 2591 Quintum
1071 2546 1139 2604 fr.
1162 2547 1204 2595 3,
1231 2547 1266 2597 1,
1287 2548 1327 2589 3.

300 2702 301 2705 Ἴ
349 2658 478 2708 Quod
497 2659 667 2715 quidem
687 2659 995 2716 propemodum
1012 2661 1157 2703 videor
1172 2677 1224 2703 ex
1242 2662 1417 2704 Caesaris
1436 2662 1590 2707 litteris
1607 2664 1738 2722 ipsius

291 2715 513 2757 voluntate
549 2718 684 2759 facere
718 2733 836 2774 posse
853 2733 863 2765 ;
913 2718 986 2773 qui
1019 2727 1148 2775 negat
1184 2734 1321 2775 neque
1357 2720 1570 2763 honestius
1599 2737 1736 2778 neque

291 2773 426 2814 tutius
444 2773 544 2815 mihi
563 2774 798 2831 quidquam
818 2791 918 2818 esse.
939 2790 1067 2832 quam
1087 2776 1142 2819 ab
1161 2778 1272 2819 omni
1292 2779 1561 2822 contentione
1578 2780 1732 2823 abesse.

292 2829 419 2871 -Eoe
439 2827 526 2873 Cic.
549 2833 605 2874 ad
622 2832 749 2874 Attio.
775 2833 840 2881 10,
861 2832 901 2874 9.
