1946 3261
671 266 787 310 LIB.
821 266 903 311 VI.
968 267 1107 309 CAP.
1140 267 1216 318 28,
1252 267 1326 311 29.
1663 263 1745 310 ‘157

256 399 286 418 “
309 391 501 451 quietem
530 391 731 452 capiunt:
777 409 964 452 quarum
992 409 1046 435 ex
1075 393 1267 452 vestigiis
1296 408 1433 452 quum
1461 400 1527 437 est
1555 393 1745 436 animad-

255 459 285 478 “
309 468 481 495 versum
515 469 540 495 a
561 453 855 503 venatoribus,
884 468 972 510 quo
1003 468 1048 494 se
1081 452 1276 510 recipere
1308 453 1571 503 consuerint,
1600 468 1746 496 omnes

257 518 287 537 “
311 527 363 553 eo
384 511 479 554 loco
501 519 578 554 aut
598 528 623 554 a
644 513 862 555 radicibus
882 512 1117 560 subruunt,
1138 519 1216 553 aut
1235 511 1434 554 accidunt
1453 513 1631 556 arbores
1652 521 1745 554 tan-

253 577 284 596 “
310 577 421 620 tum,
444 578 494 612 ut
516 586 680 613 summa
700 571 862 628 species
882 586 1032 613 earum
1055 569 1264 611 stantium
1287 570 1577 628 relinquatur.
1642 570 1745 613 Huc

255 635 287 655 “
309 643 444 685 quum
464 645 507 671 se
530 629 843 672 consuetudine
873 628 1196 677 reclinaverint,
1228 627 1417 671 infirmas
1438 631 1615 674 arbores
1639 645 1744 689 pon-

254 695 284 714 “
306 687 408 729 dere
428 687 644 745 adfligunt
664 695 798 744 atque
819 703 904 730 una
925 689 1028 746 ipsae
1048 686 1298 730 concidunt.

313 745 385 786 28.
421 753 450 772 ‘⁶
473 745 675 788 Tertium
696 755 760 789 est
780 763 915 806 genus
937 762 1104 795 eorum,
1135 746 1211 804 qui
1233 747 1302 789 uri
1322 746 1618 805 adpellantur.
1683 748 1747 790 Hi

252 811 283 831 “
305 811 408 847 sunt
429 804 729 863 magnitudine
751 806 903 864 paullo
932 806 1044 848 infra
1065 805 1337 863 elephantos;
1369 807 1510 864 specie
1532 814 1577 848 et
1598 806 1744 849 colore

254 871 286 890 ‘⁶
308 871 354 907 et
388 863 532 923 figura
570 865 701 914 tauri.
767 865 933 923 Magna
960 865 1025 907 vis
1057 880 1208 907 eorum
1244 873 1288 907 et
1323 881 1480 923 magna
1515 864 1743 908 velocitas:

256 931 286 950 ‘⁶
311 939 450 981 neque
479 923 656 974 homini,
688 939 828 981 neque
860 924 977 974 ferae,
1009 939 1139 981 quarn
1183 924 1501 982 conspexerint,
1542 933 1745 983 parcunt.

254 990 285 1010 “
313 982 407 1025 Hos
446 981 637 1025 studiose
672 982 807 1026 foveis
847 991 995 1041 captos
1032 981 1314 1026 interficiunt.
1380 983 1479 1026 Hoc
1519 1000 1562 1026 se
1595 983 1747 1025 labore

255 1049 286 1068 “
309 1040 473 1084 durant
509 1041 698 1084 homines
731 1042 1018 1085 adolescentes
1049 1050 1183 1099 atque
1216 1042 1297 1085 hoc
1330 1058 1486 1101 genere
1507 1042 1749 1085 venationis

255 1109 286 1151 ‘.‘
310 1110 533 1150 exercent;
566 1108 627 1150 et,
650 1100 727 1158 qui
760 1101 970 1160 plurimos
999 1118 1053 1144 ex
1074 1101 1138 1144 his
1169 1101 1500 1151 interfecerunt,
1533 1101 1681 1144 relatis
1705 1101 1749 1144 in

255 1160 536 1218 “publicum
567 1161 788 1210 cornibus,
821 1177 918 1217 quae
949 1161 1035 1203 sint
1067 1161 1330 1211 testimonio,
1365 1176 1567 1219 magnam
1599 1161 1750 1213 ferunt

255 1227 286 1246 “
309 1219 493 1262 laudem.
559 1219 647 1276 Sed
682 1219 934 1262 adsuescere
973 1220 1027 1262 ad
1064 1219 1255 1262 homines
1292 1228 1337 1262 et
1373 1219 1662 1269 mansuefieri,
1696 1235 1749 1262 ne

257 1286 288 1306 ‘⁶
312 1279 486 1336 parvuli
507 1278 683 1335 quidem
703 1279 889 1337 excepti,
918 1287 1114 1338 possunt.
1180 1278 1444 1337 Amplitudo
1472 1295 1684 1322 cornuum
1705 1287 1751 1322 et

257 1345 287 1366 “
311 1337 454 1396 figura
493 1346 538 1380 et
579 1338 743 1396 species
784 1338 974 1381 multum
1013 1355 1040 1380 a
1079 1349 1329 1382 nostrorum
1370 1338 1504 1381 boum
1546 1338 1751 1381 cornibus

256 1404 286 1424 “
309 1397 470 1439 differt.
536 1395 642 1439 Haec
664 1396 853 1439 studiose
874 1396 1114 1454 conquisita
1134 1398 1190 1440 ab
1206 1397 1340 1440 labris
1361 1405 1546 1453 argento
1567 1399 1749 1439 circum-

256 1465 287 1484 “
307 1456 491 1499 cludunt
512 1462 646 1512 atque
668 1455 711 1498 in
732 1455 1000 1514 amplissimis
1021 1456 1160 1513 epulis
1181 1471 1264 1514 pro
1286 1456 1453 1514 poculis
1475 1458 1708 1499 utuntur.’'

313 1515 386 1558 29.
422 1515 582 1565 Caesar,
622 1522 855 1573 postquam
890 1531 970 1573 per
1005 1515 1144 1558 Ubios
1180 1515 1480 1573 exploratores
1516 1515 1748 1573 comperit,

259 1575 427 1618 Suevos
463 1590 550 1616 sese
591 1573 632 1616 in
672 1573 799 1615 silvas
842 1574 1066 1631 recepisse,
1107 1574 1299 1632 inopiam
1329 1574 1539 1617 frumenti
1569 1573 1750 1623 veritus,

254 1633 390 1693 quod,
428 1641 478 1675 ut
519 1648 654 1691 supra
693 1632 1097 1681 demonstravimus,
1141 1632 1316 1675 minime
1355 1647 1500 1674 omnes
1541 1633 1751 1675 Germani

252 1692 539 1751 agriculturae
567 1691 759 1740 student,
792 1691 1035 1741 constituit,
1067 1707 1151 1734 non
1184 1690 1392 1750 progredi
1426 1690 1615 1749 longius:
1660 1691 1749 1741 sed,

254 1767 307 1794 ne
345 1751 518 1795 omnino
555 1759 721 1792 metum
758 1750 923 1792 reditus
959 1751 1024 1792 sui
1059 1750 1256 1793 barbaris
1298 1750 1491 1799 tolleret,
1528 1759 1662 1808 atque
1701 1759 1753 1792 ut

255 1827 409 1854 eorum
438 1809 600 1852 auxilia
629 1808 842 1859 tardaret,
882 1809 1063 1852 reducto
1107 1809 1317 1859 exercitu,
1350 1817 1519 1867 partem
1551 1810 1752 1852 ultimam

255 1870 417 1930 pontis,
459 1885 558 1927 quae
594 1869 710 1926 ripas
751 1868 974 1911 Ubiorum
1013 1869 1314 1926 contingebat,
1352 1869 1395 1911 in
1429 1868 1748 1935 longitudinem

252 1929 414 1988 pedum
437 1928 516 1971 CC
540 1927 764 1976 rescindit;
795 1936 929 1985 atque
951 1929 994 1971 in
1015 1937 1209 1971 extremo
1233 1936 1365 1986 ponte
1397 1935 1554 1970 turrim
1577 1928 1747 1970 tabula-

254 1998 401 2031 torum
418 1995 611 2046 quatuor
624 1987 866 2037 constituit,
887 1987 1221 2046 praesidiumque
1236 1986 1484 2030 cohortium
1494 1985 1582 2029 XII
1602 1987 1748 2044 pontis

255 2047 409 2090 tuendi
450 2063 597 2089 caussa
640 2046 766 2105 ponit
806 2047 1061 2105 magnisque
1109 2063 1209 2089 eum
1250 2046 1393 2088 locum
1433 2045 1748 2088 munitionibus

255 2106 415 2149 firmat.
479 2106 533 2148 Ei
565 2105 661 2148 loco
692 2105 981 2164 praesidioque
1014 2106 1067 2148 C.
1095 2105 1346 2148 Volcatium
1370 2105 1552 2147 Tullum
1583 2104 1747 2147 adoles-

256 2173 425 2208 centem
462 2164 675 2222 praefecit:
710 2165 818 2222 ipse,
852 2181 990 2223 quum
1023 2174 1310 2207 maturescere
1345 2164 1565 2207 frumenta
1589 2163 1748 2221 incipe-

257 2233 371 2274 rent,
410 2222 465 2267 ad
502 2223 666 2266 bellum
701 2224 969 2282 Ambiorigis
1007 2224 1242 2282 profectus,
1281 2224 1380 2282 (per
1412 2232 1440 2249 ‘⁶
1463 2222 1747 2265 Arduennam

257 2291 287 2311 “
309 2283 478 2333 silvam,
502 2298 599 2340 quae
619 2290 683 2325 est
705 2283 840 2325 totius
864 2283 1020 2326 Galliae
1041 2283 1226 2326 maxima
1241 2291 1377 2341 atque
1397 2282 1455 2325 ab
1476 2282 1582 2340 ripis
1605 2281 1746 2324 Rheni

258 2396 351 2418 mere
375 2385 506 2428 praesert
530 2395 608 2417 cum
632 2384 773 2416 Brantio
792 2384 968 2416 Turnebus

259 2431 337 2462 adv.
355 2430 387 2468 3,
408 2432 458 2462 19.

307 2475 419 2509 Quum
448 2484 481 2506 se
510 2473 758 2505 consuetudine.

259 2529 302 2550 eat
314 2523 457 2550 consuet.
473 2523 591 2548 contra
610 2518 710 2549 codd.

312 2563 382 2599 Uri,
407 2563 622 2593 Averoclzsen.
668 2561 782 2592 Etiam
808 2560 967 2593 Linnaeus

259 2605 448 2637 numeravit
471 2605 570 2636 bovis
591 2605 681 2637 tauri
704 2605 901 2637 varietatem
916 2606 967 2636 al-

257 2657 368 2682 teram
383 2650 470 2680 hunc
486 2660 596 2680 urum.
622 2650 672 2680 M.
718 2649 769 2680 De
790 2649 858 2680 uris
878 2650 966 2681 Plin.

258 2695 282 2726 l.
299 2705 329 2726 c.
345 2699 380 2725 et
395 2693 523 2724 Seneca
538 2693 572 2724 in
588 2693 731 2734 Hippol.
749 2695 801 2724 65.
822 2695 967 2736 latisque

251 2739 323 2782 fere]
339 2739 497 2771 cornibus
512 2740 581 2769 uri.

306 2785 446 2815 Duo-ant
473 2783 636 2813 homines.
683 2781 722 2811 Τὸ
752 2782 902 2813 homines
932 2781 968 2814 in

257 2827 338 2860 aliis
353 2828 459 2858 deest.

306 2873 374 2905 Pro
395 2871 526 2912 poculis
546 2874 702 2902 utuntur.
747 2869 916 2910 Frequens
939 2869 968 2901 is

259 2927 340 2948 usus
354 2915 445 2957 apud
457 2920 599 2944 veteres.
644 2913 733 2944 Nota
749 2920 826 2944 sunt
841 2924 966 2945 cornua

258 2971 302 2991 ex
315 2971 398 2992 auro
423 2964 456 2989 et
478 2963 613 3000 argento
631 2962 765 2998 reperta
792 2957 826 2988 in
843 2957 966 2997 Dania,

259 3006 301 3036 de
316 3004 440 3046 quibus
459 3002 657 3041 Jacobaeus,
679 3001 868 3041 wormius,
891 3002 966 3034 alii.

260 3050 296 3081 In
312 3048 407 3082 fastis
423 3046 570 3080 Runicis
585 3045 662 3079 festi
687 3046 762 3079 dies
784 3046 895 3088 epulis
910 3057 966 3079 ce-

818 2472 968 2515 Scaliger

1036 2384 1157 2417 lebrati
1184 2390 1341 2417 notantur
1364 2384 1538 2417 cornibus.
1586 2385 1637 2416 De
1665 2384 1745 2417 aliis

1034 2441 1068 2460 v.
1096 2431 1282 2462 Athenaeus
1307 2431 1357 2468 ll,
1387 2432 1516 2472 9-447,
1545 2430 1595 2469 (c.
1621 2432 1659 2460 51
1688 2430 1744 2460 ed.

1036 2474 1248 2515 Schweigh.)

1083 2520 1264 2560 Comperit.
1311 2519 1414 2550 Redit
1442 2518 1590 2550 narratio
1621 2517 1663 2548 ad
1691 2526 1745 2555 ea,

1033 2573 1110 2604 quae
1126 2574 1202 2604 cap.
1225 2565 1272 2594 10.
1291 2570 1405 2604 coepta
1420 2569 1528 2595 erant.
1553 2562 1604 2593 M.

1081 2608 1240 2648 Inopiam
1273 2607 1440 2647 frumenti
1478 2610 1612 2638 veritus.
1673 2604 1743 2635 Dio

1034 2651 1057 2682 l.
1074 2654 1129 2690 40,
1154 2653 1207 2682 32.
1252 2652 1381 2682 Suevos
1407 2651 1550 2682 veritum
1574 2649 1742 2680 Caesarem

1033 2695 1147 2734 tradit,
1162 2696 1255 2737 quod
1271 2696 1383 2727 minus
1401 2694 1595 2737 probabile.

1081 2742 1209 2780 Supra.
1255 2739 1310 2771 Cf.
1325 2750 1357 2770 c.
1372 2743 1425 2770 22.
1450 2740 1501 2770 M.

1079 2785 1223 2815 Minime
1257 2794 1382 2815 omnes.
1441 2782 1580 2824 Lipsius
1609 2781 1745 2823 reponit

1034 2831 1199 2859 omnium.
1246 2827 1406 2858 Oudend.
1435 2827 1550 2858 mallet
1580 2827 1743 2858 homines.

1035 2872 1172 2904 Graecus
1187 2881 1308 2902 vocem
1324 2870 1465 2902 omittit.

1081 2917 1198 2957 Κᾶρας.
1220 2915 1281 2946 alii
1297 2917 1420 2957 ripam.
1506 2932 1507 2935 =

1081 2960 1216 2991 Bellum
1235 2960 1449 3002 Ambioriyis.
1484 2959 1537 2991 Cf.
1554 2970 1629 3001 cap.
1643 2964 1674 2991 5.
1694 2959 1743 2991 M.

1081 3004 1150 3036 Per
1163 3004 1387 3035 Arduennam
1405 3005 1528 3036 silvam
1536 3021 1582 3027 —-
1591 3009 1744 3045 ÷patet.

1036 3047 1120 3079 Haec
1144 3047 1246 3080 verba
1270 3048 1412 3080 fortasse
1437 3059 1503 3081 nou
1530 3053 1606 3081 sunt
1631 3059 1650 3080 a
1673 3047 1747 3079 (Ἰεθ-
