1946 3261
176 211 266 256 402
637 204 723 249 DE
757 203 963 248 BELLO
996 204 1212 251 CIVILI.

181 338 261 398 qui
291 337 438 396 jurare
471 331 713 377 dubitaret.
779 333 886 376 Haec
925 349 1063 392 quum
1095 332 1212 376 facta
1247 339 1387 376 essent
1414 331 1458 376 in
1480 333 1680 387 consilio,

183 412 341 455 magna
371 411 448 454 spe
474 402 520 437 et
553 391 709 436 laetitia
742 393 935 436 omnium
969 391 1203 436 discessum
1233 401 1322 436 est:
1356 409 1405 436 ac
1422 393 1512 452 jam
1531 393 1677 438 animo

183 454 411 501 victoriam
427 452 758 513 praecipiebant‚
782 452 902 511 quod
922 451 977 494 de
994 469 1042 496 re
1059 461 1184 496 tanta
1203 460 1249 496 et
1269 469 1296 496 a
1314 460 1403 496 tam
1424 453 1570 512 perito
1592 450 1680 498 Im-

186 523 389 576 peratore
411 513 519 558 nihil
537 513 700 556 frustra
721 511 966 555 confirmari
986 510 1238 556 videbatur.

245 573 318 617 88.
370 574 532 626 Caesar,
574 587 713 630 quum
751 570 946 630 Pompeii
985 571 1136 614 castris
1173 571 1314 631 adpro
1351 571 1586 631 inqua-sset,
1626 571 1682 615 ad

185 631 304 677 hunc
324 633 502 678 modum
523 631 660 676 aciem
681 631 771 689 ejus
789 631 1046 674 instructam
1068 630 1260 675 animum
1276 589 1486 676 αὲνεηὶῑ.
1540 631 1684 675 Erant

182 691 228 736 in
249 692 423 737 sinistro
451 708 589 737 cornu
621 690 811 750 legiones
828 689 942 742 duae,
968 689 1192 734 transditae
1212 707 1238 734 a
1261 692 1432 745 Caesare
1453 691 1577 735 initio
1598 690 1684 734 dis-

183 753 386 803 sensionis
406 769 461 797 ex
482 753 531 796 S.
557 751 611 795 C.
636 766 825 809 quarum
846 765 932 794 una
955 751 1112 809 prima,
1147 750 1289 795 altera
1320 751 1454 795 tertia
1487 749 1684 811 adpella-

184 811 336 856 batur.
415 812 469 856 In
502 827 552 855 eo
590 809 687 853 loco
724 810 817 870 ipse
853 819 950 854 erat
990 809 1235 868 Pompeius.
1313 811 1507 854 Mediam
1545 811 1682 854 aciem

186 871 338 931 Scipio
365 888 466 916 cum
493 869 738 930 legionibus
783 869 973 928 Syriacis
1014 869 1204 912 tenebat.
1269 869 1512 913 Ciliciensis
1549 869 1682 928 legio,

185 933 420 991 conjuncta
462 947 562 974 cum
607 929 861 972 cohortibus
907 928 1130 988 Hispanis,
1173 945 1280 987 quas
1320 929 1594 972 transductas
1625 928 1685 972 ab

183 990 374 1035 Afranio
413 989 658 1039 docuimus,
693 988 737 1032 in
773 987 933 1032 dextro
964 1004 1099 1032 cornu
1122 997 1248 1031 erant
1270 989 1523 1033 conlocatae.
1589 987 1685 1033 Has

185 1049 445 1100 firmissimas
480 1066 522 1094 se
550 1049 712 1092 habere
738 1047 968 1106 Pompeius
987 1048 1275 1092 existimabat.
1340 1048 1550 1107 Reliquas
1570 1047 1684 1090 inter

182 1108 320 1163 aciem
352 1109 539 1153 mediam
574 1123 822 1165 cornuaque
866 1108 1159 1165 interjecerat,
1194 1124 1464 1167 numeroque
1484 1106 1685 1150 cohortes

185 1167 268 1212 CX
289 1169 562 1228 expleverat.
628 1167 735 1210 Haec
754 1177 879 1210 erant
900 1167 1017 1210 milia
1037 1167 1182 1218 XLV,
1205 1178 1488 1212 evocatorum
1507 1166 1683 1210 circiter

180 1225 287 1280 duo,
309 1243 407 1286 quae
430 1245 483 1272 ex
503 1225 788 1271 beneficiariis
809 1226 1086 1284 superiorum
1103 1227 1375 1270 exercituum
1392 1226 1447 1270 ad
1466 1242 1566 1269 eum
1581 1236 1683 1268 con-

181 1298 416 1337 venerant3
452 1303 550 1346 quae
572 1295 666 1329 tota
683 1286 774 1328 acie
795 1285 1073 1343 disperserat.
1136 1285 1346 1342 Reliquas
1367 1284 1568 1329 cohortes
1588 1300 1683 1343 sep-

178 1353 269 1389 tem
321 1348 476 1391 castris
523 1345 870 1405 propinquisque
916 1344 1111 1387 castelli!
1142 1345 1342 1402 praesidio
1393 1344 1680 1403 disposuerat.

182 1405 406 1452 Dextrum
427 1422 562 1451 cornu
584 1408 678 1464 ejus
700 1404 818 1447 rivus
838 1403 1016 1461 quidam
1052 1403 1256 1461 inpeditis
1287 1405 1392 1464 ripis
1427 1404 1650 1447 muniebat
1670 1419 1680 1445 :

179 1481 313 1524 quam
335 1469 395 1511 ob
418 1481 611 1511 caussam
634 1471 840 1506 cunctum
863 1463 1128 1521 equitatum,
1149 1464 1398 1522 sagittarios
1421 1462 1685 1508 funditores-

181 1541 270 1585 que
292 1542 457 1579 omnes,
480 1526 524 1569 iu
545 1524 720 1568 sinistro
741 1538 877 1566 cornu
896 1522 1133 1581 objecerat.
1524 1537 1529 1541 ·

237 1585 311 1629 89.
347 1588 509 1636 Caesar,
531 1583 730 1642 superius
752 1582 1002 1625 institutum
1022 1598 1211 1633 servans,
1230 1581 1447 1626 decimam
1469 1582 1684 1640 legionem

177 1645 221 1689 in
239 1644 402 1689 dextro
423 1660 576 1695 cornu,
607 1658 763 1685 nonam
786 1641 828 1685 in
849 1641 1024 1685 sinistro
1045 1643 1368 1693 conlocauerat,
1392 1642 1564 1686 tametsi
1586 1650 1683 1685 erat

179 1704 500 1765 Dyrrhachinis
535 1701 703 1764 proeliis
737 1700 1015 1745 vehementer
1050 1701 1302 1746 adtenuata.
1370 1702 1487 1746 Huic
1520 1701 1579 1745 sic
1604 1700 1683 1745 ad—

230 1863 274 1895 Ee
291 1865 399 1895 atam
423 1861 539 1903 perito.
579 1855 753 1900 Copulam
782 1856 900 1887 delen-

140 1934 152 1948 ,
182 1906 262 1939 dam
278 1906 421 1949 putabat
438 1901 610 1936 Davisius.

234 1952 424 1984 Tramdicae
441 1960 463 1982 α
484 1949 628 1981 Caesare.
651 1945 722 1978 vid.
745 1945 787 1977 de
803 1945 842 1977 B.
857 1944 897 1976 G.

185 1999 217 2038 8,
236 1999 289 2029 54.
315 1996 366 2028 Μ.

235 2041 347 2073 Torua
387 2037 640 2081 adpellabatur.
682 2035 821 2067 Lucano
849 2040 898 2065 ost

186 2091 313 2128 quarta
343 2086 377 2121 7,
408 2084 484 2115 219.
537 2082 572 2113 ln
605 2080 791 2111 ordinanda
822 2079 897 2110 acic

183 2136 327 2172 utraque
351 2128 542 2169 discrepant
568 2126 738 2163 Lucanus,
765 2123 899 2164 Appia-

183 2185 260 2214 nus,
305 2173 520 2206 Plutarchus.
561 2170 759 2202 Audit—ndns
798 2168 898 2200 unice

184 2219 311 2251 Caesar.
357 2217 497 2258 Lipsius
524 2218 564 2248 de
592 2214 663 2246 mil.
692 2215 792 2245 Rom.
810 2217 842 2248 4.
867 2216 897 2244 8.

186 2261 261 2295 vuli
275 2263 480 2305 adpellatur.
498 2262 681 2299 refragante
691 2260 780 2290 Oud.
796 2258 897 2290 Cont‘.

184 2314 258 2341 not.
275 2309 319 2340 ad
334 2318 367 2339 c.
382 2308 434 2337 84.
451 2305 512 2337 ubi
529 2304 689 2337 rationem
714 2310 746 2334 vt
778 2314 896 2334 nnme-

183 2363 258 2386 rum
272 2351 449 2395 legionum
461 2349 564 2382 fuisse
577 2349 776 2381 inmutatum
795 2349 897 2379 docet

181 2409 223 2430 ox
242 2401 273 2435 3,
288 2400 321 2429 4.

229 2443 422 2474 Cilicifflsis.
448 2437 600 2471 Jurinius
622 2439 811 2468 Sicmmnis.
832 2436 895 2468 Sed

181 2497 215 2520 v.
232 2494 304 2519 not.
320 2486 363 2518 ad
379 2495 409 2517 c.
427 2486 460 2516 4.

231 2533 433 2564 Docuimus.
449 2539 482 2559 v.
498 2529 529 2567 1,
545 2529 600 2560 86.
617 2528 674 2557 87.
702 2526 750 2556 M.

239 2577 394 2608 Cohortes
453 2574 528 2605 CX.
591 2570 732 2603 Orosius
775 2573 806 2605 (ἲ,
847 2574 897 2602 15.

190 2618 448 2652 LXXXVIII.
466 2615 674 2648 ciacconius
688 2615 804 2646 mallet
821 2618 867 2648 Χ(
879 2621 896 2649 ·.

186 2664 266 2706 quia
284 2670 413 2695 tantum
428 2662 533 2693 habet
550 2661 595 2693 lX
616 2659 781 2701 legiones.
821 2661 896 2691 Non

185 2709 326 2749 cogitat.
351 2707 499 2740 adfuisse
515 2712 548 2737 et
570 2705 732 2737 cohortes
754 2704 897 2736 sociates

185 2760 215 2784 et
230 2752 372 2785 auxilia.
407 2751 514 2783 Atiwr
530 2750 647 2781 Florus
662 2754 694 2788 4,
706 2754 739 2780 ἵ.

233 2799 333 2829 Milia
350 2797 462 2829 XLV.
488 2794 608 2828 Miror.
634 2795 674 2826 de
703 2793 801 2835 hujus
827 2793 894 2824 loci

186 2841 337 2873 numeris
354 2848 421 2873 tam
438 2841 544 2871 multa
558 2838 678 2880 quaeri.
723 2837 799 2869 Non
819 2849 896 2879 pos-

189 2892 265 2917 sunt
292 2885 364 2917 ha=c
396 2884 517 2916 nostris
532 2881 738 2924 conjecturis
751 2889 783 2913 et
799 2892 896 2913 com-

186 2929 423 2973 putationibus
450 2927 604 2967 deliniri;
628 2937 690 2960 nec
710 2926 742 2960 in
761 2927 896 2960 illorum

967 1861 1159 1897 temporum
1177 1855 1286 1888 turbis
1298 1862 1329 1886 et
1345 1855 1551 1887 tumultibus
1563 1854 1683 1887 existi-

969 1902 1131 1932 mandum
1149 1908 1209 1935 est.
1233 1907 1360 1932 certam
1377 1900 1541 1932 rationem
1556 1900 1681 1932 cohor-

968 1945 1052 1976 tium
1069 1945 1312 1987 legionumque
1323 1945 1536 1977 observatam
1548 1955 1680 1976 esne.—

968 1990 1019 2021 Dc
1038 1990 1099 2021 liae
1116 1990 1192 2021 acie
1212 1989 1421 2030 Pompeiana
1438 1990 1482 2020 cs.
1508 1989 1681 2022 Plutarch.

970 2034 1002 2065 in
1022 2035 1145 2075 Pomp.
1162 2045 1237 2076 cap.
1265 2037 1317 2066 69.
1342 2033 1492 2075 Appian.
1522 2037 1554 2071 9,
1571 2035 1626 2065 ⁷0.
1646 2044 1680 2076 p.

969 2081 1046 2109 «ΠΙ.
1064 2091 1133 2120 qu.
1163 2081 1212 2110 Jl.

1014 2126 1153 2155 Cir-citri*
1170 2125 1248 2155 duo.
1291 2123 1372 2154 Scit.
1390 2123 1497 2154 utilia.
1516 2121 1683 2154 Restituit

969 2168 1059 2199 (lud.
1076 2182 1094 2199 ι·
1111 2169 1212 2199 codd.
1229 2169 1347 2200 ctedd.
1365 2174 1429 2199 vet.
1464 2167 1576 2207 Vulgo
1590 2167 1680 2199 due.

967 2213 1031 2244 Sed
1047 2224 1117 2253 quo
1131 2214 1232 2244 :uodo
1257 2213 1331 2245 duae
1348 2213 1505 2244 cohortes
1520 2218 1589 2243 tota
1604 2211 1680 2243 acie

967 2258 1116 2299 dispvrgi
1143 2257 1353 2299 potuissent?
1397 2255 1553 2288 Jurinius
1583 2255 1683 2287 malit

967 2305 1024 2344 qui
1037 2319 1081 2324 —-
1095 2308 1317 2335 rom-eaerum
1348 2307 1450 2343 aeque
1471 2317 1516 2324 —
1540 2301 1683 2342 dispersi

964 2353 1074 2379 ermil.

1014 2392 1118 2423 Ram
1145 2391 1300 2432 quidam.
1326 2389 1492 2431 Enipeus.
1517 2389 1586 2421 vid.
1611 2387 1682 2421 Lu·

967 2445 1074 2467 canus
1093 2438 1124 2470 7.
1147 2437 1217 2466 116.
1236 2439 1311 2466 ²¹22.
1345 2436 1471 2467 senar.
1504 2435 1590 2466 Add.
1609 2434 1682 2475 Ap·
1720 2468 1723 2471 <

969 2481 1046 2522 {nan
1065 2485 1096 2514 Ω,
1113 2482 1165 2511 75.
1184 2490 1218 2521 p.
1239 2482 1312 2511 47⁸.
1335 2479 1348 2508 ὅ
1367 2479 1515 2518 napa-uisos
1533 2478 1681 2521 ‹qiu-ab

968 2527 1014 2555 τὸν
1042 2525 1165 2568 creari·
1193 2524 1309 2563 μεταξὺ
1335 2527 1358 2553 Φ
1397 2526 1491 2555 σάλον
1512 2536 1544 2554 τι
1569 2522 1682 2557 *ἄλκας

967 2571 1018 2601 καὶ
1028 2570 1034 2579 ’
1045 2571 1166 2603 Εητέως
1185 2568 1333 2607 τοτιμοῧ.
1372 2568 1388 2599 Ι·
1399 2567 1524 2600 ΙὈηῑίῐΙ.
1539 2569 1681 2608 Strateg-

967 2618 999 2648 9.
1025 2616 1056 2647 3,
1085 2618 1138 2645 22.
1167 2614 1216 2644 M.
1264 2612 1314 2644 lbi
1345 2611 1441 2650 dicit.
1473 2610 1678 2653 Pompeium

967 2659 1138 2690 sinistrum
1153 2658 1250 2691 latus.
1267 2667 1308 2689 ne
1324 2656 1463 2689 circuiri
1480 2662 1607 2698 posset,
1619 2655 1682 2688 ad·

967 2703 1113 2735 movisse
1132 2702 1326 2744 paludibus.

1013 2749 1228 2789 Equimtum.
1281 2745 1459 2778 Frontinus
1496 2745 1518 2778 l.
1539 2755 1571 2776 c.
1601 2752 1679 2775 sex-

966 2799 1086 2824 centos
1101 2791 1233 2833 equites
1251 2790 1281 2822 in
1300 2791 1417 2823 dextro
1432 2790 1533 2822 tatere
1549 2789 1679 2821 locatos

965 2837 1075 2868 refert.

1013 2882 1217 2914 Adwnuam.
1266 2881 1370 2914 mic.
1429 2878 1482 2911 Sic
1511 2878 1613 2910 codd.
1643 2883 1676 2909 et

966 2926 1043 2957 odd.
1061 2932 1129 2959 vet.
1180 2925 1289 2967 Vulgo
1305 2931 1335 2958 ee
1352 2926 1440 2958 huic.
