1946 3261
565 137 683 186 LIB.
718 136 847 186 VIII.
911 141 1051 187 CAP.
1082 142 1276 188 30-34.
1579 143 1667 186 243

175 270 339 314 ultimis
374 269 531 314 Galliae
570 271 744 322 finibus,
789 271 965 315 Oceano
1006 272 1260 330 conjunctae,
1297 287 1394 330 quae
1426 271 1666 316 Armoricae

176 331 471 390 adpellantur‚
508 332 769 375 auctoritate
802 331 1000 375 adductae
1024 331 1287 382 Carnutum,
1317 331 1511 375 adventu
1533 330 1661 374 Fabii

174 389 481 449 legionumque
517 391 731 450 imperata
769 391 858 434 sine
884 406 1006 434 mora
1033 390 1210 434 faciunt.
1275 391 1541 441 Dumnacus,
1578 389 1666 433 suis

174 449 332 493 finibus
370 449 589 509 expulsus,
624 467 772 494 errans
811 450 1073 508 latitansque
1107 450 1223 494 solus
1255 458 1468 494 extremas
1508 449 1667 494 Galliae

176 510 375 567 regiones
396 518 548 567 petere
566 517 632 552 est
652 518 838 552 coactus.

232 568 306 610 32
341 570 404 611 At
423 568 627 625 Drappes
651 583 822 626 unaque
847 567 1092 617 Lucterius,
1111 583 1249 625 quum
1270 567 1463 627 legiones
1487 568 1664 613 Canini-

173 642 334 684 umque
350 626 498 669 adesse
519 634 846 683 cognoscerent,
870 641 949 669 nec
985 643 1028 669 se
1048 626 1138 669 sine
1173 635 1294 670 certa
1322 628 1531 686 pernicie,
1566 644 1665 686 per·

171 694 379 743 sequente
412 685 625 736 exercitu,
664 693 876 743 putarent
916 684 1156 728 Provinciae
1191 685 1297 730 fines
1321 687 1487 729 intrare
1510 703 1665 745 posse:

171 760 250 788 nec
295 746 384 803 jam
432 744 617 787 liberam
662 744 850 803 vagandi
899 743 1319 802 latrociniorumque
1363 745 1668 790 faciendorum

170 804 428 848 facultatem
448 803 679 854 haberent,
705 804 946 847 consistunt
981 803 1026 846 in
1057 802 1176 862 agris
1195 803 1514 848 Cadurcorum.
1579 804 1666 856 Ibi,

170 879 307 922 quum
347 863 576 906 Lucterius
612 863 731 922 apud
771 879 869 906 suos
906 863 1035 913 cives,
1071 862 1290 921 quondam
1312 864 1494 923 integris
1517 865 1666 916 rebus,

168 923 355 966 multum
383 923 610 982 potuisset,
647 939 906 981 semperque
941 930 1097 966 auctor
1134 937 1348 965 novorum
1388 923 1670 968 consiliorum

169 998 372 1042 magnam
414 982 535 1041 apud
585 983 798 1026 barbaros
846 981 1157 1026 auctoritatem
1206 980 1406 1032 haberet,
1454 982 1667 1043 oppidum

170 1042 518 1093 Uxellodunum,
555 1042 676 1100 quod
716 1042 761 1085 in
801 1041 1006 1086 clientela
1046 1043 1192 1085 fuerat
1232 1042 1338 1100 ejuS‚
1381 1050 1541 1087 natura
1582 1040 1667 1087 loci

168 1102 347 1161 egregie
365 1102 601 1153 munitum,
620 1110 806 1161 occupat
827 1101 912 1146 suis
929 1110 974 1145 et
992 1100 1235 1162 Drappetis
1253 1102 1391 1163 copiis
1405 1102 1666 1161 oppidanos-

168 1177 254 1220 que
274 1163 354 1205 sibi
373 1161 616 1221 conjungit.

226 1221 299 1262 33.
335 1221 434 1271 Quo
468 1238 603 1279 quum
640 1222 866 1266 confestim
906 1221 960 1264 C.
998 1218 1210 1263 Caninius
1250 1219 1437 1264 venisset
1472 1219 1665 1264 animad-

167 1289 467 1339 verteretque,
503 1296 650 1324 omnes
683 1281 837 1339 oppidi
871 1288 1017 1339 partes
1051 1280 1404 1339 praeruptissimis
1435 1280 1546 1324 saxis
1575 1297 1665 1324 esse

166 1339 371 1390 munitas,
405 1356 510 1398 quo,
546 1339 808 1383 defendente
844 1340 983 1390 nullo,
1020 1346 1165 1381 tamen
1186 1340 1364 1382 armatis
1396 1339 1666 1384 adscendere

166 1408 279 1442 esset
325 1399 501 1443 difficile
527 1415 537 1448 ;
591 1415 747 1457 magna
796 1408 943 1442 autem
1002 1398 1295 1457 inpedimenta
1343 1399 1665 1457 oppidanorum

166 1459 355 1509 videret,
377 1476 474 1517 quae
496 1459 530 1501 si
551 1458 822 1502 clandestina
845 1459 950 1517 fuga
970 1457 1230 1501 subtrahere
1248 1466 1530 1509 conarentur,
1556 1459 1663 1503 effu-

167 1534 271 1577 gere
301 1534 387 1562 non
416 1518 547 1561 modo
584 1518 846 1576 equitatum,
869 1518 942 1561 s'ed
981 1533 1034 1560 ne
1057 1517 1249 1575 legiones
1271 1517 1448 1574 quidem
1470 1527 1663 1576 possent,

167 1578 395 1636 tripartito
417 1577 672 1621 cohortibus
703 1577 863 1627 divisis,
904 1578 1020 1620 trina
1056 1576 1343 1618 excelsissimo
1386 1576 1483 1620 loco
1519 1585 1665 1620 castra

164 1637 286 1687 fecit,
304 1654 330 1679 a
352 1637 511 1695 quibus
531 1637 779 1696 paullatim,
798 1645 1013 1694 quantum
1027 1635 1167 1695 copiae
1181 1635 1481 1694 patiebantur,
1493 1636 1662 1680 vallum

165 1695 209 1740 in
231 1696 383 1755 oppidi
406 1697 637 1740 circuitum
658 1696 818 1739 ducere
841 1695 1047 1739 instituit.

221 1756 295 1798 34.
333 1756 462 1806 Quod
484 1773 619 1814 quum
641 1756 831 1799 animum
851 1755 1137 1799 adverterent
1152 1754 1378 1815 oppidani,
1401 1753 1663 1798 miserrima-

165 1832 252 1874 que
282 1815 439 1859 Alesiae
460 1816 668 1859 memoria
688 1815 865 1859 solliciti
887 1815 1072 1858 similem
1093 1831 1238 1858 casum
1264 1814 1519 1858 obsessionis
1540 1831 1663 1858 vere-

164 1884 319 1918 rentur
341 1891 351 1924 ;
374 1876 650 1934 maximeque
671 1892 724 1918 ex
743 1876 940 1919 omnibus
964 1875 1216 1923 Lucterius,
1239 1874 1317 1932 qui
1338 1875 1528 1918 fortunae
1546 1874 1663 1918 illius

198 1935 411 1978 ericulum
433 1936 614 1986 fecerat,
650 1944 864 1986 moneret,
902 1935 1111 1979 frumenti
1143 1933 1358 1978 rationem
1391 1950 1480 1977 esse
1500 1933 1661 1978 haben-

163 1951 299 2036 Ham:
362 1995 635 2038 constituunt
687 1996 879 2039 omnium
927 2008 1151 2042 consensu,
1213 2001 1337 2051 parte
1398 1993 1458 2036 ibi
1507 1993 1663 2037 relicta

164 2053 406 2112 copiarum,
446 2054 527 2111 ipsi
565 2070 664 2096 cum
700 2052 916 2113 expeditis
950 2053 1005 2096 ad
1041 2051 1353 2110 importandum
1391 2052 1661 2096 frumentum

164 2112 392 2172 proficisci.
456 2112 523 2155 Eo
563 2111 738 2155 consilio
789 2113 996 2171 probat0,
1049 2112 1248 2170 proxima
1295 2119 1438 2162 nocte,
1488 2111 1664 2156 duobus

165 2172 342 2215 milibus
363 2180 634 2215 armatorum
653 2171 832 2222 relictis,
871 2171 1064 2228 reliquos
1101 2187 1156 2213 ex
1195 2170 1365 2230 oppido
1387 2171 1594 2230 Drappes
1615 2179 1662 2215 et

167 2231 398 2275 Lucterius
419 2232 611 2274 educunt
631 2246 639 2272 :
675 2231 720 2280 ii,
743 2247 902 2289 paucos
923 2230 1016 2273 dies
1036 2229 1210 2279 morati,
1233 2246 1288 2274 ex
1304 2229 1464 2274 finibus
1487 2231 1661 2274 Cadur-

165 2307 334 2341 corum,
357 2291 433 2348 qui
456 2292 617 2349 partim
638 2306 686 2333 re
713 2289 998 2333 frumentaria
1030 2290 1260 2332 sublevare
1295 2306 1367 2333 eos
1406 2290 1660 2349 cupiebant,

167 2350 328 2409 partim
349 2350 601 2409 prohibere,
639 2366 726 2408 quo
761 2350 900 2392 minus
929 2357 1164 2400 sumerent,
1186 2364 1270 2392 non
1293 2357 1516 2409 poterant,
1539 2366 1660 2409 mag-

166 2424 271 2452 num
310 2425 541 2453 numerum
579 2409 790 2453 frumenti
826 2417 1113 2468 comparant:
1160 2424 1486 2468 nonnumquam
1513 2417 1659 2452 autem

165 2468 517 2527 expeditionibus
565 2468 789 2513 nocturnis
839 2468 1018 2511 castella
1071 2477 1321 2512 nostrorum
1379 2468 1657 2512 adoriuntur.

168 2528 313 2578 Quam
335 2528 394 2572 ob
417 2544 607 2572 caussam
637 2529 690 2572 C.
719 2528 928 2572 Caninius
956 2535 1052 2572 toto
1087 2528 1252 2588 oppido
1287 2527 1544 2572 munitiones
1576 2527 1659 2571 cir-

217 2641 414 2672 Armmicce.
442 2639 512 2672 vid.
527 2643 558 2674 5,
572 2641 625 2672 53.
652 2640 702 2672 M.
995 2639 1041 2671 In
1056 2641 1233 2671 circuitum
1256 2639 1335 2672 cluc-
1364 2642 1440 2672 inst.
1456 2637 1518 2670 alii
1534 2641 1572 2670 in
1587 2640 1657 2671 cir-

218 2685 377 2717 Liberam
400 2695 480 2725 ray.
511 2684 573 2716 alii
599 2685 709 2717 libere.
728 2689 800 2716 tum
815 2693 878 2726 pro
947 2686 1054 2722 cuitu,
1072 2683 1150 2715 scil.
1167 2683 1295 2716 omissa
1309 2683 1450 2722 lineola,
1474 2688 1514 2715 ut
1536 2682 1570 2715 in
1595 2683 1656 2716 illo

170 2729 331 2761 haberent
343 2729 405 2760 alii
422 2729 554 2761 habere.
947 2730 984 2760 in
999 2733 1169 2769 conspectu
1186 2738 1248 2769 pro
1263 2731 1300 2759 in
1316 2733 1537 2770 conspectum.

217 2775 261 2806 In
279 2776 371 2816 ayt-is
390 2773 472 2806 Cad.
501 2772 561 2805 alii
577 2773 764 2815 infinibus.
993 2773 1121 2814 Eoefin.
1141 2773 1247 2804 Cadd.
1273 2771 1335 2806 alii
1350 2775 1398 2806 in.
1421 2771 1553 2806 omisso
1568 2782 1657 2817 prae-

215 2819 295 2851 Non
308 2819 406 2851 modo
426 2820 630 2860 equitatum.
667 2816 879 2852 Subauditur
947 2817 1088 2851 cedente
1103 2821 1284 2851 commate.

169 2871 303 2907 noneq.
318 2869 356 2898 ut
372 2863 470 2902 2,17.
489 2864 569 2904 3,4.
1409 2861 1477 2896 Ra
