1946 3261
540 181 676 227 .LIB.
711 182 772 226 II.
832 183 971 227 CAP.
1002 183 1191 228 30-33.
1538 188 1598 233 59

130 311 162 333 ‘⁶
183 320 314 364 quam
342 306 399 350 ab
423 306 486 350 his
515 322 595 366 per
617 307 853 351 cruciatum
882 308 1081 359 interfici,
1109 309 1223 354 inter
1251 322 1359 367 quos
1386 308 1599 356 dominari

130 371 160 391 “
183 368 495 409 consuessent.''

187 424 258 467 32.
295 424 366 466 Ad
402 425 489 468 haec
521 425 662 468 Caesar
697 424 940 484 respondit:
983 431 1010 450 ‘⁶
1037 425 1093 466 Se
1128 426 1260 485 magis
1289 426 1598 473 consuetudine

131 488 161 507 “
184 498 274 532 sua,
317 499 445 540 quam
485 484 640 526 merito
682 499 847 533 eorum,
895 483 1114 524 civitatem
1155 493 1524 535 conservaturum,
1565 487 1600 531 si

131 548 159 565 ‘⁶
185 541 319 597 prius,
351 557 480 598 quam
516 557 689 584 murum
726 542 833 584 aries
860 540 1099 599 adtigisset‚
1135 555 1179 583 se
1208 541 1492 587 dedidissent:
1523 544 1598 589 sed

131 606 159 623 ‘⁶
182 598 411 641 deditionis
433 599 594 641 nullam
615 616 702 641 esse
733 600 1036 649 conditionem,
1073 598 1150 641 nisi
1182 602 1308 643 armis
1329 602 1520 646 traditis:
1554 619 1598 646 se

130 664 159 682 ‘⁶
183 656 243 705 id,
283 657 402 713 quod
444 658 486 699 in
526 658 697 700 Nerviis
729 659 911 707 fecisset,
948 658 1165 700 facturum
1200 657 1491 716 finitumisque
1523 661 1598 705 im-

128 722 157 740 “
182 723 451 772 peraturum,
484 731 536 757 ne
567 732 695 772 quam
736 716 945 758 dedititiis
987 715 1145 773 Populi
1184 715 1366 758 Romani
1402 717 1598 774 injuriam

127 780 156 798 ‘⁶
179 773 432 815 inferrent-'²
493 774 558 815 Re
600 775 799 816 nunciata
827 775 882 816 ad
919 790 1031 823 suos,
1080 781 1107 799 “
1129 789 1224 831 quae
1265 774 1599 832 imperarentur,

126 839 155 857 ‘⁶
179 831 346 874 facere''
375 831 593 875 dixerunt.
657 834 893 876 Armorum
923 848 1077 890 magna
1097 832 1376 875 multitudine
1397 833 1453 877 de
1475 850 1599 878 muro
1620 873 1622 876 ,

125 890 168 932 in
197 889 365 939 fossam,
405 906 502 947 quae
547 899 640 947 erat
684 900 783 933 ante
825 890 1053 949 oppidum,
1093 891 1224 948 jacta,
1269 891 1326 933 sic
1369 899 1419 935 ut
1458 909 1599 951 prope

125 964 331 991 summam
351 950 463 991 muri
482 950 738 1008 aggerisque
765 949 1039 992 altitudinem
1075 950 1220 991 acervi
1251 965 1471 993 armorum
1489 951 1600 995 adae-

125 1016 332 1063 quarent;
365 1015 409 1049 et
439 1016 581 1050 tamen
611 1008 783 1051 circiter
816 1016 941 1066 parte
971 1008 1116 1057 tertia,
1148 1016 1197 1049 ut
1228 1016 1378 1066 postea
1399 1025 1600 1068 perspec-

126 1074 219 1107 tum
256 1074 335 1115 est,
371 1066 509 1108 celata
540 1075 673 1124 atque
705 1068 747 1109 in
782 1066 946 1124 oppido
979 1074 1163 1116 retenta,
1199 1067 1337 1125 portis
1356 1068 1601 1124 patefactis,

72 1141 75 1143 ’
123 1140 175 1167 eo
194 1123 264 1166 die
286 1141 391 1182 pace
412 1133 512 1166 sunt
533 1126 610 1167 usi.

180 1183 251 1224 33.
288 1183 384 1225 Sub
405 1199 633 1241 vesperum
657 1185 799 1226 Caesar
833 1190 980 1240 portas
1009 1181 1151 1225 claudi
1172 1183 1414 1240 militesque
1449 1201 1502 1228 ex
1523 1203 1599 1244 op-

126 1240 231 1298 pido
250 1242 366 1283 exire
385 1243 525 1299 jussit,
564 1258 615 1284 ne
638 1258 767 1299 quam
788 1249 919 1283 noctu
942 1241 1149 1299 oppidani
1185 1242 1241 1284 ab
1262 1242 1470 1286 militibus
1492 1245 1598 1302 inju-

126 1299 232 1341 riam
253 1300 513 1357 acciperent.
577 1300 662 1349 Illi,
684 1308 784 1341 ante
801 1299 922 1348 inito,
946 1309 996 1342 ut
1014 1300 1284 1342 intellectum
1306 1309 1384 1351 est,
1407 1304 1598 1354 consilio,

124 1356 243 1413 quod
260 1357 480 1400 deditione
494 1358 608 1400 facta
626 1367 792 1400 nostros
810 1357 1006 1414 praesidia
1017 1357 1301 1407 deducturos,
1318 1368 1395 1401 aut
1411 1360 1599 1419 denique

124 1415 419 1473 indiligentius
455 1425 715 1465 servaturos,
756 1415 1046 1464 crediderant,
1077 1416 1237 1473 partim
1267 1433 1365 1459 cum
1393 1418 1471 1469 his,
1503 1431 1601 1477 quae

124 1474 395 1516 retinuerant
433 1483 477 1515 et
515 1475 775 1522 celaverant,
817 1474 960 1523 armis,
998 1475 1157 1532 partim
1195 1475 1325 1517 scutis
1353 1492 1406 1518 ex
1436 1479 1598 1521 cortice

120 1532 245 1574 factis
261 1540 338 1574 aut
355 1533 582 1574 viminibus
600 1533 788 1580 intextis,
806 1547 901 1588 quae
917 1532 1078 1581 subito,
1097 1541 1147 1573 ut
1165 1534 1373 1590 temporis
1389 1535 1600 1592 exiguitas

124 1590 390 1647 postulabat,
422 1589 610 1647 pellibus
639 1590 914 1637 induxerant,
948 1590 1077 1631 tertia
1107 1589 1269 1647 vigilia,
1301 1607 1387 1647 qua
1426 1594 1598 1637 minime

121 1648 283 1690 arduus
316 1648 371 1690 ad
394 1656 557 1690 nostras
587 1648 843 1690 munitiones
872 1647 1097 1689 adscensus
1118 1647 1367 1699 videbatur,
1401 1652 1599 1695 omnibus

121 1707 254 1766 copiis
284 1715 464 1765 repente
504 1723 557 1749 ex
587 1706 751 1765 oppido
782 1706 1057 1764 eruptionem
1087 1706 1300 1749 fecerunt.
1365 1708 1598 1762 Celeriter,

122 1773 173 1807 ut
213 1773 312 1808 ante
352 1765 495 1808 Caesar
533 1766 784 1823 imperarat,
824 1765 995 1823 ignibus
1031 1764 1339 1823 significatione
1376 1767 1506 1818 facta,
1544 1785 1597 1812 ex

122 1824 327 1881 proximis
345 1824 529 1866 castellis
547 1840 598 1866 eo
617 1839 871 1866 concursum
893 1832 955 1865 est
976 1831 1306 1881 pugnatumque
1328 1826 1384 1867 ab
1403 1825 1598 1870 hostibus

121 1882 181 1924 ita
201 1883 376 1932 acriter,
403 1891 453 1924 ut
474 1898 498 1924 a
519 1882 620 1924 viris
641 1882 844 1930 fortibus,
876 1882 918 1923 in
940 1890 1132 1924 extrema
1153 1899 1229 1940 spe
1251 1882 1412 1934 salutis,
1448 1885 1596 1943 iniquo

121 1940 234 1990 loco,
257 1949 408 1983 contra
429 1957 514 1990 eos,
537 1942 612 1998 qui
635 1957 686 1982 ex
707 1940 822 1983 vallo
845 1941 1123 1996 turribusque
1147 1941 1234 1987 tela
1253 1941 1462 1998 jacerent,
1485 1960 1596 2002 pug-

122 1999 213 2041 nari
232 1999 402 2048 debuit,
437 2016 573 2057 quum
603 2000 646 2041 in
666 2015 750 2041 una
768 1999 933 2041 virtute
964 2000 1098 2041 omnis
1132 2015 1228 2057 spes
1264 2000 1410 2042 salutis
1443 2002 1595 2044 consis-

120 2065 249 2099 teret.
314 2058 474 2100 Occisis
495 2058 550 2105 ad
569 2058 789 2100 hominum
810 2057 981 2099 milibus
1000 2065 1204 2114 quatuor,
1230 2058 1387 2116 reliqui
1407 2059 1450 2101 in
1471 2062 1596 2118 oppi-

121 2115 226 2157 dum
247 2115 397 2173 rejecti
418 2125 530 2159 sunt.
596 2116 811 2159 Postridie
832 2116 922 2173 ejus
943 2115 1044 2164 diei,
1067 2116 1263 2158 refractis
1285 2118 1438 2174 portiS,
1460 2132 1596 2174 quum

117 2174 204 2230 jam
223 2173 480 2217 defenderet
501 2190 641 2224 nemo,
672 2184 804 2231 atque
825 2174 1073 2216 intromissis
1092 2174 1300 2216 militibus
1319 2176 1488 2225 nostris,
1508 2193 1594 2218 sec-

120 2233 280 2275 tionem
315 2233 406 2291 ejus
438 2233 590 2292 oppidi
626 2234 866 2275 universam
890 2233 1030 2281 Caesar
1051 2232 1261 2274 vendidit.
1325 2234 1399 2276 Ab
1420 2234 1497 2283 his,
1518 2237 1596 2291 qui

122 2300 328 2341 emerant,
351 2293 544 2350 capitum
564 2307 766 2334 numerus
787 2291 842 2333 ad
865 2307 963 2333 eum
985 2291 1145 2334 relatus
1167 2299 1231 2333 est
1251 2291 1417 2336 milium
1440 2292 1563 2336 LIII.

172 2419 215 2449 In
235 2418 371 2450 Nerviis.
393 2420 494 2460 vulgo
510 2421 546 2450 in
565 2418 710 2451 Nervios.

173 2464 255 2495 Qua?
289 2463 533 2502 inperareremtr.

127 2504 268 2536 mittitur
290 2506 338 2536 ille·
360 2517 403 2543 se,
428 2507 517 2547 quod
541 2517 559 2538 a
584 2506 679 2537 codd.
701 2510 734 2536 et
751 2506 825 2535 cdd.

124 2554 189 2579 vet.
206 2549 329 2580 exulat.

173 2594 295 2624 Facere
315 2593 480 2625 (laverunt.
524 2594 672 2625 Praesens
690 2593 755 2623 vim
774 2592 826 2623 fu-

125 2635 188 2667 turi
206 2636 319 2667 habet.
349 2637 388 2666 V.
404 2637 527 2668 Sanctii
545 2637 630 2668 Min.
648 2640 672 2675 l,
694 2639 743 2668 14.
762 2636 824 2668 ibi-

122 2691 187 2721 que
209 2679 432 2711 Perizonium.

171 2724 388 2754 Deduc-turns.
434 2724 462 2755 F.
481 2724 646 2764 plerisque
665 2724 761 2754 codd.
778 2723 825 2753 le-

123 2768 268 2805 gendmn
293 2778 358 2798 mm
376 2768 576 2800 imm-turns.
597 2768 686 2807 quod
703 2775 736 2797 el.
752 2767 825 2799 Ma-

127 2810 220 2841 nutio
258 2811 365 2841 visum
405 2816 465 2841 est.
507 2812 555 2842 HJ.
600 2811 653 2840 Sic.
692 2811 824 2841 edidero

127 2855 305 2885 Beroaldus
328 2861 361 2885 et
394 2856 436 2886 R.
460 2855 658 2895 Stephanus.
706 2856 823 2885 Parum

125 2897 281 2929 interesse
327 2900 437 2931 credo.
500 2899 650 2931 Alterum
689 2897 824 2931 alterius

122 2941 229 2982 glossa
247 2941 320 2973 fuit.

592 2463 703 2503 Vulgo
745 2471 827 2502 prae-

937 2419 1099 2460 Denique,
1117 2417 1139 2448 i.
1151 2429 1180 2448 e.
1199 2416 1229 2448 in
1244 2427 1385 2455 summa.
1396 2428 1463 2449 uno
1478 2418 1592 2451 verbo.

891 2460 943 2492 Cf.
969 2461 1034 2492 ind.
1061 2467 1094 2492 et
1122 2460 1259 2492 Gesneri
1290 2461 1391 2494 Thes.
1422 2462 1461 2492 L.
1477 2461 1516 2492 L.
1544 2463 1591 2494 M.

893 2505 1009 2536 Potius
1033 2504 1088 2536 hic
1112 2507 1226 2536 saltem
1249 2504 1427 2546 significat,
1452 2509 1487 2536 ut
1500 2507 1591 2546 apud

890 2550 1049 2580 Senecam
1065 2550 1106 2579 dc
1123 2548 1181 2585 ira,
1199 2553 1229 2585 3.
1248 2552 1296 2579 18.

936 2595 1141 2629 Servaturos,
1170 2593 1414 2628 observaturos
1443 2592 1589 2624 custodi-

891 2642 990 2668 turos.
1018 2638 1067 2667 M.

936 2682 1086 2720 Repente.
1100 2680 1143 2710 al.
1154 2684 1329 2720 repentino.
1346 2678 1416 2709 scil.
1428 2684 1588 2721 tempore.

890 2730 926 2754 ut
955 2724 1063 2754 plaut.
1091 2724 1211 2754 Pseud.
1249 2725 1275 2757 1,
1304 2725 1328 2752 l.
1355 2724 1406 2753 37.
1441 2723 1513 2755 Cic.
1540 2735 1588 2765 pr.

889 2766 1061 2805 Quinctio,
1078 2778 1108 2796 c.
1123 2769 1154 2796 4.

937 2816 1048 2845 Quwm
1062 2813 1138 2849 jam
1158 2810 1220 2850 (les.
1235 2820 1338 2840 m‘vm.
1384 2809 1540 2841 Inseritur
1556 2810 1588 2842 in

889 2855 964 2884 edd.
981 2860 1044 2884 vet.
1059 2858 1190 2894 captam
1204 2855 1372 2894 oppidum.
1388 2866 1407 2885 e
1422 2855 1545 2894 glossa.

936 2897 1321 2929 sectionem—vendidm
1350 2897 1500 2931 Constat.
1518 2909 1588 2929 scc-

891 2941 1014 2972 nonem
1041 2951 1114 2971 esse
1140 2939 1238 2971 ritum
1256 2940 1342 2973 bona
1360 2941 1495 2982 publice
1511 2952 1590 2972 vcn-
