1961 3230
316 653 646 726 CONSTAT,
679 673 1004 717 commentarios
1027 674 1113 717 dici
1139 690 1208 718 eas
1238 673 1519 725 narrationes,
1553 691 1664 733 quae,
1695 690 1798 734 neg-

311 749 427 793 lecto
448 751 692 794 adventicio
721 751 857 806 cultu,
887 752 941 794 de
959 752 1090 795 rebus
1124 752 1226 811 ipsis
1256 753 1445 796 tenuiter
1470 761 1709 811 exponunt,
1731 759 1798 802 ut,

312 828 390 886 qui
409 829 546 887 majus
566 837 610 871 et
631 829 823 871 ornatius
843 845 953 887 opus
974 829 1160 872 scribere
1181 829 1305 879 velit,
1327 829 1501 879 habeat,
1524 828 1638 871 unde
1659 836 1798 886 petat.

310 902 425 958 (Cic.
448 903 502 945 de
525 911 633 946 orat.
656 904 700 953 2,
727 904 792 945 12.
817 912 861 946 et
882 905 934 947 de
954 905 1057 948 clar.
1083 913 1190 948 orat.
1218 905 1305 961 75.)
1367 905 1522 963 Itaque
1553 903 1729 946 Hirtius
1756 903 1799 944 in

309 977 508 1036 epistola,
535 979 648 1022 libro
671 987 825 1024 octavo
845 980 898 1023 de
921 981 1037 1023 bello
1062 982 1236 1024 Gallico
1256 982 1492 1039 praemissa,
1527 987 1558 1006 “
1579 979 1800 1028 Caesaris‚'’

309 1052 469 1110 inquit,
493 1060 523 1079 “
543 1055 837 1097 commentarii
860 1055 968 1098 editi
990 1064 1105 1106 sunt,
1140 1072 1192 1099 ne
1215 1057 1392 1100 scientia
1414 1064 1635 1099 tantarum
1656 1069 1803 1098 rerum

314 1134 343 1153 ‘⁶
368 1128 655 1186 scriptoribus
674 1129 883 1179 deesset,’'
917 1131 972 1172 cf.
998 1131 1092 1173 Cic.
1123 1132 1177 1174 ad
1201 1132 1302 1175 Div.
1326 1132 1370 1182 5,
1395 1130 1461 1182 12,
1483 1138 1593 1174 extr.
1660 1128 1803 1172 Graeci

311 1211 458 1246 autem
490 1203 735 1262 hujusmodi
757 1206 1086 1249 commentarios
1109 1209 1396 1258 ὑπομνήματα,
1428 1203 1805 1256 ὑπομνηματισμοὺς

312 1286 356 1321 et
379 1283 767 1331 ἀπομνημονεύματα
786 1282 990 1325 dixerunt
1011 1284 1080 1338 (ut
1104 1283 1268 1326 Strabo
1289 1284 1366 1326 lib.
1390 1283 1429 1325 4.
1457 1299 1500 1341 p.
1528 1282 1625 1331 177,
1658 1284 1676 1322 ὃ
1699 1279 1803 1321 Καῖ-

318 1372 387 1411 σαρ
425 1357 460 1397 ἐν
499 1360 578 1397 τοῖς
615 1358 900 1414 ὑπομνήμασι),
939 1357 1142 1414 quoniam
1177 1359 1258 1401 hoc
1296 1373 1452 1416 genere
1485 1354 1693 1399 narrandi
1730 1353 1804 1396 uni

315 1430 531 1473 memoriae
567 1447 714 1474 rerum
754 1441 974 1490 gestarum
1015 1432 1255 1475 consulitur
1290 1434 1341 1487 (“
1363 1432 1656 1487 M'emoires'’).
1723 1429 1805 1471 Po-

315 1505 444 1546 tuisse
465 1505 541 1547 hos
565 1507 896 1549 commentarios
916 1506 999 1548 dici
1023 1509 1271 1564 ἐφημεξίδας,
1291 1515 1336 1548 et
1362 1521 1513 1548 revera
1533 1503 1702 1547 nomine
1724 1502 1806 1545 hoc

311 1595 337 1621 a
362 1580 599 1623 Plutarcho
628 1581 688 1635 (in
709 1580 797 1623 vita
822 1582 927 1623 Caes.
953 1597 989 1622 c.
1010 1581 1104 1636 22.)
1130 1580 1351 1638 insignitos
1371 1595 1475 1628 esse,
1507 1577 1806 1620 indubitatum

313 1663 402 1697 est:
450 1663 598 1697 utrum
635 1671 741 1698 vero
777 1655 921 1698 Caesar
954 1656 1133 1705 nullam,
1166 1663 1326 1714 praeter
1357 1652 1698 1701 commentarios,
1727 1649 1807 1692 his-

315 1730 471 1773 toriam
500 1747 674 1773 suarum
703 1746 848 1774 rerum
878 1731 1113 1789 scripserit,
1146 1746 1200 1773 an
1221 1738 1264 1773 et
1287 1728 1614 1774 commentarios
1643 1728 1736 1779 hos,
1765 1731 1811 1768 et

312 1807 623 1866 ephemerides,
663 1809 719 1850 ab
769 1808 832 1850 his
875 1808 1191 1851 commentariis
1223 1808 1429 1856 diversas,
1473 1803 1808 1863 consignaverit,

312 1883 555 1926 dubitatur.
636 1883 926 1927 Posteriorem
969 1884 1221 1927 sententiam
1266 1882 1460 1925 defendit
1511 1880 1708 1923 Rualdus
1751 1877 1808 1921 ad

311 1958 435 2001 illum
472 1959 697 2002 Plutarchi
728 1960 868 2002 locum
906 1961 970 2017 (p.
993 1959 1077 2002 858
1109 1960 1177 2002 ed.
1217 1959 1401 2015 Reisk.)‚
1437 1957 1539 2015 quia
1564 1955 1721 2014 passim
1753 1968 1807 1996 ex

313 2034 660 2092 ephemeridibus
699 2036 877 2078 Caesaris
919 2035 1001 2078 loci
1038 2052 1063 2078 a
1099 2035 1321 2077 veteribus
1361 2033 1615 2081 recitantur,
1651 2030 1727 2088 qui
1764 2029 1807 2071 in

315 2111 630 2153 commentariis
661 2112 771 2169 ejus,
809 2111 1041 2154 hodienum
1075 2109 1397 2168 superstitibUS,
1433 2124 1520 2151 non
1553 2113 1806 2150 occurrunt.

319 2185 449 2234 Quod
481 2195 790 2244 argumentum
823 2195 874 2229 ut
907 2194 973 2228 est
1003 2185 1295 2244 perspicuum,
1324 2185 1385 2228 ita
1405 2183 1533 2227 multi
1552 2180 1808 2226 sententiam

318 2261 484 2304 Rualdi
506 2270 765 2320 sequuntur.
830 2261 1054 2305 Fabricius
1075 2278 1181 2306 vero
1203 2262 1245 2304 in
1270 2262 1387 2304 Bibl.
1410 2260 1508 2303 Lat.
1534 2259 1572 2308 l,
1601 2258 1670 2307 10,
1691 2258 1720 2298 2
1741 2254 1808 2298 his

314 2336 376 2379 ita
399 2338 603 2391 occurrit,
627 2346 676 2382 ut
698 2338 740 2382 in
765 2337 946 2383 Caesaris
965 2337 1088 2382 libris
1110 2337 1164 2380 de
1185 2337 1304 2381 bello
1326 2336 1497 2381 Gallico
1519 2334 1692 2379 lacunas
1720 2343 1810 2374 esse

308 2418 488 2458 statuat.
