1946 3261
254 384 305 410 ac
321 368 414 409 loca
425 370 578 423 aperta
595 364 887 421 pertinebant,
901 362 1098 404 cedentes
1116 361 1280 419 insequi
1296 359 1527 403 auderent:
1559 351 1733 398 interim

253 426 442 483 legiones
474 439 562 471 seir,
596 437 693 479 quae
730 421 878 478 primae
919 429 1141 470 venerant,
1179 436 1309 478 opere
1350 418 1555 465 dimenso,
1592 420 1732 456 castra

256 483 424 526 munire
446 488 685 539 coeperunt.
750 479 842 521 Ubi
868 479 1007 536 prima
1039 479 1331 536 inpedimenta
1362 474 1496 518 nostri
1516 473 1732 516 exercitus

255 542 313 583 ab
335 540 412 590 his,
446 540 522 597 qui
542 540 585 580 in
605 538 720 579 silvis
740 537 879 579 abditi
900 536 1110 586 latebant,
1141 538 1229 579 visa
1255 544 1370 585 sunt,
1401 532 1538 592 (quod
1559 541 1733 589 tempus

254 599 368 641 inter
389 613 458 640 eos
478 595 771 638 committendi
807 595 949 653 proelii
970 598 1246 652 convenerat)
1275 596 1350 644 ita,
1384 602 1435 636 ut
1464 592 1577 634 intra
1604 590 1731 632 silvas

254 657 389 699 aciem
405 655 660 711 ordinesque
679 655 990 696 constituerant
1006 662 1139 712 atque
1156 655 1236 712 ipsi
1252 670 1339 696 sese
1355 650 1732 696 confirmaverant,

253 715 400 756 subito
420 713 617 755 omnibus
644 713 776 770 copiis
809 711 1149 769 provolaverunt
1181 713 1481 770 impetumque
1502 709 1545 751 in
1566 716 1733 750 nostros

252 772 421 830 equites
441 772 652 813 fecerunt.
709 771 788 812 His
810 770 933 812 facile
956 771 1089 828 pulsis
1109 787 1158 813 ac
1181 770 1466 829 protu1·batiS‚
1488 765 1734 809 incredibili

253 831 476 872 celeritate
495 830 549 872 ad
571 829 731 871 flumen
750 828 1113 879 decucurrerunt,
1146 838 1196 871 ut
1218 844 1339 887 paene
1360 843 1446 870 uno
1467 834 1664 883 tempore
1685 831 1732 866 et

253 889 309 931 ad
330 889 455 931 silvas
475 897 520 930 et
540 888 581 929 in
604 888 777 930 flumine
806 895 850 929 et
868 888 955 945 jam
985 888 1027 929 in
1048 888 1243 930 manibus
1271 886 1425 930 nostris
1451 884 1592 927 hostes
1612 882 1729 925 vide-

251 956 420 990 rentur.
483 945 646 989 Eadem
687 955 833 988 autem
870 945 1091 988 celeritate
1128 945 1309 988 adverso
1350 943 1460 987 colle
1497 942 1552 985 ad
1586 950 1733 985 nostra

252 1015 392 1048 castra
409 1014 542 1063 atque
564 1021 650 1053 eos,
673 1005 749 1061 qui
771 1004 813 1046 in
833 1020 965 1062 opere
983 1004 1185 1063 occupati
1205 1012 1343 1053 erant,
1366 1001 1700 1045 contenderunt.

311 1066 382 1107 20.
419 1064 577 1106 Caesari
614 1063 754 1105 omnia
792 1077 878 1104 uno
916 1070 1112 1121 tempore
1150 1071 1273 1105 erant
1304 1061 1491 1119 agenda:
1525 1059 1733 1101 vexillum

252 1122 604 1181 proponendum,
639 1121 757 1178 quod
793 1129 887 1163 erat
922 1121 1101 1179 insigne,
1137 1137 1273 1179 quum
1303 1121 1357 1163 ad
1380 1135 1498 1162 arma
1531 1117 1733 1161 concurri

251 1190 499 1238 oporteret:
524 1181 693 1237 signum
711 1179 818 1221 tuba
836 1178 1047 1221 dandum:
1081 1180 1137 1222 ab
1155 1195 1287 1237 opere
1306 1177 1536 1221 revocandi
1553 1177 1730 1218 milites:

251 1240 329 1296 qui
352 1239 501 1296 paullo
523 1238 693 1295 longius
714 1237 883 1295 aggeris
902 1238 1079 1295 petendi
1101 1254 1245 1280 caussa
1263 1244 1572 1295 processerant,
1593 1251 1729 1277 arces-

249 1297 391 1339 sendi:
425 1298 533 1339 acies
554 1296 820 1343 instruenda,
851 1296 1006 1337 milites
1027 1296 1298 1344 cohortandi,
1325 1296 1493 1352 signum
1514 1293 1727 1335 dandum:

248 1371 436 1412 quarum
458 1370 604 1398 rerum
624 1369 821 1412 magnam
840 1362 1009 1410 partem
1027 1355 1233 1412 temporis
1250 1354 1440 1398 brevitas
1457 1360 1501 1395 et
1517 1367 1732 1394 successus

1026 1466 1119 1507 prius
1135 1467 1306 1503 legebatur
1318 1466 1525 1507 perturbatis.
1540 1475 1617 1497 mox
1632 1465 1728 1497 ‹Iecu-

1024 1517 1211 1543 currerunt.
1257 1510 1396 1541 Ursinus
1422 1521 1441 1541 e
1463 1520 1523 1540 suo
1551 1508 1669 1540 codice
1695 1514 1729 1539 et

298 1468 454 1499 Porrecla
480 1478 530 1499 ac.
590 1467 777 1498 Delendum
819 1471 868 1497 est
909 1477 958 1499 ar,

248 1519 367 1542 sensus
397 1518 509 1543 autem
547 1510 625 1541 hic:
662 1521 758 1551 quem
787 1510 831 1540 ml
854 1511 958 1550 finem

197 2140 204 2142 -
246 2120 323 2150 edd.
343 2121 440 2151 Rom.

249 1555 433 1595 (quosque)
461 1556 532 1586 loca
559 1559 674 1595 aperta
710 1552 827 1591 (nullis
864 1553 959 1584 silvis

248 1589 354 1636 tecta)
378 1604 532 1639 porrecta
555 1598 760 1638 pertinebant
786 1596 958 1635 (extende-

247 1640 399 1680 bantur).
442 1641 489 1672 Ut
514 1641 648 1678 dicitur,
668 1645 836 1681 porrectus
849 1646 958 1672 erten-

247 1684 341 1715 dimr
357 1695 414 1715 seu
425 1687 601 1726 procurrit,
626 1694 699 1725 pre,
719 1689 882 1724 porrectus
896 1690 939 1715 es!
949 1698 958 1714 .-

250 1727 299 1758 sic
308 1734 476 1769 porrectus
489 1730 624 1770 pertinet
636 1728 680 1759 acl
691 1729 832 1767 aliquem
841 1728 958 1765 locum,

248 1781 324 1812 pr0,
338 1777 503 1812 porrectus
514 1777 559 1803 est
572 1781 673 1812 usqne
684 1771 728 1802 ad
737 1772 831 1802 illum
839 1772 955 1802 locum.

247 1815 404 1846 Varietas
418 1815 572 1847 lectionis
586 1815 647 1852 (cul
663 1825 721 1856 pro
732 1826 780 1852 ar,
795 1820 826 1845 et
841 1820 954 1855 aperta

247 1859 319 1890 loca
347 1869 406 1899 pro
426 1860 495 1891 loca
517 1860 647 1900 aperta)
670 1864 768 1898 atque
790 1857 956 1889 dissensus

249 1901 466 1943 interpretum
496 1902 632 1937 indicat,
660 1901 838 1932 lectionem
868 1902 957 1938 vulg.

246 1945 334 1976 vitio
351 1945 503 1977 laborare
515 1947 564 1977 M.
595 1945 633 1975 Tb
644 1951 760 1986 aperta
774 1956 834 1985 pro
846 1946 956 1985 glossa

248 1989 302 2019 7055
324 1996 472 2030 por-recta
498 1989 621 2020 habent
651 1990 790 2019 Hotom.
815 1994 847 2019 et
872 1989 956 2019 Gru-

246 2038 350 2064 tems.
396 2033 519 2065 Verum
543 2044 582 2064 ea
598 2043 662 2063 vox
683 2033 862 2063 admodum
879 2032 955 2064 trita

245 2081 298 2107 est
314 2082 437 2108 nostro.
453 2088 484 2108 v.
501 2078 612 2107 Index.
649 2076 806 2107 Davisius
823 2082 953 2107 secutus

489 2121 574 2150 Ven.
590 2120 681 2151 dedit
701 2119 862 2158 συνωνύμως
879 2131 954 2160 pm·-

244 2169 337 2195 Yecta
351 2175 390 2195 ac
403 2170 517 2205 aperta
531 2165 609 2195 loca.
655 2163 787 2197 (Ilarke,
804 2174 951 2204 quocum

246 2207 374 2238 faciunt
400 2207 562 2238 Cellarius
584 2206 720 2247 aliique,
751 2207 784 2236 τᾶ
806 2214 951 2248 port-erm

242 2250 397 2282 absolute
408 2251 554 2291 positum
566 2256 668 2291 putat,
682 2256 716 2281 ut
726 2252 814 2290 apud
823 2251 950 2282 Minuc.

244 2294 316 2325 Pel.
332 2305 362 2325 c·
383 2297 432 2325 17.
452 2300 600 2335 porrecta
623 2304 823 2334 camporum,
849 2296 948 2326 adeo-

245 2348 312 2378 que
326 2339 497 2379 vulgatum
513 2337 642 2368 retinet.
666 2337 752 2367 idem
766 2338 834 2378 jam
851 2338 950 2369 Ciac—

244 2382 347 2413 conio
363 2382 484 2413 visum.
521 2380 653 2412 Dubius
669 2380 805 2411 omnino
821 2382 926 2413 locus.

293 2427 394 2466 Opere
406 2427 561 2462 dimenso,
578 2425 599 2455 i.
613 2435 641 2455 e.
660 2424 768 2465 spatio
784 2425 946 2463 dimenso,

245 2469 282 2500 in
296 2481 363 2510 quo
379 2480 464 2510 opus
479 2468 616 2508 (castra)
637 2467 765 2498 munire
780 2469 946 2500 volebant.

244 2514 333 2544 Puto
360 2524 431 2544 esse
459 2513 504 2543 id.
532 2513 622 2553 quod
649 2511 800 2543 usitatius
825 2512 947 2544 dicitur

241 2562 350 2588 castra
363 2558 491 2588 wwtari.
517 2557 565 2587 M.

292 2602 433 2642 Tempus
454 2617 498 2623 —-
520 2606 718 2632 convenerat.

246 2645 297 2674 17.
324 2645 371 2675 M.

290 2687 355 2724 Ita,
373 2693 416 2719 ut.
464 2687 622 2719 Davisius
644 2687 708 2718 hoc
731 2693 766 2717 m
790 2687 879 2728 capit
904 2689 942 2719 de

237 2735 389 2770 tempore
413 2741 474 2772 pro
493 2738 674 2773 postquam,
697 2731 776 2772 quia
794 2731 825 2762 in
843 2732 943 2762 variis

237 2773 415 2804 codicibus
437 2775 469 2804 τὲ
482 2778 528 2806 ita
543 2776 643 2806 deest.
689 2776 752 2807 Sed
769 2776 801 2805 in
817 2774 892 2806 aliis
909 2782 941 2805 ot

239 2817 314 2847 edd.
331 2823 395 2847 vet.
412 2818 529 2857 legitur
549 2824 663 2859 estque
684 2818 879 2850 adverbium
896 2820 939 2849 si-

237 2860 438 2891 militudinis
454 2872 512 2901 pro
528 2874 562 2893 (ιο
574 2863 677 2894 morlo.
691 2874 765 2903 qno.

282 2905 576 2944 Confirmat-erant,
600 2905 746 2937 consilio
762 2906 937 2947 capiendo,

233 2947 441 2989 pollicendO,
457 2949 674 2979 cohortando.
700 2951 748 2980 M.

279 2992 495 3025 From-batis.
532 2993 579 3024 lta
594 2993 740 3026 Faernus
753 3004 770 3025 e
783 2999 848 3026 vet.
860 2995 935 3027 cod.

782 2597 833 2630 Cf.
871 2611 944 2641 cap.

1024 1554 1193 1593 Charisio,
1208 1554 1240 1584 in
1255 1555 1328 1585 edd.
1340 1559 1406 1584 vet.
1419 1559 1488 1584 erat
1500 1554 1728 1585 decurrerunt.

1070 1599 1111 1629 In
1142 1600 1300 1639 'stramina
1350 1598 1426 1628 Hoc
1464 1596 1586 1627 flumen
1623 1602 1729 1627 trans-

1021 1641 1126 1681 gressi
1152 1641 1266 1672 Nervii
1288 1641 1446 1673 volebant
1467 1639 1610 1671 Caesaris
1632 1650 1727 1671 exer-

1021 1684 1137 1724 eitum,
1157 1685 1189 1715 in
1205 1685 1307 1716 altera
1322 1684 1396 1726 ripa
1409 1683 1574 1722 relictum,
1587 1683 1726 1715 adoriri.

1023 1728 1112 1759 Ilinc
1125 1728 1318 1769 transgressi
1333 1728 1455 1760 flumen
1468 1733 1559 1759 erant
1570 1730 1605 1759 in
1617 1730 1727 1759 mani-

1022 1773 1081 1803 bus
1096 1774 1332 1810 Romanorum,
1342 1773 1413 1803 h.e.
1427 1782 1532 1813 prope
1542 1773 1726 1809 Romanos,

1020 1817 1186 1847 adstantes
1200 1817 1317 1849 castris
1330 1817 1572 1855 Romanorum,
1584 1816 1724 1856 baebyvm.

1067 1904 1110 1934 In
1125 1906 1278 1935 manibus
1291 1907 1417 1936 nostris.
1456 1904 1629 1946 Adjectum
1648 1914 1724 1945 pro-

1019 1956 1140 1978 nomen
1171 1953 1362 1989 suspectum
1397 1953 1447 1979 est
1476 1948 1647 1980 Gronovio
1680 1949 1723 1979 ad

1019 1990 1092 2021 Liv.
1123 1995 1154 2029 9,
1186 1994 1238 2024 46.
1270 1993 1327 2024 sed
1355 1997 1466 2023 noster
1502 1998 1591 2024 amat
1623 1992 1722 2034 plene

1020 2033 1128 2076 loqui.

1066 2080 1204 2110 Adrerso
1214 2080 1299 2118 colle,
1315 2079 1374 2110 i.e.
1390 2079 1450 2117 ibi,
1464 2080 1523 2112 ubi
1535 2085 1604 2112 erat
1613 2081 1722 2118 collis,

1017 2122 1076 2162 qui
1092 2134 1110 2153 e
1127 2122 1262 2163 regione
1276 2123 1411 2155 alterius
1425 2124 1524 2156 collis
1539 2130 1619 2156 erat.
1642 2135 1673 2156 v.
1689 2135 1720 2155 c.

1023 2168 1070 2196 18.
1098 2167 1146 2197 M.
1455 2182 1458 2186 ·

1070 2211 1228 2242 Vemillum
1240 2211 1498 2251 proponendum.
1547 2211 1648 2243 Russi
1663 2223 1719 2244 co-

1017 2253 1107 2284 loris.
1124 2265 1154 2285 v.
1173 2254 1323 2285 Macrob.
1347 2256 1413 2285 Sat.
1441 2257 1467 2293 1,
1487 2257 1535 2285 16.
1564 2258 1718 2287 extende-

1016 2297 1113 2328 batur
1137 2308 1239 2339 supra
1263 2298 1455 2339 praetorium
1474 2305 1556 2330 teste
1580 2300 1668 2330 Plut.
1686 2301 1719 2332 in

1015 2341 1122 2371 Fabio
1139 2353 1167 2372 c.
1189 2344 1237 2371 15.
1261 2341 1320 2373 ubi
1337 2341 1461 2372 dicitur
1473 2342 1570 2382 χιτὼν
1592 2343 1719 2377 κὸκκινος

1015 2391 1043 2415 Pi
1060 2384 1092 2415 in
1108 2385 1269 2415 ''Nlarcello
1283 2396 1313 2416 c.
1328 2387 1380 2416 26.
1394 2386 1453 2417 ubi
1467 2387 1599 2425 φοινικοῖς
1611 2387 1716 2427 χιτών.

1016 2429 1050 2459 ln
1067 2435 1178 2460 nostro
1195 2429 1270 2460 loco
1285 2429 1421 2461 Graecus
1436 2430 1522 2461 male
1539 2431 1643 2462 reddit
1659 2441 1719 2473 pet

1014 2485 1108 2503 “if-'Ol’-

1061 2518 1154 2557 Siyn.
1173 2517 1250 2548 tuba
1269 2517 1429 2549 dandum.
1476 2517 1550 2549 Hoc
1565 2524 1636 2550 erat
1651 2518 1716 2560 sig-

1012 2570 1091 2590 num
1115 2560 1221 2601 ipsius
1244 2560 1422 2592 conflictus
1447 2561 1639 2593 inchoandi.
1665 2564 1713 2594 M.

1013 2604 1147 2635 Graecus
1162 2603 1196 2633 τὸ
1212 2604 1378 2643 πολεμικῶν.

1059 2649 1197 2687 Siqnum
1233 2649 1396 2686 dandum,
1433 2654 1554 2681 tessera
1594 2650 1712 2681 danda.

1012 2691 1214 2722 Monuerunt
1248 2691 1464 2723 Rhellieanus
1487 2699 1519 2724 et
1548 2693 1713 2725 Brantius.

1012 2736 1061 2765 ill.
1108 2736 1196 2765 Bene
1217 2736 1354 2767 Graecus
1379 2736 1525 2775 σύνθημα.
1571 2736 1713 2768 Ciacco-

1009 2778 1084 2809 nius
1112 2779 1241 2810 diversa
1265 2789 1304 2810 ea
1328 2779 1421 2819 signa
1444 2789 1510 2811 non
1535 2785 1622 2810 recte
1645 2781 1711 2811 dis-

1008 2822 1112 2859 ung-ui
1136 2833 1154 2853 a
1169 2823 1371 2863 quibusdam
1394 2823 1490 2854 refert
1508 2829 1541 2854 et
1554 2825 1708 2864 quaedam

1010 2865 1063 2896 hic
1081 2877 1284 2906 supervacua
1299 2866 1394 2897 tradi.

1052 2911 1228 2947 Successus,
1241 2909 1401 2948 accessio,
1411 2910 1708 2952 adpropinquatio.

1007 2952 1091 2982 Edd.
1121 2954 1320 2985 recentiores
1349 2955 1436 2985 male
1472 2954 1535 2985 hoc
1565 2955 1704 2987 verbum

1005 2995 1198 3036 omiserunt,
1212 2998 1302 3039 quod
1318 3008 1375 3040 per
1389 2998 1485 3030 codd.
1502 2997 1581 3031 satis
1597 3004 1703 3031 tutum
