1946 3261
223 328 355 381 enim,
376 330 473 377 loco
491 333 716 392 superiore
733 331 1209 383 decurrentes‚'eminus
1223 330 1313 375 sine
1326 328 1525 391 periculo
1545 327 1722 390 proelia-

224 390 405 443 bantur‚
427 394 673 453 multosque
695 394 982 453 pertinaciter
1011 391 1285 436 succedentes
1314 391 1603 435 vulnerabant
1626 405 1637 439 ;
1670 396 1723 432 ut

225 458 369 494 tamen
391 468 478 496 non
499 453 830 497 deterrerentur
848 454 1006 497 milites
1027 451 1165 495 nostri
1185 450 1332 493 vineas
1348 450 1565 509 proferre,
1587 457 1723 508 atque

224 510 432 568 operibus
482 513 678 556 locorum
726 513 899 555 vincere
950 510 1244 555 difficultates.
1319 509 1490 552 Eodem
1522 519 1724 568 tempore

225 576 365 612 tectos
384 571 606 614 cuniculos
636 570 694 613 ab
726 571 861 613 vineis
887 578 1023 629 agunt
1044 570 1100 612 ad
1121 576 1256 627 caput
1277 568 1426 618 fontis,
1448 568 1568 625 quod
1591 583 1728 627 genus

228 629 372 686 operis
393 630 482 672 sine
503 630 595 673 ullo
631 629 828 688 periculo
865 638 910 672 et
946 630 1036 672 sine
1073 626 1317 685 suspicione
1355 626 1543 670 hostium
1582 630 1726 670 facere

226 686 400 730 licebat.
464 689 724 732 Exstruitur
744 705 880 747 agger
903 689 946 732 in
968 686 1246 730 altitudinem
1264 683 1428 743 pedum
1447 683 1604 733 VIIII,
1627 702 1727 729 con-

227 747 400 790 locatur
423 748 467 791 in
496 764 548 791 eo
569 748 706 791 turris
728 749 768 791 X
791 749 1104 795 tabulatorum,
1140 759 1228 788 non
1255 743 1431 802 quidem
1461 758 1559 800 quae
1581 745 1729 787 moeni-

228 806 309 850 bus
330 806 653 866 adaequaretur,
677 807 740 863 (id
763 808 877 850 enim
907 807 1037 851 nullis
1069 804 1278 864 operibus
1303 802 1415 846 effici
1437 805 1635 861 poterat)
1655 803 1729 846 sed

230 881 326 924 quae
348 876 577 926 superaret
599 867 732 910 fontis
761 867 999 923 fastigium.
1064 865 1133 908 Ex
1152 880 1203 907 ea
1226 879 1365 921 quum
1386 862 1475 905 tela
1498 862 1729 905 tormentis

225 925 475 984 jacerentur
497 927 552 969 ad
573 928 702 970 fontis
721 922 886 978 aditusJ
901 942 954 970 ne
986 927 1075 969 sine
1099 924 1298 984 periculo
1321 930 1497 982 possent
1517 922 1731 979 adaquari

224 986 459 1044 'oppidanh
482 1001 568 1030 non
590 995 761 1029 tantum
782 1002 939 1045 pecora
955 994 1089 1043 atque
1102 986 1316 1043 jumenta,
1330 982 1405 1026 sed
1421 981 1554 1025 etiam
1570 997 1732 1041 magna

231 1043 453 1088 hominum
475 1046 718 1088 multitudo
737 1047 807 1088 siti
830 1046 1180 1089 consumebatur.

290 1105 362 1148 42.
418 1106 519 1155 Quo
560 1106 676 1149 malo
718 1106 943 1165 perterriti
986 1104 1193 1164 oppidani
1235 1111 1264 1129 ‘⁶
1289 1117 1420 1160 cupas
1460 1115 1577 1150 sevo,
1620 1099 1732 1158 pice,

234 1169 264 1190 “
285 1164 490 1208 scindulis
531 1166 753 1225 complent
773 1181 782 1208 :
839 1182 908 1208 eas
947 1164 1152 1207 ardentes
1191 1163 1235 1206 in
1272 1177 1407 1221 opera
1445 1159 1734 1220 provolvunt..

236 1231 266 1250 “
290 1224 459 1268 Eodem
480 1233 678 1283 tempore
697 1225 906 1269 acerrime
929 1225 1207 1284 proeliantur,
1226 1231 1276 1266 ut
1293 1223 1350 1265 ab
1367 1220 1564 1264 incendio
1583 1220 1736 1262 restin-

235 1290 265 1310 “
323 1284 464 1327 uendo
515 1284 793 1328 dimicatione
844 1294 889 1328 et
941 1284 1140 1343 periculo
1191 1283 1446 1326 deterreant
1497 1279 1736 1323 Romanos.

235 1350 265 1370 ‘⁸
290 1301 460 1401 {lagna
487 1353 668 1402 repente
702 1345 746 1387 in
778 1345 881 1404 ipsis
916 1345 1122 1402 operibus
1160 1343 1332 1386 flamma
1359 1339 1542 1384 exstitit.
1609 1338 1736 1388 Quae-

234 1410 266 1430 ‘⁶
291 1420 478 1461 cumque
507 1404 622 1447 enim
644 1420 725 1463 per
747 1404 891 1447 locum
910 1404 1040 1463 praeci
1080 1403 1182 1446 item
1205 1403 1329 1445 missa
1349 1409 1490 1449 erant,
1511 1415 1578 1449 ea,
1602 1398 1738 1441 vineis

236 1470 267 1489 ‘⁶
291 1471 337 1506 et
373 1479 534 1522 aggere
575 1465 820 1522 subpressa,
860 1420 1288 1522 compreli‘endebant
1325 1460 1369 1503 id
1411 1460 1569 1519 ipsum,
1611 1457 1736 1517 quod

236 1531 267 1550 “
291 1523 595 1566 morabatur-’²
657 1523 826 1566 Milites
847 1532 1000 1566 contra
1023 1522 1176 1572 nostri,
1197 1535 1463 1580 quamquam
1492 1517 1738 1577 periculoso

240 1597 399 1643 genere
441 1583 587 1642 proelii
631 1582 816 1641 locoque
855 1583 1008 1641 iniquo
1045 1581 1376 1641 premebantur,
1415 1587 1560 1621 tamen
1597 1577 1743 1621 omnia.

286 1739 508 1772 Decurrentes
525 1745 593 1770 etc.
613 1738 675 1770 alii
701 1739 886 1772 ‹locurrune
912 1756 955 1762 —

238 1785 439 1827 proeliantur
461 1800 505 1807 —
520 1785 703 1816 vulnerant
722 1801 766 1806 —
782 1784 957 1816 deterren-

242 1834 312 1862 mr.

289 1874 522 1911 Suvccffllentes,
543 1873 746 1905 accedentes
767 1873 958 1904 Romanos.

247 1918 319 1950 vid.
336 1919 410 1950 lud.
434 1919 485 1950 M.

293 1963 336 1995 Et
351 1963 468 1995 labore
480 1968 558 1996 ante
576 1969 678 2006 atque
701 1963 868 2004 operibus.
891 1972 958 1993 non

245 2013 354 2039 exstat
371 2007 404 2038 in
422 2014 547 2039 anthat
562 2008 662 2039 bonis
676 2007 778 2039 codd.
803 2007 853 2038 M.
892 2007 961 2037 Ex-

249 2053 380 2094 punxi3
397 2052 569 2093 superflua
580 2053 694 2096 plane.

299 2098 477 2129 Caniculae
507 2114 553 2120 —
575 2097 694 2138 sontis.
741 2097 825 2127 Ilaec
856 2094 963 2127 lectio

250 2148 300 2174 est
317 2141 362 2173 ab
382 2140 517 2183 ingenio
544 2140 692 2178 Davisii,
721 2140 823 2171 ducta
851 2145 964 2172 tamen

251 2198 270 2218 e
287 2185 477 2229 perspicuis
492 2186 592 2217 codd.
619 2183 788 2225 vestigiis,
812 2183 874 2216 ubi
893 2185 964 2216 sere

251 2232 426 2264 cuniculos
453 2236 561 2271 ayunt
587 2230 633 2261 ad
654 2231 768 2261 rimas
793 2229 842 2260 ad
865 2234 967 2270 caput

243 2276 349 2318 sontis
366 2275 509 2317 legitur3
537 2285 614 2306 nam
640 2280 764 2305 cotorze
785 2271 966 2304 varietates

254 2326 333 2351 sunt
363 2319 521 2351 leviores.
550 2319 699 2360 Vulgata
726 2328 807 2348 vero
839 2316 967 2356 lecti03

254 2366 439 2404 cuniculos,
453 2370 560 2397 crates
587 2374 627 2396 ac·
647 2365 763 2394 vineas
789 2367 896 2403 aqum
921 2363 968 2393 ad

257 2414 360 2450 caput
375 2409 504 2450 sontis:
532 2408 662 2440 absona
678 2412 741 2446 est,
768 2406 970 2447 interpretes

258 2453 336 2485 inde
354 2463 374 2484 a
393 2453 518 2486 Vossio
539 2457 755 2486 monuerunt.
801 2450 970 2482 Cellarius

258 2498 307 2530 sic
325 2497 478 2530 ediderat
493 2510 500 2530 ε
526 2499 697 2530 cum'culos
713 2497 759 2529 ad
775 2506 915 2536 amyci-es
931 2506 971 2526 ac

258 2545 375 2574 vineas
391 2547 502 2584 ayunt
517 2548 547 2574 et
562 2543 608 2574 ad
631 2547 735 2584 caput
752 2541 857 2583 fontis
870 2553 879 2571 .·
914 2540 971 2571 scd

259 2586 424 2619 Davisius
439 2597 557 2618 verum
573 2586 672 2619 vidit.
698 2586 749 2618 M.

308 2633 387 2662 Sitne
401 2633 585 2673 suspicione
612 2633 769 2668 hostium,
797 2635 832 2660 ut
858 2629 973 2660 hostes

260 2685 304 2708 ne
322 2675 574 2717 suspicarentur
600 2674 752 2717 quidem,
782 2674 850 2705 tale
879 2673 973 2715 quod

262 2719 361 2752 fieri:
386 2719 541 2752 cuniculi
565 2719 658 2752 enim
685 2719 748 2751 sub
779 2724 865 2749 terra
893 2728 974 2760 age-

262 2765 399 2797 bantur.
444 2765 534 2807 Ergo
554 2763 700 2797 Romani
727 2773 795 2795 non
819 2763 978 2794 admove-

263 2816 342 2841 runt
359 2815 468 2841 crates
490 2815 525 2841 et
547 2810 678 2848 vineas,
710 2814 747 2839 ut
775 2807 807 2839 in
838 2807 975 2849 vulgata

263 2853 417 2886 lectione
433 2860 525 2886 erat:
541 2865 621 2887 nam
637 2855 703 2886 hoc
719 2853 835 2885 hostes
845 2850 975 2894 potuis·-

266 2905 340 2930 sent
359 2898 427 2941 ipsi
442 2898 513 2930 suis
529 2898 643 2931 oeulis
659 2898 787 2930 videre.
811 2896 865 2928 M.

316 2944 438 2986 Pednn
467 2944 601 2978 VIIII.
624 2943 659 2976 in
682 2942 764 2976 aliis
792 2942 853 2974 VJ.
876 2940 978 2974 Ciac-

1023 1738 1146 1770 conius
1173 1747 1215 1769 ex
1241 1733 1366 1768 Orosio
1397 1736 1429 1774 6,
1458 1735 1508 1765 ll.
1534 1732 1641 1765 dabat
1659 1732 1736 1764 Lx.

1023 1784 1116 1825 quod
1133 1791 1297 1823 rcccpere
1315 1779 1441 1821 Scalig.
1466 1777 1604 1816 Clarke,
1627 1776 1740 1809 Cella-

1026 1828 1097 1860 rius
1112 1840 1120 1867 ;
1147 1828 1204 1858 sed
1224 1824 1369 1857 Orosius
1387 1824 1449 1855 LX
1467 1824 1523 1854 dat
1540 1832 1608 1854 non
1621 1821 1741 1863 aggeri

1026 1873 1107 1908 soli,
1126 1883 1194 1908 scir.
1209 1868 1324 1911 aggeri
1343 1874 1375 1899 et
1395 1867 1492 1899 turri.
1540 1867 1632 1908 Ergo
1649 1872 1740 1899 recte

1028 1916 1190 1948 0ud.1x
1207 1926 1225 1945 e
1242 1914 1344 1945 codd.

1075 1961 1336 2002 Adaequaretw·.
1367 1955 1429 1987 alii
1458 1960 1621 1998 oequaret,
1649 1954 1743 1988 adae-

1028 2010 1159 2048 quarel.

1077 2051 1195 2082 Fontis
1212 2049 1415 2090 fasaeiqiwm,
1440 2046 1558 2078 locum
1582 2043 1744 2077 altiorem

1030 2093 1170 2130 montis,
1186 2103 1204 2123 c
1220 2103 1288 2133 quo
1301 2094 1377 2126 sons
1390 2089 1608 2134 prosiliebat.
1654 2089 1745 2120 Fons

1034 2136 1277 2181 prorumpebat
1304 2138 1369 2170 sub
1396 2145 1528 2168 murum
1557 2133 1679 2177 oppidi
1695 2134 1747 2173 (c.

1032 2185 1086 2215 41.
1117 2182 1180 2221 in.)
1196 2194 1203 2212 :
1242 2182 1412 2225 oppidum
1442 2185 1514 2212 erat
1544 2179 1577 2211 in
1608 2189 1744 2210 summo

1032 2232 1149 2260 monte
1166 2239 1174 2257 ε
1199 2237 1279 2269 ergo
1301 2228 1375 2259 sons
1391 2226 1454 2265 ibi,
1468 2224 1502 2256 in
1515 2223 1637 2256 altiore
1646 2233 1745 2255 mon-

1033 2272 1075 2304 tis
1107 2273 1185 2303 loco
1219 2271 1464 2314 prorumpebat
1485 2281 1492 2300 ι
1543 2268 1622 2300 hinc
1652 2266 1746 2299 fasti-

1033 2316 1126 2358 gium
1143 2316 1246 2348 sontis
1270 2322 1321 2348 cst
1346 2317 1442 2348 locus
1472 2312 1573 2346 altior
1602 2312 1745 2350 montis,

1035 2362 1123 2392 unde
1140 2361 1214 2392 fons
1229 2361 1381 2394 scaturit.
1405 2361 1457 2392 M.

1082 2405 1247 2447 Adsentis
1261 2407 1386 2439 aditus.
1407 2404 1469 2436 alii
1485 2403 1627 2436 aditum.

1081 2451 1273 2492 Adaquari.
1291 2451 1346 2483 Sic
1357 2450 1398 2482 C.
1417 2452 1444 2488 1,
1463 2451 1515 2480 66.
1533 2447 1594 2479 alii
1610 2447 1748 2488 aquari.

1083 2496 1254 2528 scindulis
1268 2497 1441 2538 complent.
1450 2493 1552 2533 vulgo
1566 2490 1749 2523 scandulis.

1085 2541 1314 2572 Dimicatione
1329 2546 1359 2573 et
1370 2539 1538 2582 periculo,
1563 2535 1586 2567 i.
1598 2545 1629 2566 e.
1646 2533 1749 2565 dimi-

1038 2583 1187 2617 cationis
1203 2585 1370 2626 periculo.
1397 2583 1439 2615 Et
1458 2583 1530 2614 haec
1543 2578 1748 2621 explicatio,

1039 2630 1262 2661 dimicationis
1271 2630 1436 2672 periculo,
1452 2624 1574 2657 invasit
1586 2624 1619 2655 in
1632 2621 1751 2655 multis

1040 2673 1140 2706 libris
1157 2674 1273 2705 locum
1291 2684 1378 2706 verae
1391 2669 1565 2704 lectionis.
1589 2669 1641 2700 M.

1090 2719 1239 2750 EJstitit.
1253 2718 1314 2750 alii
1328 2719 1464 2750 exsistit.

1092 2764 1290 2804 Subpwssa,
1330 2761 1496 2803 inpedita,
1532 2769 1602 2800 quo
1640 2756 1751 2790 minus

1045 2812 1279 2851 procurrerent.
1296 2806 1449 2838 ulterius.
1472 2804 1573 2836 Conl'.
1589 2803 1662 2835 lnd.
1676 2803 1729 2834 M.

1092 2853 1135 2885 Id
1149 2853 1274 2894 ipsum,
1289 2852 1381 2895 quod
1397 2861 1482 2890 mor.
1502 2848 1621 2882 vineas
1639 2854 1673 2882 et
1696 2857 1754 2890 ag-

1043 2906 1173 2940 gerem.
1196 2897 1249 2929 M.
