1946 3261
640 166 756 210 LIB.
820 167 956 210 CAP.
989 166 1176 213 21—23.
1574 171 1658 214 555

182 293 319 346 danis,
351 301 402 338 ut
431 293 471 337 ei
500 293 651 337 liceret
691 294 883 353 legatum
916 293 971 337 ad
1003 295 1213 338 Caesarem
1247 293 1479 353 proficisci:
1525 296 1589 339 illi
1619 313 1662 340 se

149 397 153 400 ,
181 352 514 397 satisfacturum.
581 353 800 396 Potestate
830 353 947 404 data,
983 368 1120 410 quum
1151 354 1247 396 inde
1283 363 1392 397 esset
1423 354 1660 412 profectus,

184 411 383 470 praesidio
403 420 669 469 comparato,
703 427 838 468 quum
872 412 981 454 bene
1011 427 1210 469 magnam
1239 429 1411 455 manum
1433 414 1596 457 fecisset
1616 423 1662 458 et

183 479 396 514 nocturno
432 480 628 529 tempore
661 487 738 528 per
760 470 1015 512 fallaciam
1005 486 1048 511 111
1069 470 1279 527 oppidum
1312 480 1421 514 esset
1447 482 1662 532 receptus,

180 529 498 587 jugulationem
526 544 726 585 magnam
759 529 882 577 facit;
930 527 1298 586 principibusque,
1340 531 1416 586 qui
1456 532 1534 574 sibi
1568 547 1665 576 con-

183 588 308 631 trarii
324 588 517 637 fuissent,
531 587 783 637 interfectis,
798 586 1032 646 oppidum
1025 602 1067 629 111
1080 602 1198 629 3113111
1216 596 1476 644 potestatem
1493 591 1662 649 recipit.

188 646 285 693 Hoc
307 646 532 704 praeterito
556 655 769 703 tempore,
794 662 904 688 servi
927 645 1160 703 transfugae
1181 645 1511 699 nunciaverunt,
1542 651 1666 718 oppi-

185 705 398 749 danorum
429 705 542 747 bona
564 705 704 753 vendi,
736 720 813 747 nec
841 705 911 747 cui
942 713 1064 746 extra
1086 683 1250 746 vallum
1273 703 1401 746 licere
1423 707 1555 755 exire,
1588 709 1665 752 11131

182 763 459 811 discinctum
494 763 757 830 idcircoque,
793 780 845 806 ex
882 780 970 821 quo
1003 762 1070 805 die
1108 762 1318 820 oppidum
1347 764 1521 829 Ategua
1559 776 1668 810 esset

185 832 377 880 captum,
410 830 530 864 metu
551 823 808 865 contenitos
829 822 1073 888 complures
1095 821 1361 879 profugere
1352 837 1395 864 111
1417 822 1665 871 Baeturiam

186 896 326 938 neque
347 881 428 924 sibi
450 881 580 923 ullam
603 897 722 939 spem
746 881 934 923 victoriae
957 881 1221 938 plopositam
1244 881 1421 923 habere:
1456 891 1516 932 et,
1539 883 1573 925 si
1592 884 1667 941 qui

185 955 246 982 ex
262 940 419 983 nostris
453 940 737 1007 tranfugerit,
770 940 813 982 in
835 940 973 982 levem
1001 948 1268 982 armaturam
1299 939 1449 997 conjici
1481 957 1667 1000 eumque

186 1013 271 1042 non
290 998 477 1056 amplius
497 998 606 1041 XVI
631 1015 839 1058 accipere

245 1057 316 1100 23.
352 1057 599 1115 Insequenti
631 1066 827 1116 tempore
862 1057 1006 1100 Caesar
1041 1056 1191 1100 castris
1226 1064 1366 1099 castra
1403 1059 1588 1102 contulit
1625 1070 1670 1104 et

186 1116 412 1159 brachium
431 1117 486 1158 ad
508 1117 666 1159 flumen
685 1117 855 1159 Salsum
875 1116 1035 1158 ducere
1052 1116 1200 1174 coepit.
1251 1116 1336 1158 Hic
1353 1115 1486 1159 dum
1477 1133 1519 1161 111
1536 1134 1670 1177 opere

187 1175 323 1217 nostri
357 1175 532 1218 distenti
568 1184 745 1224 essent,
761 1175 1006 1233 complures
1041 1190 1095 1217 ex
1131 1175 1354 1232 superiore
1389 1175 1485 1219 loco
1516 1177 1668 1222 adver-

187 1234 399 1277 sariorum
436 1233 809 1277 decucurr2e1unt
864 1250 940 1276 nec
980 1233 1276 1277 detinentibus
1317 1235 1487 1284 nostris,
1524 1237 1673 1281 multis

188 1292 310 1335 telis
302 1293 469 1350 injectis
489 1293 733 1351 complures
751 1293 1001 1336 vulneribus
1022 1293 1231 1335 adf.ecere
1310 1293 1393 1336 Hic
1425 1303 1582 1344 tamen,
1621 1305 1672 1339 ut

187 1351 250 1396 ait
271 1351 450 1400 Ennius,
485 1359 513 1377 “
540 1352 692 1394 Nostri
713 1368 872 1394 cessere
895 1367 1143 1410 parumper.
1151 1354 1173 1369 ”
1222 1351 1377 1410 Itaque
1400 1362 1557 1410 111-110101·
1574 1370 1673 1398 0011-

188 1409 462 1454 suetudinem
484 1427 621 1469 quum
641 1427 665 1452 a
688 1412 843 1453 nostris
863 1410 1205 1453 animadversum
1227 1420 1350 1459 esset,
1373 1412 1540 1462 cedere,
1562 1413 1672 1456 Cen-

190 1469 380 1512 turiones
401 1485 455 1512 ex
473 1469 641 1535 legione
656 1470 810 1536 quinta
831 1469 988 1512 flumen
1002 1469 1254 1527 transgressi
1276 1469 1363 1513 duo
1385 1472 1672 1516 restituerunt

190 1528 354 1576 aciem;
401 1528 648 1587 acriterque
681 1529 836 1570 eximia
875 1529 1038 1570 virtute
1072 1528 1221 1586 plures
1239 1544 1374 1585 quum
1396 1539 1591 1586 agerent,
1619 1547 1673 1575 ex

189 1586 413 1654 superiore
434 1587 527 1629 1000
549 1587 829 1630 multitudine
847 1587 1034 1630 telorum
1053 1587 1164 1629 alter
1186 1603 1335 1629 eorum
1352 1588 1551 1630 concidit.
1588 1589 1672 1640 Ita,

191 1662 329 1703 quum
350 1645 384 1688 is
410 1662 589 1704 compar
611 1647 814 1704 proelium
843 1647 985 1688 facere
1015 1645 1212 1703 coepisset
1234 1653 1294 1694 et,
1326 1662 1459 1704 quum
1483 1648 1673 1706 undique

194 1721 237 1748 se
273 1705 574 1748 circumveniri
615 1706 802 1748 animum
842 1704 1116 1753 advertisset,
1166 1719 1402 1770 parumper
1431 1706 1669 1772 ingressus,

192 1762 348 1822 pedem
368 1763 579 1807 obfendit.
665 1764 810 1822 Hujus
831 1764 1092 1806 concidentis
1113 1764 1194 1805 vir1
1214 1779 1312 1806 casu
1332 1764 1486 1823 passim
1506 1767 1674 1817 audito,

245 1911 380 1951 Recipit.
409 1909 478 1941 Alii
493 1912 625 1951 recepit.

247 1955 407 1986 Vendere.
439 1953 524 1985 Boni
537 1954 637 1984 codd.
649 1953 774 1984 habent
786 1954 898 1985 rendi.

198 1999 319 2030 Recte.
347 1999 397 2030 M.
443 1998 586 2039 Recepi.

246 2043 312 2075 Nec
325 2045 391 2074 cui.
415 2041 467 2073 Sic
487 2042 602 2073 Daris.
615 2041 702 2072 bene
721 2040 831 2081 Vulgo
848 2050 898 2071 ne.

197 2087 288 2121 Tum
326 2086 447 2118 Davis-
486 2085 605 2117 Heins.
642 2084 701 2116 alii
731 2086 898 2115 «accincto.

198 2131 279 2162 Erat
306 2130 340 2161 id
361 2131 445 2162 alias
473 2129 560 2161 inter
589 2139 705 2170 poenas
720 2127 896 2159 militares.

203 2174 243 2205 V.
261 2174 399 2215 Lipsius
414 2174 455 2205 dc
471 2173 544 2204 mil.
564 2174 666 2204 Rom.
684 2176 714 2209 5,
735 2175 783 2203 18.

967 1907 1149 1949 prohibere
1167 1918 1230 1938 11011
1256 1912 1402 1948 possent.
1450 1907 1502 1938 Al.
1519 1908 1670 1939 ‹lesim-

966 1953 1053 1985 tibus*
1067 1965 1076 1983 .·
1101 1952 1149 1982 310
1171 1962 1286 1983 sensus
1301 1953 1376 1985 erit,
1391 1961 1490 1992 quem
1504 1951 1668 1983 Glandor-

970 1996 1043 2037 pius
1058 1995 1155 2033 vidit,
1180 1995 1388 2026 Caesarianos
1406 2005 1468 2025 non
1488 1995 1629 2026 desiisse
1646 2007 1674 2026 s.

969 2039 1155 2081 perstitisse
1174 2039 1205 2070 111
1227 2038 1421 2070 muniendo.
1469 2038 1511 2068 Et
1536 2038 1599 2070 hoc
1617 2049 1671 2071 ve·

970 2084 1039 2114 rius
1056 2084 1118 2113 esf.
1148 2084 1195 2114 ..ll
1253 2083 1361 2113 Bintl.
1376 2083 1601 2117 renitentibus.

1017 2128 1083 2158 Hic
1097 2132 1252 2158 (ατηενι-
1220 2137 1461 2175 -pargaempen
1516 2126 1570 2158 Sic
1593 2127 1675 2159 Lei·

970 2170 1082 2202 densis
1111 2171 1251 2212 primus.
1280 2170 1342 2202 nisi
1364 2170 1453 2211 quod
1481 2181 1538 2210 pro
1561 2177 1674 2203 tamen

248 2219 453 2261 Idcircoque.
491 2217 560 2249 Alii
576 2218 627 2249 incl
624 2220 695 2248 ··ι”1·(υ
713 2216 813 2258 quml.

247 2264 304 2301 Et,
319 2265 347 2293 se?
360 2265 432 2304 qui.
464 2263 538 2294 Hoc
551 2268 637 2294 etex
656 2261 683 2292 V
687 2260 767 2292 ossii
782 2259 903 2291 codice

200 2306 295 2339 dedit
310 2306 430 2338 Clarke
445 2312 521 2348 post
532 2306 714 2346 Glandorp.
734 2305 760 2334 l
767 2305 844 2345 ulgo
858 2309 902 2335 ut.

250 2351 325 2383 Non
349 2352 493 2392 amplius
519 2351 579 2382 X!
581 2351 611 2381 Ι
632 2349 795 2388 (assibus)
819 2349 905 2379 acci-

200 2406 281 2437 pere
303 2394 411 2433 (haud
435 2394 555 2433 dubie,
580 2394 614 2425 in
637 2393 757 2430 diem).
804 2394 904 2423 Asses

204 2437 360 2480 intelligi,
398 2438 461 2470 ubi
489 2439 530 2470 de
560 2437 699 2470 militari
736 2436 904 2478 stipendio

204 2493 312 2514 sermo
339 2488 402 2520 est,
428 2487 570 2514 constat.
587 2482 657 2513 vid.
679 2480 792 2513 Taciti
820 2482 904 2512 Ann.

212 2529 239 2566 l,
258 2528 309 2558 17.
367 2525 476 2567 Lipsii
494 2527 663 2558 Excursus
678 2527 720 2557 ad
735 2526 768 2556 h.
786 2525 809 2555 1.
834 2523 903 2555 sive

206 2571 320 2612 potius
335 2570 444 2611 Lipsii
462 2570 578 2601 Electa
598 2573 626 2608 l,
640 2573 673 2601 2.

207 2659 245 2690 h.
260 2659 282 2690 1.
299 2659 444 2690 tradatur
457 2670 466 2697 ;
480 2668 520 2688 03
536 2668 609 2688 0330
625 2657 740 2688 01111113
752 2656 907 2694 obscum,

209 2714 250 2735 ex
279 2703 354 2744 ipso
380 2701 440 2733 illo
464 2701 574 2743 Lipsii
591 2701 668 2732 loco
694 2699 908 2741 intelligetur.

213 2748 263 2780 M.

257 2792 325 2824 Nec
341 2791 561 2823 detinentibus
575 2791 706 2821 nostris.
732 2789 819 2820 Puto
834 2798 909 2820 sen-

212 2847 286 2871 sum
299 2846 383 2873 esse,
394 2845 499 2876 quum
513 2833 617 2866 nostri
634 2843 693 2864 eos
708 2832 856 2864 detinere
881 2843 906 2863 s.

725 2571 773 2600 An
791 2578 907 2599 nume-

206 2626 262 2646 rus
278 2614 362 2646 xvi
375 2614 417 2645 sit
430 2614 614 2655 genuinus;
640 2624 699 2645 cur
715 2618 751 2644 ut
766 2612 908 2651 exiguus

970 2222 1019 2247 cst
1034 2216 1129 2246 dum.
1169 2214 1281 2246 Ceteri
1295 2215 1394 2246 codd.
1411 2220 1487 2246 sunt
1506 2215 1600 2246 valde
1616 2216 1676 2247 de-

972 2260 1119 2301 pravati.
1180 2259 1215 2291 Si
1242 2259 1322 2300 quis
1352 2268 1432 2290 cum
1463 2258 1673 2300 Glandorpio

977 2305 1042 2335 llic
1058 2309 1127 2335 tum
1144 2303 1476 2341 malitfflrndictum,
1495 2309 1531 2333 ut
1547 2305 1590 2334 ibi
1602 2309 1675 2336 tum

972 2347 1062 2388 apud
1076 2346 1289 2386 Ciceronem,
1305 2344 1363 2378 ubi
1381 2352 1501 2385 narrat,
1513 2353 1548 2377 01
1560 2348 1675 2380 transit

973 2393 1015 2423 ad
1029 2391 1133 2423 aliud.
1159 2393 1207 2423 M.

1020 2436 1086 2473 lta,
1112 2446 1219 2477 quum
1244 2438 1335 2467 is—-.
1398 2434 1531 2467 Vitium
1562 2440 1612 2467 est
1642 2435 1674 2467 in

974 2480 1078 2511 verbo
1103 2482 1142 2516 it,
1167 2490 1227 2521 pro
1249 2491 1317 2521 quo
1341 2480 1407 2510 duo
1431 2480 1531 2510 codd.
1550 2479 1675 2511 habent

973 2526 1031 2555 eis.
1073 2524 1137 2555 Sed
1169 2534 1208 2555 ue
1235 2524 1284 2555 sic
1313 2522 1452 2564 quidem
1477 2529 1612 2555 constat
1633 2524 1675 2555 de

974 2577 1086 2599 sensu.
1132 2567 1361 2609 Glandorpius
1378 2567 1498 2598 maluit
1511 2568 1596 2598 alter
1615 2577 1672 2607 pro

973 2614 1032 2644 ita.
1063 2612 1112 2643 M.
1160 2612 1297 2652 Lipsius
1321 2611 1417 2642 malit
1441 2621 1538 2642 unus.
1585 2609 1674 2642 Oud.

977 2657 1088 2692 Quum
1104 2666 1189 2687 unas·
1205 2658 1251 2686 eis
1265 2666 1416 2696 compar.

1027 2700 1098 2730 sire?
1111 2710 1191 2730 casu
1213 2701 1339 2740 passim,
1365 2698 1492 2730 audito.
1535 2699 1597 2730 Pro
1622 2699 1678 2732 his

976 2748 1026 2774 est
1058 2743 1091 2774 in
1122 2743 1230 2774 tribus
1262 2742 1362 2774 bonis
1394 2742 1491 2773 codd.
1524 2746 1676 2784 temporis

977 2788 1205 2828 αᾳαα1’ἑ]”οτ·ιὶε
1219 2788 1381 2827 imiqnae'a.
1429 2785 1516 2822 Quis
1531 2786 1603 2818 haec
1619 2798 1678 2819 ex-

977 2831 1074 2863 tricet
1089 2832 1100 2862 ?
1131 2829 1257 2862 Saltem
1272 2829 1351 2862 talia
1366 2829 1606 2864 incredibilem
1617 2831 1680 2864 hu-
