1946 3261
627 255 743 298 LIB.
776 255 858 298 ΙΙΙ.
927 258 1063 300 CAP.
1108 259 1286 301 16-18,
1618 259 1705 303 355

211 384 240 403 “
265 379 327 421 rei
348 395 392 422 se
414 380 579 424 nullam
601 381 776 432 habere,
801 391 1037 441 propterea
1065 384 1185 440 quod
1209 384 1262 427 de
1283 385 1455 428 concilii
1487 386 1702 428 sententia

210 444 239 462 ⁶⁶
263 455 427 482 summa
467 440 575 483 belli
618 457 850 500 rerumque
900 441 1090 485 omnium
1146 443 1352 501 Pompeio
1396 444 1698 503 permiserint:

208 503 237 522 ⁶⁶
262 499 350 548 sed,
388 499 622 557 postulatis
663 500 841 543 Caesaris
875 500 1074 559 cognitis,
1111 501 1311 545 missuros
1346 503 1402 546 ad
1445 504 1700 563 Pompeium

207 562 236 582 ‘⁶
260 565 394 615 atque
431 558 554 600 illum
588 558 757 617 reliqua
791 576 870 617 per
915 576 959 602 se
997 569 1215 609 acturum,
1258 560 1535 606 hortantibus
1571 563 1703 622 ipsis;

205 622 235 640 ⁶⁶
258 614 426 658 interea
446 626 672 660 manerent
694 619 889 668 induciae,
913 619 1017 661 dum
1046 619 1102 661 ab
1125 618 1201 661 illo
1224 619 1358 662 rediri
1389 631 1558 679 posset;
1590 637 1699 665 neve

204 681 234 700 ⁶⁶
259 674 372 716 alter
392 675 520 718 alteri
542 680 767 719 noceret.’'
834 677 936 720 Huc
970 677 1096 721 addit
1134 694 1271 736 pauca
1304 679 1357 721 de
1393 696 1539 723 caussa
1564 690 1609 724 et
1643 681 1697 724 de

201 732 336 790 copiis
356 733 614 792 auxiliisque
635 736 732 778 suis.

266 792 331 833 17.
367 793 540 842 Quibus
562 795 690 837 rebus
713 811 854 852 neque
886 804 980 839 tum
1003 795 1353 853 respondendum
1378 797 1524 841 Caesar
1552 798 1694 841 existi-

199 851 350 901 mavit,
375 867 514 910 neque
537 869 663 903 nunc,
687 864 736 896 ut
753 855 969 898 memoriae
991 855 1252 913 prodantur,
1274 855 1376 899 satis
1394 873 1550 901 caussae
1568 865 1695 916 puta-

198 924 307 952 mus.
373 911 628 955 Postulabat
651 913 812 963 Caesar,
837 923 865 940 ‘⁶
887 924 935 957 ut
956 914 1124 972 legatos
1145 914 1225 957 sibi
1245 915 1300 958 ad
1326 915 1583 974 Pompeium
1603 916 1694 959 sine

199 975 228 994 ⁶⁶
252 970 448 1027 periculo
481 971 654 1014 mittere
688 973 870 1023 liceret;
905 973 1034 1031 idque
1073 972 1153 1032 ipsi
1196 974 1291 1017 fore
1329 975 1578 1034 reciperent
1615 984 1691 1018 aut

196 1034 225 1053 ‘⁶
250 1038 447 1087 acceptos
481 1046 560 1088 per
593 1048 636 1073 se
671 1032 723 1074 ad
759 1049 857 1075 eum
889 1032 1196 1091 perducerent.
1263 1033 1392 1084 Quod
1421 1034 1478 1077 ad
1500 1034 1694 1078 inducias

197 1094 227 1112 ‘⁶
250 1090 508 1146 pertineret,
544 1090 602 1132 sic
639 1091 743 1134 belli
778 1092 993 1134 rationem
1026 1108 1113 1134 esse
1151 1092 1348 1143 divisam,
1378 1102 1428 1136 ut
1456 1093 1519 1136 illi
1557 1094 1691 1136 classe

197 1154 226 1172 ⁶⁶
251 1163 380 1191 naves
399 1149 647 1206 auxiliaque
669 1166 743 1192 sua
766 1151 1028 1209 inpedirent,
1069 1151 1160 1210 ipse
1182 1161 1231 1195 ut
1250 1168 1365 1209 aqua
1388 1162 1597 1211 terraque
1617 1169 1690 1196 eos

195 1213 224 1231 ‘⁶
249 1207 524 1264 prohiberet:
559 1210 592 1250 si
616 1209 695 1253 hoc
717 1210 798 1252 sibi
822 1211 982 1252 remitti
1002 1210 1181 1261 vellent,
1216 1211 1489 1255 remitterent
1522 1212 1602 1271 ipsi
1634 1212 1688 1255 de

195 1272 224 1291 ⁶⁶
246 1266 484 1309 maritumis
503 1268 731 1316 custodiis;
762 1269 795 1311 si
818 1269 927 1311 illud
961 1279 1175 1322 tenerent,
1198 1287 1242 1313 se
1271 1287 1446 1329 quoque
1468 1271 1512 1315 id
1544 1280 1689 1316 reten-

195 1332 224 1350 “
249 1333 425 1367 turum:
461 1325 595 1369 nihilo
614 1327 754 1369 minus
776 1336 919 1370 tamen
949 1329 1018 1386 agi
1050 1344 1169 1386 posse
1201 1328 1255 1372 de
1279 1330 1606 1388 compositione,
1637 1339 1690 1373 ut

193 1391 221 1410 ⁶⁶
246 1383 336 1426 haec
375 1400 459 1427 non
494 1385 848 1435 remitterentur;
884 1403 1025 1443 neque
1048 1388 1156 1429 hanc
1179 1403 1271 1430 rem
1295 1405 1383 1431 esse
1405 1389 1688 1447 inpedimenti

194 1451 223 1469 ⁶⁶
249 1443 391 1486 loco.''
456 1443 527 1486 Illi
554 1460 695 1501 neque
724 1445 889 1502 legatos
915 1447 1095 1488 Caesaris
1117 1447 1329 1505 recipere,
1353 1463 1494 1505 neque
1515 1448 1685 1506 pericu-

190 1502 281 1544 lum
302 1511 508 1560 praestare
529 1519 693 1555 eorum,
729 1504 803 1546 sed
824 1513 960 1547 totam
984 1521 1072 1547 rem
1096 1505 1151 1547 ad
1188 1505 1442 1564 Pompeium
1473 1507 1653 1566 rejicere
1673 1523 1686 1550 ε

190 1577 323 1604 unum
362 1562 539 1610 instare,
580 1562 633 1603 de
672 1562 866 1612 induciis,
910 1563 1366 1622 vehementissimeque
1401 1566 1679 1610 contendere.

192 1621 313 1670 Quos
347 1620 423 1663 ubi
461 1620 605 1662 Caesar
643 1620 858 1663 intellexit
892 1623 1112 1679 praesentis
1150 1622 1336 1680 periculi
1363 1632 1496 1680 atque
1529 1624 1686 1682 inopiae

187 1679 376 1722 vitandae
413 1695 558 1721 caussa
592 1695 761 1722 omnem
796 1682 1035 1723 orationem
1078 1681 1328 1731 instituisse,
1365 1696 1506 1740 neque
1547 1683 1682 1726 ullam

187 1754 304 1797 spem
334 1747 412 1780 aut
442 1738 732 1781 conditionem
767 1741 883 1797 pacis
909 1740 1103 1789 adferre;
1139 1739 1193 1782 ad
1217 1740 1429 1799 reliquam
1457 1743 1683 1802 cogitatio-

188 1814 286 1840 nem
303 1797 411 1840 belli
429 1813 518 1840 sese
540 1798 721 1855 recepit.

252 1857 316 1899 18.
369 1856 567 1906 Bibulus,
609 1857 769 1900 multos
809 1856 899 1898 dies
941 1866 1059 1899 terra
1101 1856 1348 1914 prohibitus
1390 1866 1436 1901 et
1477 1860 1681 1917 graviore

185 1916 340 1959 morbo
362 1932 415 1958 ex
436 1915 600 1974 frigore
636 1932 684 1958 ac
721 1917 870 1958 labore
905 1915 1145 1974 inplicitus,
1179 1932 1316 1974 quum
1353 1931 1495 1975 neque
1535 1920 1681 1963 curari

183 1984 342 2033 posset,
383 1991 522 2032 neque
554 1983 799 2033 susceptum
821 1974 1009 2017 officium
1032 1974 1232 2018 deserere
1253 1975 1403 2025 vellet,
1426 1977 1514 2020 vim
1535 1979 1678 2023 morbi

183 2035 394 2077 sustinere
416 2049 503 2076 non
524 2034 684 2091 potuit.
749 2034 814 2076 Eo
834 2044 1024 2083 mortuO,
1046 2033 1101 2076 ad
1125 2034 1336 2076 neminem
1359 2051 1492 2079 unum
1513 2052 1680 2081 summa

183 2093 355 2151 imperii
387 2092 530 2141 redit;
562 2093 633 2135 sed
656 2093 889 2151 separatim
928 2109 1047 2135 suam
1081 2093 1265 2151 quisque
1287 2094 1462 2137 classem
1483 2094 1540 2138 ad
1563 2097 1679 2140 arbi-

183 2154 319 2195 trium
342 2167 466 2194 suum
487 2151 833 2194 administrabat.
882 2152 1118 2201 Vibullius,
1140 2152 1292 2196 sedato
1314 2153 1522 2205 tumultu,
1546 2170 1678 2213 quem

182 2211 436 2270 repentinus
476 2211 687 2254 adventus
740 2211 919 2255 Caesaris
970 2211 1283 2262 concitaverat,
1342 2212 1418 2257 ubi
1469 2213 1676 2273 primum,

1014 2384 1151 2415 Tamen.
1176 2385 1387 2418 desideratur
1402 2386 1434 2418 in
1451 2388 1528 2419 edd.
1544 2387 1676 2429 primis.

180 2392 440 2427 componeretur.
475 2386 565 2427 quod
582 2395 700 2416 verum
721 2390 816 2425 puto.
842 2385 891 2415 M.

1010 2428 1123 2469 Neque
1150 2429 1237 2460 hane
1260 2441 1332 2462 rem
1347 2448 1390 2454 —
1411 2433 1496 2464 C'aes.
1520 2434 1674 2474 recipere.

183 2431 337 2463 Verbum
353 2429 469 2462 referri
487 2435 597 2471 potest
613 2430 655 2460 ad
671 2439 733 2460 rex.

214 2476 364 2507 Conciliat.
393 2473 537 2506 Vossius
550 2474 708 2505 Senatum
721 2471 892 2508 intelli-git.

180 2520 304 2552 Malim
325 2529 405 2550 cum
426 2517 632 2559 quibusdam
647 2518 726 2548 odd.
743 2518 891 2553 consilii,-

180 2574 258 2596 nam
278 2563 418 2594 Senatus
433 2562 624 2593 deliberans
646 2567 680 2592 et
706 2562 890 2592 decernens

179 2607 393 2648 intelligitur,
418 2611 452 2637 et
477 2606 533 2637 hic
559 2607 734 2637 consilium
755 2604 890 2636 dicitur.

179 2654 232 2685 M.
273 2653 436 2683 Senatum
459 2649 515 2681 hic-
537 2660 557 2681 a
574 2649 707 2680 Caesare
726 2660 785 2690 per
811 2659 890 2679 con-

177 2702 320 2728 temtum
336 2695 407 2727 dici
431 2695 616 2732 concilium,
632 2699 784 2725 autumat
803 2692 891 2724 Vos-

179 2751 435 2818 811115);·οιὶαηηι7·.
461 2781 574 2823 Vulgo
589 2781 764 2822 prodatur.

223 2831 261 2861 Sa·
273 2830 344 2861 lzoc.
371 2828 485 2867 Vulgo
497 2831 527 2858 et
539 2829 567 2857 si
580 2827 640 2857 hoc
654 2824 773 2856 invitis
785 2825 872 2856 codd

222 2875 261 2905 Si
288 2873 388 2905 illud.
423 2871 479 2903 Sic
511 2870 614 2902 codd.
644 2875 677 2901 et
707 2870 786 2900 edd.
817 2875 883 2900 vet.

176 2916 298 2949 Contra
315 2917 417 2959 vulgo
439 2918 504 2948 sin.
523 2914 566 2948 V.
583 2920 653 2947 not.
669 2915 714 2947 ad
746 2912 784 2946 C.
801 2916 833 2954 2,
852 2917 883 2945 5.

173 2960 229 2998 Cf.
245 2967 278 2996 et
294 2961 335 2995 G.
351 2963 384 3003 ⁷,
400 2962 457 2994 66.

964 2470 1141 2513 Quidquid
1156 2473 1323 2506 variarum
1341 2476 1529 2507 lectionum
1546 2475 1603 2507 hic
1621 2488 1674 2508 se-

962 2516 1045 2546 dulo
1073 2516 1265 2558 configitur.
1293 2518 1326 2549 id
1349 2530 1451 2552 omne
1476 2525 1529 2551 est
1557 2519 1603 2552 ab
1619 2532 1673 2553 er-

963 2566 1055 2591 rante
1071 2560 1275 2593 librariorum
1306 2564 1410 2595 oculo
1427 2570 1460 2595 et
1477 2573 1588 2603 mann,
1611 2565 1672 2606 qui

961 2604 1064 2635 verba
1090 2605 1306 2647 trajecerunt.
1355 2606 1519 2639 Ordinem
1549 2608 1672 2641 verbo-

961 2659 1034 2679 rum
1052 2649 1128 2679 edd.
1161 2648 1306 2691 vulgatae
1328 2651 1416 2683 bene
1441 2651 1672 2686 restituerunt.

962 2693 1014 2724 M.
1052 2692 1220 2734 Scriptum
1251 2701 1332 2733 erat,
1354 2706 1463 2736 ‘neque
1490 2697 1580 2729 laam·
1601 2708 1675 2730 rem

961 2738 1026 2767 illis
1042 2748 1110 2768 ess-e
1120 2739 1190 2778 inp.
1206 2739 1231 2769 l.
1247 2748 1352 2780 neque
1367 2741 1502 2781 leqatos.
1548 2740 1674 2775 Trans-

961 2780 1075 2821 posito
1103 2781 1308 2822 pronomine
1323 2788 1356 2815 et
1372 2783 1526 2825 paullum
1545 2792 1675 2819 mutato

961 2825 1057 2856 locus
1072 2825 1197 2856 dudum
1214 2832 1365 2858 sanatus.

1007 2871 1093 2903 Quos
1119 2869 1177 2900 ubi
1204 2871 1286 2902 Coes.
1335 2870 1404 2903 Alii
1429 2883 1540 2914 quem,
1574 2880 1609 2907 ut
1630 2875 1673 2907 ad

958 2913 1070 2945 solum
1101 2913 1263 2948 Bibulum
1294 2915 1466 2949 referatur.
1511 2918 1673 2953 Ciaceon.

958 2957 1056 2991 malit
1073 2957 1172 3000 quod.

1387 3009 1408 3037 2
1422 3007 1452 3040 A
1471 3009 1492 3038 2
