1946 3261
648 171 767 215 LIB.
831 170 972 215 CAP.
1005 171 1078 223 89,
1110 171 1185 215 90.
1573 172 1656 218 531

167 299 341 342 veniens
372 298 565 358 potitur:
597 298 751 342 deinde
781 297 1075 342 Adrumeturn
1108 297 1326 354 pervenit.
1389 299 1489 349 Quo
1520 315 1659 360 quum

165 358 255 401 sine
274 375 396 402 mora
415 358 648 407 introisset,
676 357 820 408 armis,
842 358 1061 400 frumento
1083 357 1354 415 pecuniaque
1374 359 1657 411 considerata,

169 417 223 467 Q.
244 417 437 477 Ligario,
470 418 520 461 C.
547 416 752 466 Considio
772 416 877 466 filio,
900 415 976 474 qui
998 422 1092 457 tum
1115 414 1176 457 ibi
1197 415 1387 466 fuerant,
1408 418 1543 461 vitam
1561 435 1661 463 con-

167 477 306 519 cessit.
391 476 561 520 Deinde
610 475 762 518 eodem
807 475 877 519 die
922 474 1167 517 Adrumeto
1209 474 1420 533 egressus,
1464 477 1660 522 Livineio

169 535 345 593 Regulo
372 535 434 579 ibi
462 551 561 578 cum
589 533 757 593 legione
777 534 948 585 relicto,
983 532 1165 576 Uticam
1192 532 1254 575 ire
1276 534 1510 577 contendit.
1574 537 1662 581 Cui

163 593 208 636 in
228 594 383 637 itinere
402 594 453 636 fit
485 593 640 637 obvius
673 592 721 634 L.
749 594 894 636 Caesar
925 602 970 637 et
991 591 1137 635 subito
1167 607 1210 634 se
1238 591 1294 634 ad
1316 608 1456 650 genua
1477 595 1662 654 projecit

163 652 384 711 vitamque
424 652 524 702 sibi,
561 667 704 709 neque
741 653 923 711 amplius
963 650 1220 710 quidquam,
1258 650 1541 709 deprecatur:
1587 654 1661 697 cui

166 711 311 754 Caesar
342 711 471 754 facile
503 720 546 754 et
575 727 657 769 pro
679 726 755 753 sua
787 720 960 761 natura,
990 719 1034 753 et
1065 727 1148 769 pro
1177 710 1396 760 instituto,
1429 713 1660 754 concessit:

162 768 269 812 item
291 769 487 819 Caecinae,
512 770 564 813 C.
586 769 733 822 Ateio,
759 770 809 813 P.
831 770 977 819 Atrio,
1003 769 1053 812 L.
1077 770 1227 819 Cellae,
1249 770 1367 828 patri
1388 777 1433 813 et
1453 769 1559 820 filio,
1592 771 1660 813 M.

161 827 327 886 Eppio,
361 829 426 872 M.
450 829 659 886 Aquinio,
700 829 880 872 Catonis
911 829 1016 879 filio,
1047 828 1393 887 Damasippique
1426 828 1578 872 liberis
1609 845 1664 873 ex

160 901 238 929 sua
258 888 568 931 consuetudine
591 889 772 938 tribuit;
805 888 1065 947 circiterque
1095 888 1329 932 luminibus
1358 887 1540 931 accensis
1562 889 1663 933 Uti-

163 960 257 988 cam
278 947 478 1005 pervenit
498 955 634 1005 atque
655 957 780 991 extra
801 947 1012 1008 oppidum
1033 963 1084 990 ea
1104 956 1232 991 nocte
1254 948 1423 991 mansit.

221 1004 291 1049 90.
328 1006 511 1049 Postero
531 1006 601 1049 die
622 1023 747 1050 mane
764 1007 807 1050 in
825 1007 1038 1066 oppidum
1057 1007 1244 1050 introiit:
1279 1007 1570 1065 concioneque
1588 1005 1663 1050 ad-

162 1073 330 1114 vocata,
367 1065 594 1109 Uticenses
620 1065 781 1110 incolas
804 1067 1072 1120 cohortatus,
1099 1066 1262 1124 gratias
1283 1083 1366 1125 pro
1386 1081 1537 1110 eorum
1556 1081 1663 1125 erga

160 1138 205 1165 se
224 1123 372 1166 studio
392 1125 510 1182 agit;
543 1125 656 1169 cives
677 1134 823 1168 autem
845 1128 1065 1169 Romanos
1086 1125 1377 1185 negotiatores
1397 1133 1442 1168 et
1462 1142 1550 1176 eos,
1583 1125 1661 1184 qui

159 1181 275 1225 inter
296 1191 512 1228 trecentos
533 1185 735 1243 pecunias
757 1185 1033 1228 contulerant
1055 1184 1174 1227 Varo
1201 1194 1246 1227 et
1270 1185 1482 1244 Scipioni,
1510 1185 1662 1228 multis

160 1241 305 1285 verbis
323 1252 557 1294 accusatos,
575 1244 630 1287 de
651 1261 803 1287 eorum
820 1245 1052 1287 sceleribus
1069 1244 1267 1302 longiore
1283 1243 1435 1287 habita
1447 1245 1662 1295 oratione,

160 1299 217 1342 ad
238 1309 498 1353 extremum,
529 1311 580 1346 ut
611 1303 699 1346 sine
730 1312 850 1346 metu
872 1303 1118 1362 prodirent,
1151 1303 1306 1346 edicit:
1343 1311 1372 1330 ‘⁶
1391 1320 1435 1347 se
1456 1303 1516 1345 eis
1538 1302 1662 1346 dum-

162 1365 192 1384 “
216 1367 337 1403 taxat
358 1361 491 1404 vitam
513 1378 838 1412 concessurum;
872 1364 985 1406 bona
1007 1362 1184 1422 quidem
1216 1379 1366 1406 eorum
1396 1379 1439 1405 se
1459 1362 1662 1405 venditu-

162 1424 192 1443 “
215 1434 328 1469 rum,
350 1419 413 1462 ita
435 1430 596 1471 tamen,
617 1422 693 1480 qui
712 1438 861 1465 eorum
883 1422 997 1466 bona
1010 1438 1087 1476 ,sua
1104 1421 1369 1472 redemisset,
1383 1438 1426 1464 se
1445 1422 1662 1465 bonorum

162 1482 192 1502 “
212 1478 505 1523 venditionem
527 1481 805 1524 inducturum
827 1489 872 1523 et
893 1481 1118 1540 pecuniam
1138 1482 1288 1525 multae
1309 1481 1481 1524 nomine
1500 1481 1662 1523 relatu-

162 1542 192 1561 “
215 1552 330 1586 rum,
353 1547 404 1580 ut
424 1539 766 1583 incolumitatem
787 1541 972 1584 retinere
1002 1542 1189 1600 posset.''
1252 1540 1422 1589 Quibus
1443 1547 1566 1581 metu
1589 1555 1660 1581 ex-

159 1596 394 1654 sanguibus
426 1597 481 1640 de
503 1599 681 1658 vitaque
701 1616 755 1642 ex
775 1616 852 1643 suo
884 1600 1122 1658 promerito
1142 1598 1491 1657 desperantibus,
1514 1597 1662 1640 subito

160 1654 310 1702 oblata
341 1656 497 1707 salute,
539 1658 721 1702 libentes
761 1659 993 1718 cupidique
1034 1659 1326 1702 conditionem
1368 1663 1659 1712 acceperunt:

157 1714 470 1773 petieruntque
491 1732 517 1758 a
539 1717 723 1770 Caesare,
753 1727 804 1760 ut
826 1718 1036 1761 universis
1057 1717 1262 1762 trecentis
1284 1731 1371 1759 uno
1393 1713 1563 1756 nomine
1585 1731 1661 1773 pe-

158 1772 329 1817 cuniam
349 1774 598 1833 imperaret.
662 1776 819 1832 Itaque
852 1777 918 1818 bis
953 1777 1111 1819 millies
1143 1775 1340 1818 sestertio
1368 1771 1433 1816 his
1454 1772 1658 1831 inposito,

939 1911 1003 1943 bus
1031 1912 1166 1944 sustulit
1195 1911 1285 1943 Oud.
1312 1922 1373 1943 nec
1401 1910 1550 1943 admittit
1577 1920 1656 1953 syn-

939 1956 1040 1988 taxis.
1085 1956 1263 1997 Legerim:
1299 1957 1350 1988 ita
1372 1961 1506 1994 tamem,
1527 1957 1557 1986 si
1578 1958 1654 1997 quis·

941 2016 995 2029 —.
1022 2001 1072 2032 M.
1119 2001 1237 2041 Inepta
1260 1999 1347 2030 soret
1370 1998 1529 2040 repetitio
1550 1999 1657 2040 parti-

940 2045 1027 2076 culae
1042 2049 1093 2083 ut,
1114 2055 1190 2085 quae
1207 2044 1240 2075 in
1257 2043 1322 2074 fine
1347 2043 1484 2084 periodi
1501 2043 1655 2083 recurrit,

939 2088 1000 2122 ubi
1018 2088 1104 2119 male
1120 2089 1221 2129 vulgo
1236 2087 1358 2128 legitur
1369 2092 1511 2129 possent.

987 2134 1086 2165 Bona
1115 2143 1188 2165 sua.
1246 2131 1327 2173 Leg.
1360 2132 1449 2163 bona
1479 2134 1548 2174 ipse
1577 2142 1653 2172 sua,

939 2177 1020 2220 quia
1045 2177 1145 2208 codd.
1169 2176 1250 2208 boni
1276 2182 1309 2207 et
1333 2177 1410 2207 edd.
1429 2180 1493 2207 vet.
1513 2175 1653 2216 habent,

940 2223 1027 2253 bona
1048 2223 1121 2262 ipsa
1144 2232 1219 2254 sua.
1265 2220 1474 2253 Monuerunt
1497 2219 1653 2253 Clarkius

938 2271 971 2297 et
988 2266 1142 2296 Oudend.
1167 2267 1219 2297 M.

207 1915 246 1950 Q.
258 1915 410 1956 Liquido,
425 1923 485 1957 pro
495 1925 563 1956 quo
574 1912 750 1945 Ciceronis
763 1911 870 1945 oratio

160 1963 282 1990 exstat.
302 1960 476 1991 Cellarmv.
511 1959 597 1990 Mox
609 1957 670 1989 alii
683 1958 771 1988 male
784 1959 872 1989 Con-

173 2003 250 2034 idz'i.
308 2003 397 2034 Tum
421 2003 562 2044 fuerant
596 2000 711 2034 Davis.
741 2012 760 2032 e
793 2001 872 2033 cod.

162 2046 304 2078 Norvic.
321 2046 535 2078 consentiunt
548 2045 622 2078 alii.
671 2045 785 2088 Vulgo
794 2046 874 2087 sue-

158 2095 227 2123 rat.

207 2136 294 2168 Item
326 2136 481 2168 Caecinoe.
538 2133 621 2175 Leg.
650 2134 755 2166 idem.-
793 2143 872 2165 nam

159 2179 311 2220 sequitur
339 2181 465 2212 tribuit.
521 2179 608 2211 Mox
635 2183 763 2211 noctem
794 2184 874 2220 post

158 2224 353 2266 circiterque
369 2235 388 2255 a
405 2223 564 2265 plurimis
580 2222 678 2255 libris
695 2222 802 2254 abest.
820 2223 870 2254 M.

160 2267 322 2299 Additum
338 2268 382 2299 ab
401 2267 455 2306 iis,
477 2267 537 2310 qui
553 2277 620 2298 non
637 2267 870 2305 adtenderant,

159 2313 289 2343 circiter
296 2311 402 2344 etiam
411 2311 652 2344 adverbialiter
662 2310 743 2353 poni
757 2321 870 2352 posse.

163 2355 226 2386 Sed
245 2355 291 2386 sic
304 2356 377 2397 jam
387 2356 500 2388 Caesar
514 2356 554 2387 G.
571 2360 603 2395 2,
620 2359 673 2388 32.
717 2354 770 2386 Cf.
788 2355 870 2387 Sall.

161 2399 235 2430 Cat.
253 2401 306 2430 56.
347 2400 453 2432 Varro
471 2401 516 2431 R.
533 2401 575 2431 R.
594 2404 624 2438 3,
644 2402 694 2431 10.
720 2399 781 2430 ubi
805 2401 872 2431 cir·-

161 2445 242 2475 citer
269 2444 400 2476 <luobus
420 2445 599 2476 mensibus.
646 2443 770 2475 Delevi
790 2453 869 2483 ergo

159 2493 287 2519 noctem
311 2493 445 2519 secutus
462 2489 564 2520 codd.
587 2497 665 2519 cum
683 2487 772 2518 Oud.
818 2487 869 2518 De

160 2536 315 2573 tempore
329 2531 537 2563 Censoribus
553 2531 599 2563 ita
615 2542 690 2572 cap.
707 2534 766 2563 24:
794 2532 871 2563 Post

159 2576 196 2606 id
218 2578 367 2617 sequitur
391 2582 529 2617 tempus,
545 2577 630 2617 quod
653 2576 797 2607 dicimus
817 2576 871 2606 lu-

161 2620 308 2651 minibus
329 2622 470 2652 accensis
482 2632 496 2658 ,·
519 2621 652 2661 antiqui
663 2621 779 2661 prima
791 2619 870 2660 face

161 2663 323 2696 dicebant.

207 2708 253 2739 In
265 2708 426 2750 oppidum
441 2709 576 2740 introiit.
621 2707 676 2738 Sic
691 2707 794 2738 codd.

211 2752 394 2791 Trecentos..
439 2751 493 2782 Cf.
509 2762 539 2782 c.
556 2754 608 2783 88.
631 2752 682 2782 M.

209 2795 266 2828 Ita
279 2801 404 2835 tamen,
421 2798 490 2837 qui.
538 2795 665 2837 Vulgo,
679 2797 729 2826 ‘ita
743 2799 868 2833 tamem,

161 2843 211 2877 ut,
227 2842 285 2881 qui
296 2857 351 2871 —-.
398 2840 463 2886 Sfd
489 2844 526 2873 ut
548 2838 748 2871 auctoribus
770 2839 868 2870 codd.

161 2881 364 2924 quibusdam
390 2883 490 2918 bonis
513 2889 546 2917 et
571 2884 648 2917 edd.
665 2882 868 2926 antiquiori-

986 2311 1223 2347 Inducturnm,
1235 2309 1456 2341 aboliturum.
1487 2307 1531 2340 Ut
1545 2308 1652 2348 enim,

938 2353 996 2395 qui
1022 2353 1169 2395 scripsit,
1192 2353 1354 2394 scriptum
1379 2352 1459 2384 stilo
1483 2363 1648 2385 converso

940 2397 1080 2437 inducit,
1104 2398 1137 2429 h.
1151 2408 1182 2429 e.
1199 2398 1309 2429 delet:
1334 2396 1395 2436 sic,
1412 2396 1471 2438 qui
1488 2397 1649 2436 decrevit,

939 2443 1112 2474 decretum
1133 2441 1276 2479 inducit,
1300 2441 1380 2472 h.e.
1406 2440 1544 2472 inritum
1567 2441 1649 2474 facit

938 2492 971 2517 et
986 2486 1112 2518 abolet.
1150 2486 1287 2518 Habent
1301 2492 1427 2524 autem,
1443 2490 1527 2517 teste
1542 2485 1646 2525 Oud.,

937 2531 1037 2561 codd.
1053 2529 1175 2573 optimi
1196 2530 1426 2567 inducturum,
1450 2540 1510 2571 pro
1525 2539 1593 2570 quo
1612 2529 1646 2560 in

936 2574 1016 2606 aliis
1032 2581 1081 2606 est
1095 2575 1316 2612 indictumcm‚
1333 2584 1430 2605 sensu
1448 2573 1547 2615 plane
1563 2583 1646 2605 con-

933 2618 1054 2650 trario.
1079 2620 1128 2651 M.

981 2663 1267 2700 Incolumitatem,
1282 2661 1397 2692 vitam.
1422 2659 1477 2693 Sic
1495 2666 1528 2693 ct
1544 2671 1574 2693 c.
1585 2663 1640 2694 95.

979 2752 1039 2783 Bts
1055 2752 1188 2783 millies.
1234 2749 1338 2781 Abest
1354 2750 1402 2780 bis
1424 2759 1445 2780 a
1460 2749 1560 2782 codd.
1577 2748 1642 2781 bo-

934 2794 1004 2827 nis:
1036 2795 1099 2827 erit
1127 2805 1206 2836 ergo
1234 2793 1301 2825 hoc
1328 2792 1506 2825 incertum.
1551 2794 1642 2826 Illud

933 2844 1076 2878 constat,
1090 2839 1230 2870 alteram
1244 2836 1440 2877 lectionem,
1468 2839 1561 2870 mille
1575 2847 1642 2870 ses-

933 2886 1038 2916 tertiis
1073 2885 1232 2926 inpositiS,
1275 2881 1416 2957 falsanivl
1437 2892 1524 2921 esse,
1560 2882 1640 2924 quia
