1946 3261
538 256 655 302 LIB.
691 253 772 303 VI.

836 257 976 302 CAP.
1013 249 1176 311 15,'16.

1540 259 1621 304 145

123 387 154 408 ‘⁶
179 381 378 439 gionibus
395 398 404 432 ;
436 392 570 442 atque
588 385 646 428 ob
665 401 759 428 eam
781 401 985 436 caussam,
1005 387 1081 443 qui
1099 393 1201 429 sunt
1221 384 1384 429 adfecti
1406 385 1619 444 graviori-

124 448 154 467 “
179 441 259 484 bus
280 443 458 492 morbis,
487 445 652 501 quique
681 446 724 486 in
749 446 910 502 proeliis
944 445 1237 503 periculisque
1267 452 1510 495 versantur,
1536 453 1617 487 aut

124 507 154 525 ‘⁶
178 516 259 557 pro
281 502 465 544 victimis
486 502 677 544 homines
702 504 936 553 inmolant;
979 512 1057 545 aut
1078 520 1121 545 se
1144 504 1428 547 inmolatu'ros
1451 511 1615 547 vovent

125 565 154 584 ‘⁶
176 558 525 616 administrisque
548 560 604 602 ad
633 577 683 602 ea
710 562 917 604 sacrificia
948 561 1195 605 Druidibus
1221 570 1430 610 utuntur:
1475 561 1615 620 quod,

122 624 154 643 “
177 632 260 683 pro
300 618 390 659 vita
426 617 607 660 hominis
644 619 722 660 nisi
759 619 938 663 hominis
974 621 1065 662 vita
1101 619 1331 670 reddatur,
1369 636 1455 663 non
1491 637 1614 679 posse

123 683 153 702 ‘⁶
175 675 304 717 ahter
343 676 543 718 Deorum
577 677 874 719 inmortalium
910 694 1069 721 numen
1105 679 1271 736 placari
1312 679 1613 722 arbitrantur:

122 742 151 760 ‘⁶
176 733 442 791 publiceque
463 734 657 791 ejusdem
678 736 847 793 generis
867 736 1030 779 habent
1050 737 1251 779 instituta
1268 736 1488 779 sacrificia.
1524 737 1616 780 Alii

117 792 326 850 “inmani
364 792 666 850 magnitudine
707 794 935 837 simulacra
962 795 1140 844 habent,
1182 811 1372 852 quorum
1408 803 1615 838 contexta

117 859 146 878 ‘⁶
170 850 402 893 viminibus
433 851 541 893 vivis
571 853 768 894 membra
797 852 1042 896 hominibus
1071 854 1309 911 complent,
1341 854 1503 912 quibus
1521 869 1617 895 suc-

115 918 147 936 “
170 909 320 959 censis,
359 910 646 952 circumventi
677 911 847 954 flamma
879 912 1180 954 exanimantur
1217 912 1423 955 homines.

1498 912 1615 954 Sub-

118 977 148 996 “
173 968 306 1027 plicia
337 984 504 1018 eorum,
539 970 613 1026 qui
645 969 689 1011 in
720 970 857 1020 furto,
888 979 965 1013 aut
996 970 1039 1012 in
1070 970 1315 1019 latrocinio,
1346 980 1424 1014 aut
1461 971 1611 1028 aliqua

119 1036 150 1055 ‘⁶
173 1043 284 1070 noxa
311 1028 396 1069 sint
422 1028 738 1086 comprehensi,
770 1030 965 1087 gratiora
995 1029 1091 1072 Diis
1112 1028 1417 1072 inmortalibus
1436 1046 1524 1072 esse
1545 1045 1616 1072 ar-

119 1095 148 1141 ‘f
172 1086 421 1129 bitrantur:
463 1087 555 1137 sed,
588 1103 724 1144 quum
744 1089 835 1146 ejus
858 1088 1029 1146 generis
1049 1087 1177 1147 copia
1204 1086 1369 1138 deficit,
1401 1087 1533 1130 etiam
1554 1087 1614 1130 ad

118 1154 148 1173 ‘⁶
167 1146 462 1188 innocentium
483 1147 697 1205 subplicia
717 1147 1004 1190 descendunt.

168 1258 410 1299 Reliqiom'bas,
431 1256 556 1290 ritibus
575 1257 694 1299 sacris,
718 1258 830 1301 iisque

124 1301 582 1343 superstitiosis.-—-Omnin0
600 1303 640 1333 de
661 1303 829 1345 religione

125 1345 301 1377 Gallorum
319 1345 527 1386 scripserunt
549 1346 688 1385 Martin,
711 1358 829 1379 mona-

126 1391 212 1422 chus
228 1389 527 1427 Benedictinus,et
540 1390 742 1422 Pelloutier.
768 1392 830 1422 Ille

122 1434 230 1466 edidit
245 1435 295 1473 (4.
312 1434 408 1465 Paris
429 1435 527 1472 1739)
550 1434 597 1465 La
614 1434 756 1475 religion
771 1435 831 1466 des

126 1478 279 1516 Gaulois,
317 1477 373 1508 hic
413 1476 550 1519 scripsit
583 1478 734 1509 Histoire
773 1480 830 1509 des

124 1522 237 1553 Celtes
244 1527 276 1552 et
287 1522 597 1563 particulierement
608 1523 666 1553 des
673 1523 830 1553 Gaulois.

122 1567 171 1606 (4.
209 1567 283 1597 Par.
312 1567 344 1595 4.
382 1566 462 1596 Vol.
491 1567 601 1604 1770.)
641 1566 825 1607 Utriusque

124 1609 302 1651 scriptoris
326 1609 486 1647 studium,
520 1609 635 1640 omnia
659 1609 787 1641 Celtica
811 1622 829 1641 e

124 1654 287 1695 religione
303 1653 568 1694 patriarcharum
586 1654 773 1693 repetendi,
798 1659 831 1684 et

123 1704 241 1730 notum
252 1703 312 1730 est.
325 1702 358 1727 et
369 1697 494 1727 erroris
509 1697 705 1728 convictum
720 1709 738 1728 a
755 1697 832 1728 Rit-

123 1750 195 1774 tero
221 1742 255 1772 in
280 1741 371 1772 [list.
396 1740 573 1772 Gallorum
597 1752 634 1782 p.
656 1743 716 1772 198
733 1753 829 1783 seqq.

172 1832 334 1863 Homines
347 1831 522 1861 inmolant.
553 1829 605 1860 Ex
624 1829 763 1861 homine
781 1829 831 1861 in-

123 1876 251 1907 molato
268 1874 382 1905 deindi
396 1873 537 1914 auguria
553 1879 585 1904 et
605 1873 718 1904 omina
734 1873 830 1914 capi-

125 1920 238 1957 ebant,
273 1918 301 1949 si
333 1929 449 1950 verum
480 1918 688 1948 tradiderunt
726 1917 829 1948 Diod.

127 1964 194 1995 Sic.
211 1969 242 2001 5,
261 1964 313 2001 31,
337 1968 370 1993 et
383 1962 505 1994 Strabo
530 1964 555 1996 1.
571 1973 605 2002 p.
629 1964 700 1992 198.
729 1961 829 2000 Nam,

124 2015 161 2039 ut
173 2014 223 2040 est
237 2008 332 2049 apud
346 2006 558 2044 Strabonem,
576 2005 690 2046 gladio
709 2016 831 2046 percu-

124 2052 256 2084 tiebant
278 2052 334 2082 vel
362 2056 492 2092 tergum
521 2061 637 2081 recens
662 2049 829 2087 inuiolati,

124 2097 180 2127 vel
196 2097 312 2128 locum
327 2106 427 2136 super
442 2094 711 2135 diaphragmate.
743 2093 831 2124 Cum

125 2151 206 2182 ergo
224 2141 256 2172 in
274 2138 385 2171 nervis
399 2144 432 2169 et
452 2138 548 2169 fibris
569 2149 684 2169 recens
704 2138 830 2169 mortui

127 2184 296 2226 reliquum
312 2188 397 2214 esset
410 2181 562 2223 aliquid3
587 2182 690 2213 vitale
706 2182 831 2219 dicam,

107 2237 112 2241 ⁴
127 2239 168 2260 an
187 2227 366 2265 irritabile,
381 2232 483 2267 atque
498 2227 585 2257 adeo
602 2227 744 2257 cadaver
757 2226 831 2266 pal-

128 2273 262 2314 pitaret,
279 2273 343 2303 hoc
360 2270 401 2302 iis
411 2276 481 2302 erat
493 2269 611 2301 omini.
659 2270 831 2300 Diodorus

127 2322 239 2348 autem
267 2317 385 2357 (quem
416 2314 595 2346 obscurius
625 2315 665 2344 de
700 2314 763 2345 hac
796 2324 831 2344 re

129 2360 307 2402 scripsisse
324 2359 423 2401 puto)
447 2359 561 2397 tradit,
585 2359 737 2397 modum,
760 2368 830 2398 quo

127 2415 307 2446 percussus
325 2403 421 2434 humi
448 2402 681 2444 procubuerit,
703 2407 735 2432 et
760 2402 833 2442 pal-

128 2448 331 2490 pitationem
366 2448 608 2483 membrorum,
640 2452 673 2476 et
703 2445 831 2477 fluxum

128 2492 300 2533 sanguinis
325 2490 427 2522 fuisse
453 2491 561 2522 Gallis
591 2492 669 2522 loco
699 2489 832 2521 divina-

129 2536 247 2568 tionis.
294 2535 360 2566 nic
383 2546 463 2576 ergo
480 2545 545 2566 non
562 2535 693 2566 videtur
710 2535 750 2564 de
769 2534 832 2564 110-

129 2581 221 2612 mine
240 2581 311 2622 jam
336 2579 501 2610 inmolato
517 2578 626 2620 loqui,
650 2579 706 2609 sed
721 2579 763 2608 de
778 2589 833 2616 eo,

128 2625 187 2666 qui
216 2635 294 2655 cum
320 2622 469 2654 maxime
501 2623 697 2661 inmolatur,
727 2627 760 2652 et
790 2623 832 2652 de

129 2669 205 2710 ipso
222 2673 300 2699 actu
317 2666 558 2706 inmolationis,
577 2666 659 2707 quid
677 2666 763 2696 inter
780 2665 833 2696 in-

128 2713 326 2744 molandum
357 2710 578 2742 observarint.
588 2728 633 2733 —-
645 2709 833 2750 Scriptores

128 2757 170 2788 de
187 2757 252 2788 ritu
271 2754 508 2799 ιξνθξωποθυσίας,
522 2765 541 2786 a
556 2753 660 2785 variis
676 2753 834 2794 gentibus

127 2806 279 2842 recepto,
290 2798 427 2840 collegit
438 2798 617 2829 Fabricius
628 2797 662 2828 in
671 2796 833 2838 bibliogr.

126 2844 259 2886 antiqu.
276 2855 310 2885 p.
328 2846 404 2874 349.
430 2843 480 2873 M.
526 2841 665 2873 Similia
689 2842 834 2872 humana

129 2888 297 2920 sacrificia
313 2888 394 2919 citat
413 2887 555 2918 Vossius
571 2896 590 2916 e
608 2884 785 2916 Lactantio
803 2885 835 2916 in

132 2930 228 2964 Statii
244 2932 357 2963 Theb.
379 2933 429 2962 10.
453 2941 494 2961 ex
512 2929 634 2971 Erycio
653 2928 740 2960 Olao
755 2929 836 2960 hist.

129 2975 228 3007 Suec.
249 2979 277 3015 1,
296 2978 325 3008 1.
341 2980 374 3007 et
390 2974 487 3006 Surio
505 2975 537 3007 in
553 2973 623 3005 vita
639 2972 792 3004 Caesarii.

177 3021 253 3052 Non
265 3031 357 3062 posse
371 3022 481 3052 aliter.
528 3019 567 3050 Τὸ
590 3019 691 3050 aliter
713 3016 837 3060 adjecit

129 3063 278 3106 Scaliger
294 3075 313 3096 e
327 3064 427 3096 codd.

950 1261 1155 1292 simulacra.
1204 1259 1279 1291 Non
1296 1257 1616 1290 intellexerimcum

904 1303 1040 1336 Rittero
1068 1304 1166 1344 (hist.
1190 1304 1280 1335 Gall.
1306 1315 1341 1345 p.
1358 1302 1438 1340 218)
1462 1304 1617 1334 Deorum

905 1346 1100 1386 simulacra,
1126 1348 1204 1387 (ille
1232 1347 1324 1379 enim
1349 1347 1450 1378 vertit
1480 1347 1617 1378 Gfftzen-

901 1392 1026 1428 bilder)
1040 1403 1118 1422 cum
1133 1392 1246 1423 Caesar
1261 1401 1328 1423 non
1343 1390 1513 1422 addiderit
1526 1392 1616 1421 Deo·-

902 1446 1003 1467 rum:
1034 1436 1191 1466 videntur
1213 1435 1320 1466 fuisse
1345 1440 1551 1475 portentosae
1582 1439 1618 1464 et

902 1484 1099 1511 monstrosae
1109 1479 1278 1510 machinae
1293 1478 1462 1514 vimineae,
1480 1483 1618 1508 utcum-

902 1533 968 1563 que
977 1524 1157 1554 referentes
1166 1524 1308 1554 formam
1320 1521 1476 1562 corporis
1490 1522 1618 1552 huma-A

902 1567 951 1604 ni,
969 1572 1005 1598 ut
1022 1567 1180 1598 ruricolae
1193 1578 1211 1597 e
1228 1567 1388 1597 stramine
1402 1566 1554 1606 plectunt
1567 1564 1615 1595 si-

902 1611 1050 1641 mulacra
1067 1611 1245 1641 hominum
1257 1611 1299 1641 ad
1306 1611 1392 1640 feras
1404 1615 1437 1639 et
1445 1619 1526 1640 aves
1537 1608 1618 1639 abi-

902 1655 1028 1693 gendas
1065 1654 1312 1691 (Strolzbilder,
1339 1653 1612 1688 Sci-olzmcimzer).

902 1697 1036 1734 Strabo,
1053 1698 1093 1728 de
1111 1698 1173 1728 hac
1192 1707 1227 1728 re
1244 1697 1387 1738 loquens
1401 1697 1451 1734 (4.
1469 1706 1503 1737 p.
1521 1696 1615 1733 198),

900 1742 1072 1773 colossum
1088 1741 1171 1772 foeni
1187 1746 1393 1772 exstructum
1418 1739 1614 1770 incensum-

900 1796 967 1827 que
984 1785 1082 1816 dicit.
1131 1785 1196 1815 Hic
1212 1795 1291 1826 ergo
1308 1790 1367 1816 aut
1390 1783 1473 1814 illud
1497 1783 1615 1822 tradit,

900 1831 991 1871 quod
1016 1829 1108 1870 apud
1136 1830 1302 1870 quasdam
1325 1833 1441 1869 gentes
1465 1827 1617 1858 nationis

900 1873 1041 1904 Gallicae
1057 1873 1219 1904 usitatum
1234 1872 1311 1909 fuit,
1328 1879 1399 1910 aut,
1413 1881 1489 1912 quae
1506 1871 1613 1902 fando

903 1917 1102 1951 inaudierat,
1116 1928 1183 1948 non
1201 1917 1248 1947 ita
1267 1917 1364 1957 plane
1382 1915 1563 1953 intellexit,
1576 1920 1615 1945 ut

900 1961 1027 1999 Caesar,
1042 1961 1101 2002 qui
1118 1960 1191 2002 ipse
1207 1961 1319 1992 oculis
1329 1961 1402 1991 haec
1417 1964 1613 1999 usurparat,

900 2005 1050 2047 fecitque
1067 2016 1085 2035 e
1103 2005 1298 2041 simulacro,
1321 2002 1510 2035 viminibus
1526 2013 1613 2033 0011-

900 2054 1005 2087 texto,
1021 2047 1193 2080 colossum
1211 2047 1307 2080 soeni.
1354 2047 1526 2078 Diodorus
1542 2047 1615 2077 Sic.

900 2093 948 2132 (5,
967 2094 1023 2128 32)
1036 2103 1185 2124 rumores
1196 2098 1357 2133 acceptos
1368 2091 1402 2122 in
1416 2090 1613 2121 universum

900 2137 1076 2179 exprimit,
1103 2137 1286 2177 Gallosque
1317 2136 1416 2177 hujus
1441 2134 1609 2175 subplicii

901 2192 1002 2212 causa
1019 2192 1119 2222 rogos
1136 2191 1278 2221 magnos
1301 2178 1463 2211 struxisse
1486 2178 1586 2209 refert
1602 2190 1611 2209 :

898 2227 996 2267 cujus
1017 2225 1120 2256 verba
1132 2235 1150 2255 e
1165 2224 1296 2256 Caesare
1312 2230 1345 2255 et
1362 2223 1527 2254 Strabone
1553 2223 1613 2253 de·-

901 2281 993 2301 mum
1007 2269 1197 2301 accuratius
1209 2268 1342 2299 definiri
1361 2273 1516 2308 possunt.
1543 2267 1594 2297 M.

947 2315 1129 2354 Sztbplicia.
1190 2312 1368 2344 Maleficos
1393 2311 1427 2342 in
1450 2310 1610 2352 quintum

899 2369 1068 2399 quemque
1091 2367 1214 2388 annum
1239 2357 1471 2393 adservat-unt,
1499 2360 1535 2385 ut
1562 2354 1607 2385 ab

900 2401 1061 2433 omnibus
1076 2402 1199 2432 eodem
1223 2406 1375 2442 tempore
1397 2398 1608 2440 subplicium

901 2451 1098 2477 sumeretur.
1121 2445 1276 2477 Tradidit
1292 2445 1355 2475 1100
1373 2443 1476 2474 Diod.
1494 2442 1562 2473 Sic.
1575 2446 1608 2479 5,

902 2494 956 2522 32.
996 2490 1045 2520 M.
1107 2489 1268 2521 Victimae
1306 2494 1338 2519 et
1367 2486 1608 2518 inmolationes

901 2534 978 2565 heic
997 2539 1074 2564 sunt
1094 2535 1270 2576 subplicia,
1293 2538 1330 2563 ut
1352 2531 1439 2562 bene
1464 2529 1609 2560 Ciacco-

900 2578 989 2609 nius.
1035 2578 1090 2609 Sic
1111 2583 1145 2608 et
1165 2576 1257 2618 apud
1281 2576 1419 2607 Sallust.
1465 2572 1608 2604 Catilin.

901 2624 934 2653 9.
951 2625 987 2654 in
1003 2623 1169 2663 subpliciis
1188 2623 1339 2652 Deorum
1355 2619 1541 2659 mctqmfici.

948 2667 1059 2698 Nom.
1083 2665 1142 2696 alii
1167 2668 1269 2696 mucia
1292 2663 1369 2695 scil.
1392 2673 1456 2693 res.
1481 2662 1521 2691 de
1536 2670 1607 2701 quo

902 2709 1012 2741 Periz.
1028 2710 1070 2740 ad
1087 2708 1216 2740 Sanctii
1233 2708 1321 2739 Min.
1340 2718 1374 2747 p.
1392 2708 1468 2736 568.

951 2756 1110 2786 Gralc'ora
1138 2755 1213 2785 Diis
1236 2750 1478 2783 inmortalibus.
1516 2748 1610 2790 Ergo

903 2797 994 2829 Galli
1026 2808 1161 2838 poenam
1198 2795 1350 2829 civilem,
1384 2791 1610 2834 subplicium,

901 2852 976 2873 esse
999 2842 1178 2873 voluerunt
1202 2844 1330 2880 partem
1354 2836 1545 2878 religionis,
1576 2843 1612 2869 et

902 2886 1017 2916 locum
1034 2883 1195 2917 sacrificii
1212 2889 1338 2913 tenere.
1362 2881 1413 2912 M.

950 2931 1001 2961 Αιῑ
1025 2932 1188 2960 innocent.
1209 2927 1315 2967 subpl.
1374 2926 1467 2966 Ergo
1491 2923 1611 2966 utique

905 2972 1137 3005 necessarium
1153 2970 1218 3003 fuit
1235 2980 1294 3011 per
1310 2968 1509 3010 religionem
1528 2969 1612 3000 Gal-

906 3019 1031 3055 lorum,
1052 3022 1089 3047 ut
1110 3015 1279 3047 interdum
1295 3013 1449 3045 homines
1465 3012 1541 3044 Diis
1557 3013 1611 3044 in-

906 3061 1124 3094 molare-ntur.
1184 3060 1229 3094 Et
1255 3057 1342 3091 dixit
1365 3058 1478 3134 Caelsar
1504 3057 1610 3100 paulo
