1992 3271
250 174 309 216 24
658 175 742 218 DE
775 173 976 217 BELLO
1011 173 1303 217 GALLICO.

250 305 280 324 ‘⁶
302 298 439 343 altera
473 308 596 358 parte
629 299 759 342 tertia
792 301 1013 358 Sequanos
1044 299 1244 342 decedere
1270 298 1460 357 juberet,
1489 305 1723 357 propterea

251 363 280 382 ‘⁶
304 359 420 416 quod
486 358 617 400 mucis
656 358 869 401 mensibus
918 367 1016 401 ante
1059 358 1288 400 Harudum
1337 357 1455 398 milia
1502 356 1723 399 hominum

251 422 280 440 “
304 416 456 458 XXIII
501 417 556 458 ad
574 432 673 458 eum
693 417 918 466 venissent,
937 416 1096 474 quibus
1117 417 1235 459 locus
1251 432 1299 457 ac
1316 415 1431 458 sedes
1448 423 1720 472 pararentur.

252 481 281 499 ‘⁶
306 475 524 516 Futurum
555 491 642 517 esse
675 476 821 533 paucis
853 476 987 525 annis,
1021 475 1087 517 uti
1123 491 1265 517 omnes
1297 490 1350 515 ex
1382 473 1536 516 Galliae
1566 472 1723 514 finibus

250 538 281 557 “
306 532 572 590 pellerentur
612 541 744 591 atque
784 550 928 577 omnes
971 533 1175 576 Germani
1228 532 1427 575 Rhenum
1469 531 1722 574 transirent:

251 596 280 614 ‘⁶
304 606 442 648 neque
469 591 582 633 enim
610 593 913 635 conferendum
933 609 1019 634 esse
1042 592 1261 633 Gallicum
1287 607 1385 632 cum
1409 591 1724 632 Germanorum

250 654 279 672 “
303 664 427 706 agro,
449 665 587 707 neque
608 649 715 692 hanc
734 651 1082 693 consuetudinem
1102 649 1241 692 victus
1262 666 1359 691 cum
1380 649 1455 691 illa
1475 663 1724 706 comparan-

249 712 277 731 “
300 707 412 748 dam.
467 707 737 750 Ariovistum
757 717 916 756 autem,
936 716 986 750 ut
1005 708 1133 749 semel
1153 708 1383 750 Gallorum
1403 706 1547 765 copias
1568 705 1726 764 proelio

249 772 279 790 “
303 765 472 815 vicerit,
494 766 613 822 quocl
634 766 839 823 proelium
858 766 1019 808 factum
1039 765 1095 807 sit
1116 766 1169 807 ad
1189 766 1525 823 Magetobriam,
1539 764 1727 822 superbe

249 830 279 848 “
303 832 346 865 et
367 824 601 866 crudeliter
622 825 850 881 imperare,
880 824 1046 867 obsides
1067 823 1317 866 nobilissimi
1339 824 1545 881 cujusque
1565 823 1726 865 liberos

250 888 279 907 “
302 898 478 939 poscere
499 891 543 923 et
568 883 611 923 in
632 898 702 924 eos
723 882 865 924 omnia
883 883 1080 940 exempla
1100 883 1401 939 cruciatusque
1420 882 1560 930 edere,
1583 881 1616 923 si
1638 896 1726 938 qua

248 946 278 965 “
302 956 369 982 res
390 956 474 983 non
508 939 562 982 ad
583 948 739 982 nutum
771 949 848 983 aut
876 941 929 983 ad
950 941 1219 983 voluntatem
1239 941 1329 998 ejus
1351 940 1463 982 facta
1482 939 1557 981 sit:
1591 939 1726 982 homi-

248 1005 278 1023 “
302 1013 398 1040 nem
434 1014 522 1041 esse
556 999 808 1048 barbarum,
847 999 1115 1049 iracundum,
1149 998 1445 1041 temerarium:
1489 1013 1573 1041 non
1604 1013 1728 1056 posse

249 1064 278 1082 “
301 1056 390 1113 ejus
430 1057 611 1115 imperia
649 1057 812 1100 diutius
851 1058 1066 1100 sustineri.
1130 1058 1225 1100 Nisi
1267 1057 1300 1099 si
1340 1057 1446 1114 quid
1482 1056 1524 1098 in
1559 1056 1727 1099 Caesare

247 1122 278 1140 ‘⁶
305 1115 564 1172 Populoque
587 1115 783 1158 Romano
815 1116 870 1158 sit
902 1116 1067 1165 auxilii,
1101 1115 1300 1158 omnibus
1328 1115 1466 1157 Gallis
1497 1115 1609 1157 idem
1638 1131 1726 1157 esse

248 1181 277 1198 ‘⁶
302 1173 564 1223 faciundum,
587 1174 704 1232 quod
725 1174 918 1217 Helvetii
936 1175 1129 1224 fecerint,
1152 1183 1202 1216 ut
1218 1175 1346 1216 domo
1363 1173 1590 1231 emigrent,
1607 1172 1727 1215 aliud

249 1240 277 1258 “
302 1232 583 1281 domicilium,
619 1233 722 1274 alias
761 1233 892 1282 sedes,
927 1242 1111 1275 remotas
1146 1249 1170 1274 a
1197 1232 1438 1280 Germanis,
1469 1240 1620 1290 petant
1641 1232 1727 1275 for-

246 1298 276 1316 “
301 1299 553 1339 tunamcue,
576 1307 859 1348 quaecumque
880 1292 1059 1340 accidat,
1083 1291 1377 1348 experiantur.
1414 1290 1520 1331 Haec
1540 1290 1574 1331 si
1595 1305 1725 1332 enun-

246 1356 275 1374 “
300 1350 411 1391 ciata
441 1349 663 1391 Ariovisto
693 1349 793 1397 sint,
822 1365 907 1391 non
944 1350 1161 1397 dubitare,
1191 1349 1297 1405 quin
1334 1348 1407 1390 de·
1425 1348 1622 1390 omnibus
1651 1348 1727 1390 ob-

247 1415 275 1433 “
298 1407 476 1455 sidibus‚
499 1407 574 1464 qui
596 1407 711 1464 apud
731 1423 828 1448 eum
850 1408 949 1457 sint,
969 1407 1267 1464 gravissimum
1289 1406 1552 1464 subplicium
1570 1415 1725 1449 sumat.

242 1473 271 1491 ‘⁶
298 1465 511 1506 Caesarem
544 1465 613 1507 vel
644 1465 904 1508 auctoritate
940 1482 1016 1508 sua
1044 1475 1178 1523 atque
1205 1464 1434 1514 exercitus,
1465 1465 1534 1507 vel
1567 1465 1728 1508 recenti

293 1592 450 1624 Harudes
469 1591 571 1623 vicini
596 1591 846 1623 Marcomannis
871 1592 955 1622 inter

247 1635 404 1666 Rhenum
443 1642 476 1665 et
506 1635 711 1675 Danubium,
748 1646 769 1665 a
802 1636 953 1667 sontibus

245 1690 382 1710 novum.
409 1680 528 1710 Cellar.

291 1724 389 1753 Milia
410 1724 579 1753 lzominmn
606 1723 783 1753 XXIIII.
826 1723 953 1753 Vocem

243 1768 416 1797 hominum
430 1766 600 1796 abundare
625 1772 719 1806 putat
739 1765 954 1798 Ciacconius.

244 1810 376 1840 frustra.

293 1852 544 1892 Adnmqemlwia
568 1851 702 1891 ignotus
725 1852 833 1890 locus,
856 1862 875 1882 a
897 1863 954 1882 ne-

246 1896 338 1926 mine
377 1901 535 1937 p1·a·l01·ea
572 1900 788 1926 memoratus.
834 1897 953 1926 Collar.

247 1940 400 1977 Vulgata»
427 1940 502 1968 edd.
528 1944 561 1968 ct
585 1939 753 1979 metaphr.
770 1939 826 1969 Gr.
853 1940 954 1970 Ama-

244 1984 396 2024 qelobrt'ae
431 1988 546 2013 contra
581 1981 730 2012 codices.
766 1983 816 2012 M.
877 1983 952 2013 Vct.

245 2028 321 2057 edd.
339 2026 463 2057 liabent
478 2027 746 2066 Azlmaqclrobioe.
786 2026 869 2056 ltem
887 2027 952 2057 Arl-

245 2071 481 2111 mogyclnln·i51oe.
515 2070 651 2100 Gra-cus
673 2070 697 2099 ἐν
715 2070 950 2112 Ἀμανγετοβξίᾳ.

246 2116 328 2145 Sunt
356 2113 415 2154 qui
457 2114 567 2144 locum
601 2112 654 2143 isti
687 2113 817 2153 oppido
849 2124 953 2154 prope

246 2157 387 2197 Bingam
420 2156 503 2187 infra
532 2156 741 2191 Moffuntiam
769 2156 954 2197 adsignent,

247 2200 339 2231 ducti
360 2210 455 2231 versu
473 2200 615 2230 Ausonii
640 2200 670 2230 in
691 2200 848 2233 Mosella,
872 2212 904 2231 v.
923 2205 955 2231 3.

248 2245 409 2285 ,κΕᾳαανὶι
441 2245 553 2275 Latias
575 2244 630 2275 ‘ula'
653 2245 817 2284 qnondam
846 2246 956 2276 Gallia

249 2290 396 2319 Cannas.
442 2288 504 2318 Sed
530 2286 631 2317 nimis
657 2288 775 2327 procul
803 2287 830 2318 is
848 2288 954 2319 abest.

249 2331 369 2363 Potius
396 2342 473 2361 cum
499 2330 660 2360 Chiflotio
686 2330 717 2361 in
748 2332 955 2362 Vesontionc

250 2377 289 2406 P.
310 2377 338 2405 1.
354 2385 385 2405 c.
403 2377 456 2404 35.
472 2380 504 2404 ct
522 2373 697 2404 D'Anville
721 2374 753 2404 in
770 2375 849 2405 Not.
866 2376 905 2405 ‹10
922 2376 953 2406 la

235 2419 367 2457 Caulo,
379 2429 414 2459 p.
425 2417 632 2455 60,nominis
643 2416 954 2458 ipsiusm‹=moriam

248 2463 281 2493 in
312 2464 347 2494 la
379 2463 499 2502 Mor'ffle
527 2462 566 2492 de
596 2462 690 2492 Brm'e
713 2462 755 2492 ad
780 2462 892 2492 Araris
923 2469 955 2493 ct

249 2505 401 2544 Ognonis
412 2505 619 2536 confluentes
631 2515 736 2545 prope
747 2505 858 2536 vicum
872 2506 953 2536 olim

250 2549 451 2591 Burgundise
469 2550 658 2585 I’ontaillc-r,
672 2559 736 2579 non
751 2549 955 2580 confunden-

249 2595 329 2624 dum
356 2604 433 2624 cum
464 2593 568 2623 Ponte
594 2592 744 2623 Elaveris
766 2593 836 2625 sive
854 2595 966 2625 Pom-⁴

247 2639 359 2675 rtrlier,
394 2637 487 2667 lubet
523 2636 738 2675 adgnoscere.
812 2636 956 2674 Egregie.

250 2681 315 2711 hoc
325 2681 697 2711 firmaturmonumento
709 2680 757 2711 ibi
766 2690 807 2710 nu
814 2680 954 2721 perrimc

248 2725 392 2755 detecto.
431 2723 565 2755 Scilicet
582 2735 641 2764 per
656 2723 803 2754 {estatem
819 2735 849 2755 a.
872 2726 952 2755 1802

248 2772 343 2803 eruta
366 2777 407 2797 ex
426 2768 526 2798 Arare
550 2767 718 2799 exsiccato
740 2774 954 2799 monumenta

237 2822 252 2841 s
265 2816 327 2847 unx
339 2809 444 2847 varia,
467 2810 500 2841 in
516 2811 642 2852 quibus
660 2811 843 2852 pra-sertim
862 2822 952 2842 urum

236 2854 267 2884 fr
275 2858 465 2893 {figmentum
474 2864 551 2885 cum
560 2854 747 2895 epigraphe
760 2864 952 2886 MAGETOB.

249 2897 415 2938 Equidem
446 2898 548 2928 duum
577 2898 638 2929 viri
668 2898 861 2930 Academici
891 2898 951 2929 Di-

243 2941 424 2973 vionenses
447 2941 579 2974 Cirault
598 2942 792 2975 d'Auxonne
816 2948 849 2974 et
871 2942 950 2975 Les-

1019 1592 1140 1623 clievin
1172 1592 1247 1623 inde
1278 1597 1391 1633 patere
1422 1597 1550 1633 putant,
1580 1593 1726 1633 Μαθθίο-

1019 1638 1127 1668 briam
1164 1636 1196 1666 in
1230 1635 1306 1676 ipso
1336 1636 1413 1666 vico
1446 1637 1625 1667 Pomailler
1652 1646 1726 1665 esse

1019 1681 1249 1721 quaerendan1;
1273 1689 1387 1710 verum
1401 1678 1482 1719 quid
1502 1678 1641 1719 inpedit,
1655 1690 1725 1719 quo

1020 1724 1131 1754 minus
1158 1723 1330 1754 vasculum
1356 1733 1397 1753 ex
1422 1721 1535 1753 vicino
1553 1723 1728 1763 llloiylerle

1023 1768 1118 1798 Braie
1141 1778 1182 1797 (Ὁ
1209 1767 1251 1797 sit
1272 1766 1353 1796 olim
1368 1766 1581 1797 translatum?
1621 1766 1728 1803 Quic-

1019 1810 1102 1851 quid
1130 1810 1186 1847 sit,
1210 1809 1296 1840 mihi
1320 1810 1449 1840 nullum
1476 1819 1562 1840 nunc
1583 1809 1724 1840 dubium

1021 1860 1082 1890 est,
1099 1853 1130 1883 in
1147 1854 1224 1884 loco
1237 1859 1348 1884 nostro
1364 1854 1537 1893 legendum
1552 1853 1598 1884 azl
1611 1855 1727 1895 Μαρε-

1019 1898 1168 1928 tobriam.
1215 1897 1274 1927 Est
1290 1897 1362 1928 liaec
1378 1902 1458 1937 apta
1473 1896 1581 1935 magis
1596 1902 1629 1927 et
1643 1907 1725 1928 con-

1021 1946 1114 1971 sueta
1150 1940 1283 1971 dicendi
1330 1942 1449 1971 forma.
1510 1941 1728 1972 Praesensisse.

1020 1994 1088 2015 rem
1108 1983 1237 2015 videtur
1254 1985 1373 2025 Raym.
1398 1983 1597 2024 Marlianus,
1613 1984 1672 2025 qui
1690 1984 1722 2015 in

1022 2027 1133 2058 indice
1165 2028 1330 2066 locorum,
1356 2039 1499 2068 quorum
1535 2028 1570 2058 fit
1599 2029 1725 2059 mentio

1020 2072 1111 2112 apud
1141 2070 1320 2110 Cfesarcm,
1349 2073 1589 2113 Mayre'obviam
1625 2072 1726 2103 habet

1021 2116 1132 2146 locum
1153 2115 1184 2146 in
1202 2115 1326 2154 Celtis3
1355 2115 1504 2147 ortelius
1527 2115 1630 2146 etiam
1647 2117 1724 2147 Ma—

1019 2160 1209 2199 qvlrohiam.
1235 2159 1434 2199 Nuperrime
1448 2159 1499 2190 vir
1508 2160 1627 2190 doctus
1640 2159 1724 2190 AB.

1020 2202 1149 2233 Minola
1167 2203 1199 2233 in
1223 2204 1400 2234 [febersicht
1424 2203 1546 2241 dassen,
1571 2213 1638 2234 was
1657 2204 1726 2234 siclt.

1019 2252 1116 2278 witer
1129 2247 1192 2277 'len
1209 2248 1353 2277 Rb‘mern
1373 2258 1429 2277 am
1447 2247 1553 2277 leae'n
1574 2252 1726 2288 ,mycem-

1018 2301 1094 2331 (Jen.
1120 2294 1150 2320 8.
1184 2290 1271 2321 Thal
1302 2289 1600 2325 Ehronbreitstein‚
1631 2291 1724 2321 1801.

1021 2334 1263 2374 Maqembriam
1288 2333 1428 2364 mutavit
1456 2333 1489 2364 in
1508 2334 1726 2373 Moqoneobri-

1019 2389 1110 2417 qam,
1127 2378 1167 2408 ad
1179 2377 1389 2417 Moguntiam
1406 2376 1537 2407 scilicet
1551 2376 1725 2408 Gallorum

1019 2421 1149 2451 clade-m
1175 2421 1219 2452 ab
1244 2420 1413 2452 Ariovisto
1439 2426 1614 2462 acceptam
1641 2421 1727 2452 rese-

1018 2475 1105 2495 rens.

1068 2510 1230 2550 Eoeempla
1236 2510 1471 2549 cruciatusque,
1484 2507 1491 2538 ἰ
1499 2531 1505 2538 .
1516 2518 1535 2539 e
1541 2531 1562 2547 .,
1570 2508 1727 2550 exempla

1021 2552 1248 2583 cruciatuum:
1280 2553 1435 2593 exempla
1458 2563 1536 2583 vero
1559 2558 1646 2590 sunt,
1669 2564 1725 2594 qe-

1020 2606 1116 2627 nerav.
1157 2597 1267 2637 Vulgo
1282 2595 1465 2627 omiserunt
1479 2607 1552 2637 que,
1561 2595 1643 2637 quia
1658 2605 1723 2627 non

1020 2638 1182 2678 viderant,
1202 2651 1275 2671 esse
1300 2640 1325 2670 ἓν
1349 2638 1392 2669 διὰ
1416 2637 1495 2670 δυοῖν.
1522 2640 1572 2671 M.
1618 2640 1727 2671 Edere

1019 2686 1166 2725 arempla
1189 2683 1289 2714 habet
1312 2683 1447 2714 Terent.
1471 2683 1557 2714 Eun.
1574 2687 1606 2721 5,
1621 2685 1652 2720 7,
1668 2686 1723 2714 22.

1019 2727 1111 2757 edere
1123 2729 1299 2764 eruciatus,
1315 2733 1351 2758 ut
1365 2727 1450 2758 alibi
1464 2727 1600 2765 chalem,
1611 2727 1724 2758 coedes.

1024 2770 1041 2799 l
1057 2770 1100 2800 id.
1117 2771 1334 2812 Oudendorp.

1069 2815 1178 2845 Nisisi
1193 2816 1283 2856 quial.
1328 2814 1382 2846 Sic
1404 2812 1558 2845 Clarkius
1581 2822 1600 2842 e
1623 2813 1722 2843 codd.

1026 2857 1134 2894 Vulgo
1149 2860 1212 2889 ‘nisi
1224 2859 1315 2899 quid.
1351 2859 1439 2889 Istud
1451 2857 1555 2888 firmat
1567 2855 1721 2888 Oudend.

1020 2911 1062 2932 cx
1079 2902 1223 2943 Nepote,
1236 2902 1406 2941 Terentio,
1420 2900 1594 2939 Cicerone,
1606 2899 1698 2933 aliis.
