1946 3261
629 193 747 240 LIB.
782 193 915 240 VIII.
978 196 1120 242 CAP.
1158 197 1287 243 1-5.

1640 201 1736 250 227

212 322 385 384 signum
420 321 628 376 hostium,
660 322 784 383 quod
820 322 1029 367 incendiis
1066 323 1350 369 aedificiorum
1385 325 1586 389 intellegi
1622 345 1726 375 con-

213 384 371 435 suevit,
408 385 590 429 Caesaris
627 383 673 428 id
711 392 808 428 erat
843 383 1079 428 interdicto
1110 383 1359 428 sublatum:
1403 401 1457 430 ne
1488 398 1567 433 aut
1594 391 1726 452 copia

214 443 371 504 pabuli
393 444 708 504 frumentique,
738 444 773 487 si
805 443 980 504 longius
1011 443 1219 503 progredi
1249 443 1402 495 vellet,
1433 445 1726 502 deficeretur3

212 512 292 547 aut
324 503 470 548 hostes
501 503 708 548 incendiis
740 511 1033 547 terrerentur.
1098 502 1259 546 Multis
1292 502 1516 550 hominum
1549 508 1728 554 milibus

212 562 369 623 captis,
402 563 632 623 perterriti
655 563 896 622 Bituriges,
927 562 1005 621 qui
1039 562 1230 622 primum
1265 561 1505 608 adventum
1526 567 1725 627 effugere

248 630 454 666 otuerant
493 622 811 673 Romanorum,
849 622 893 666 in
931 621 1154 666 finitumas
1185 621 1402 674 civitates,
1432 633 1512 667 aut
1540 627 1726 684 privatis

214 639 413 741 iiospitiis
464 681 630 731 confisi,
682 690 762 726 aut
810 682 1018 727 societate
1068 681 1368 734 consiliorum,
1411 684 1722 743 confugerant.

213 740 419 785 Frustra:
470 757 570 784 nam
610 741 756 785 Caesar
794 742 963 801 magnis
999 741 1233 786 itineribus
1275 742 1478 787 omnibus
1513 742 1622 788 Iocis
1654 761 1727 790 oc-

211 801 375 850 currit;
408 816 487 844 nec
508 801 586 844 dat
616 801 698 844 ulli
719 801 890 845 civitati
922 802 1113 862 spatium
1145 801 1201 845 de
1222 801 1366 845 aliena
1394 802 1563 862 potiuS,
1591 820 1727 863 quam

208 860 263 904 de
282 859 520 904 domestica
536 860 680 904 salute
697 861 942 921 cogitandi:
977 877 1067 922 qua
1084 861 1313 906 celeritate
1331 871 1377 906 et
1395 862 1546 907 fideles
1562 861 1746 909 amicos'

208 919 430 964 retinebat
463 930 508 964 et
530 920 787 964 dubitantes
810 930 982 965 terrore
1014 921 1071 965 ad
1093 922 1361 966 conditiones
1393 923 1511 982 pacis
1535 923 1726 968 adduce-

210 978 302 1023 bat.
366 979 465 1024 Tali
499 980 747 1024 conditione
781 982 1026 1041 proposita,
1061 981 1304 1042 Bituriges,
1335 999 1475 1043 quum
1498 983 1582 1028 sibi
1603 983 1725 1029 vide-

209 1048 307 1083 rent
343 1039 576 1085 elementia
611 1041 793 1085 Caesaris
833 1041 1028 1085 reditum
1064 1050 1218 1101 patere
1259 1043 1303 1087 in
1341 1043 1434 1101 ejus
1467 1043 1726 1097 amicitiam,

208 1099 516 1158 finitumasque
539 1100 740 1146 civitates
760 1102 852 1145 sine
873 1101 967 1145 ulla
989 1116 1119 1161 poena
1139 1101 1308 1148 dedisse
1330 1102 1504 1148 obsides
1523 1111 1660 1164 atque
1680 1103 1744 1149 In'

210 1158 337 1204 fidem
362 1169 562 1220 receptas
583 1178 688 1210 esse,
711 1160 827 1204 idem
851 1161 1068 1205 fecerunt.

269 1220 312 1262 4.
349 1220 495 1263 Caesar
515 1221 727 1264 militibus
750 1237 834 1280 pro
857 1229 981 1265 tanto
1004 1221 1155 1266 labore
1179 1237 1229 1266 ac
1255 1222 1485 1282 patientia,
1518 1223 1596 1282 qui
1620 1224 1730 1269 bru-

210 1278 396 1323 malibus
417 1279 589 1331 diebus,
610 1280 841 1324 itineribus
857 1281 1141 1332 difficillimis,
1163 1282 1402 1342 frigoribus
1421 1283 1725 1338 intolerandis,

210 1338 518 1382 studiosissime
571 1349 867 1383 ermanserant
889 1340 932 1382 in
953 1340 1121 1391 labore,
1140 1342 1334 1386 ducenos
1351 1344 1589 1398 sestertios,
1611 1344 1727 1388 Cen-

210 1398 462 1442 turionibus
507 1398 524 1441 Ι
590 1399 709 1443 milia
750 1416 976 1443 nummum
1020 1401 1179 1460 praedae
1216 1402 1391 1446 nomine
1432 1402 1728 1449 condonanda

244 1458 474 1508 ollicetur;
507 1458 843 1517 legionibusque
872 1459 916 1502 in
938 1458 1122 1503 hiberna
1151 1462 1352 1513 remissis,
1385 1461 1396 1504 i
1433 1478 1476 1504 se
1497 1479 1542 1505 se
1566 1463 1728 1523 recipit

210 1474 282 1561 Hie
313 1517 486 1561 XXXX
523 1518 747 1562 Bibracte.
813 1518 881 1562 Ibi
916 1536 1054 1577 quum
1087 1521 1158 1579 jus
1188 1520 1373 1571 diceret,
1447 1521 1632 1581 ituriges
1667 1523 1725 1567 ad

210 1593 312 1620 eum
352 1577 521 1636 legatos
558 1578 761 1628 mittunt,
803 1578 1015 1622 auxilium
1057 1580 1247 1638 petitum
1286 1590 1441 1623 contra
1484 1581 1722 1637 Carnutes,

210 1652 320 1695 quos
358 1637 555 1681 intulisse
594 1637 759 1680 bellum
796 1637 891 1682 sibi.
917 1639 1235 1695 querebantur.
1299 1640 1400 1690 Qua
1440 1655 1487 1684 re
1529 1641 1724 1699 cognita,

209 1713 346 1754 quum
389 1712 475 1741 non
512 1697 699 1755 amplius
732 1697 772 1740 X
805 1707 850 1740 et
885 1697 999 1741 VIII
1040 1698 1132 1741 dics
1175 1699 1217 1742 in
1255 1698 1448 1743 hibernis
1487 1700 1544 1744 ab
1578 1702 1726 1745 Arare

209 1756 381 1807 educit;
433 1773 542 1815 quas
584 1757 642 1800 ibi
690 1757 956 1807 conlocataS,
997 1758 1268 1818 explicandae
1317 1760 1379 1803 rei
1423 1760 1724 1805 frumentariae

208 1832 371 1868 caussa,
393 1817 625 1877 superiore
660 1818 970 1860 commentario
1003 1818 1356 1863 demonstratum
1382 1827 1464 1862 est.
1529 1819 1601 1863 Ita
1621 1837 1723 1865 cum

207 1876 378 1920 duabus
400 1877 647 1936 legionibus
667 1877 722 1919 ad
746 1877 1070 1937 persequendos
1091 1878 1312 1922 Carnutes
1366 1878 1645 1923 roficiscitur.

267 1936 311 1979 5.
348 1937 499 1988 Quum
522 1937 637 1980 fama
656 1937 874 1980 exercitus
895 1937 949 1980 ad
971 1937 1115 1981 hostes
1132 1946 1243 1980 esset
1262 1894 1448 1997 perlata,
1470 1939 1724 1984 calamitate

211 2004 462 2040 ceterorum
502 1997 626 2040 ducti
665 1997 898 2050 Carnutes,
935 1997 1117 2040 desertis
1157 1997 1263 2041 vicis
1304 1997 1584 2057 oppidisque,
1625 2015 1725 2058 quae

209 2055 448 2099 tolerandae
469 2055 620 2099 hiemis
641 2073 807 2106 caussa,
830 2057 1083 2101 constitutis
1116 2065 1296 2116 repente
1317 2057 1486 2116 exiguis
1505 2057 1560 2101 ad
1583 2073 1725 2103 neces-

210 2116 384 2159 sitatem
413 2115 619 2166 aedificiis,
654 2116 920 2167 incolebant,
954 2118 1115 2176 (nuper
1148 2117 1263 2160 enim
1297 2116 1457 2160 devicti
1490 2118 1722 2178 complura

209 2228 367 2267 sionibus,
384 2228 416 2260 in
432 2239 502 2271 quo
520 2234 568 2260 est
585 2239 687 2260 causa
710 2228 930 2270 suspicionis.

215 2273 262 2304 M.
310 2272 401 2305 Oud.
422 2273 502 2305 inde
527 2273 626 2306 malit
648 2275 846 2308 inem-sloni.
871 2274 930 2306 sed

211 2323 350 2358 praestat
366 2318 461 2361 sequi
477 2318 648 2350 codicem.

259 2363 406 2403 Siqnum
422 2364 587 2396 incewliis
611 2364 771 2405 intollaqr'.
817 2361 862 2394 Ut
879 2363 930 2395 di—

210 2405 334 2445 cimus,
358 2407 493 2446 signum
515 2408 595 2440 dare
616 2418 652 2439 re
668 2408 806 2450 aliqua:
830 2407 879 2440 sic
896 2413 930 2439 et

211 2450 281 2482 dici
295 2458 419 2493 potest,
432 2452 565 2494 signum
581 2452 770 2496 intelligere
780 2453 930 2493 (datum)

210 2506 244 2527 re
260 2496 388 2538 aliqua,
405 2497 520 2536 τεκμαί
538 2497 628 2529 wSoet'
641 2511 706 2528 τινι.
730 2498 780 2529 M.

259 2541 399 2572 Caesaris
417 2542 465 2573 inl.
546 2541 780 2584 udendorpius
796 2553 815 2574 e
831 2541 930 2574 libris

212 2583 313 2616 bonis
328 2585 461 2617 addidit
475 2586 522 2617 id.
547 2587 598 2618 M.
621 2587 714 2628 quod
738 2587 930 2619 deleverant

210 2628 354 2661 Vossius
370 2635 404 2661 et
419 2629 587 2662 Cim-kius.

260 2675 480 2716 Beria-eretur.
526 2675 556 2706 E
574 2675 694 2716 probis
717 2677 817 2708 codd.
841 2676 930 2709 bene

1049 2230 1095 2260 ΙΙ
1109 2231 1209 2261 milia
1228 2239 1325 2262 num.
1353 2228 1444 2262 Oud.
1469 2229 1659 2274 suspicatur
1673 2232 1724 2264 le-

999 2274 1147 2315 gendum
1164 2274 1211 2307 ml
1229 2275 1336 2307 Ilm.
1352 2285 1387 2307 n.
1406 2281 1444 2307 ut
1464 2277 1492 2315 l,
1511 2280 1543 2308 5.
1559 2275 1601 2310 C.
1621 2279 1648 2316 1,
1664 2279 1720 2310 39.

1046 2363 1294 2396 Condonanda.
1351 2364 1386 2397 In
1419 2364 1582 2398 omnibus
1618 2366 1720 2398 codd.

999 2413 1122 2450 praeter
1136 2418 1242 2440 unum
1258 2416 1431 2442 recentem
1449 2416 1501 2442 est
1516 2411 1720 2449 contionata,

1000 2463 1099 2485 sensu
1117 2453 1230 2485 nullo:
1255 2464 1336 2496 ergo
1353 2455 1491 2496 vulgata
1507 2455 1612 2487 lectio
1625 2455 1722 2486 vide-

1000 2504 1054 2529 tur
1086 2497 1248 2536 hactenus
1277 2509 1297 2530 e
1322 2499 1535 2532 correctione
1567 2499 1719 2531 fluxisse.

999 2542 1209 2575 Ciacconius
1219 2542 1329 2575 voluit
1343 2544 1437 2576 tolli:
1462 2554 1531 2576 non
1548 2544 1649 2575 male.
1666 2543 1720 2575 M.

1047 2587 1183 2620 Educ-it.
1239 2587 1308 2620 Alii
1338 2588 1441 2628 (lucit,
1471 2589 1563 2631 quod
1595 2587 1719 2630 probat

1002 2631 1159 2665 Vossius.
1193 2632 1286 2665 Oud.
1318 2633 1447 2666 mavult
1473 2633 1617 2671 reducit,
1644 2632 1668 2665 i.
1685 2643 1720 2665 e.

998 2682 1148 2710 revocat.

212 2717 276 2750 sic.
314 2719 393 2751 Inde
409 2719 554 2760 defectus
567 2719 606 2752 C.
622 2721 653 2759 3,
667 2722 709 2752 40
726 2726 757 2752 et
773 2722 826 2752 64.
845 2721 929 2753 item

210 2764 303 2804 apud
332 2764 513 2796 Phaedrum
545 2766 573 2804 l,
601 2767 656 2796 21.
706 2765 820 2808 Vulgo
850 2766 931 2809 defi-

213 2814 392 2885 cprssi’ileles
406 2865 461 2886 mn
468 2857 546 2886 Iros.
569 2853 630 2886 alii
638 2853 744 2896 facile
759 2855 896 2886 amicos.

264 2898 343 2930 Tali
360 2899 457 2930 cond.
470 2910 565 2941 prop.
587 2900 653 2932 Bit.
685 2898 808 2932 Clarke
825 2903 930 2932 tmus-

218 2941 328 2983 ponit.
358 2943 435 2977 Tali
448 2944 545 2977 (mni.
564 2945 631 2978 Bit.
642 2955 739 2986 prop.

1046 2723 1166 2764 Super.
1199 2728 1372 2755 commem.
1418 2721 1471 2753 Cf.
1500 2723 1534 2760 ⁷,
1559 2721 1617 2754 90.
1663 2722 1717 2754 De

998 2767 1174 2809 explicare
1190 2767 1260 2798 vid.
1277 2766 1351 2798 Ind.
1379 2767 1428 2798 M.

1045 2813 1195 2844 Desertis
1210 2813 1302 2848 ric-is,
1317 2816 1382 2842 etc.
1421 2809 1513 2842 Oud.
1530 2810 1714 2854 legendum

999 2857 1119 2888 suadet
1147 2858 1229 2887 vicis
1256 2855 1394 2888 desertis
1423 2865 1563 2898 quoeque
1590 2857 1648 2888 tot.
1680 2857 1720 2890 h.

999 2910 1126 2932 caussa
1140 2902 1379 2933 constitueram
1399 2901 1559 2942 aedvficia,
1582 2899 1643 2932 ubi
1660 2900 1720 2949 de·-

1002 2945 1139 2978 lendum
1155 2944 1353 2988 oppidisque
1370 2949 1404 2978 et
1420 2955 1500 2978 mox
1514 2946 1720 2980 incolebant.

1466 2988 1533 3028 Q2
