1946 3261
260 200 348 245 584
705 199 758 240 c.
790 193 959 239 JUL11
992 192 1274 251 cAESAms

265 325 551 385 singularem:
599 322 716 377 (nam
750 320 921 379 scripsit
956 319 1020 362 his
1056 319 1216 369 verbis,
1251 333 1387 376 quum
1415 317 1530 362 hunc
1563 321 1733 364 nomine

267 392 377 428 esset
395 382 568 425 adfatus
587 396 596 422 :
632 387 660 406 ‘⁶
683 396 749 431 ac,
772 380 804 422 si
825 379 1017 438 cogitata
1035 378 1238 436 praeclare
1254 377 1400 435 eloqui
1420 387 1610 436 possent,
1630 394 1733 422 non-

268 449 298 469 “
321 441 430 484 nulli
451 439 595 482 studio
614 446 659 482 et
678 455 759 481 usu
786 438 1113 486 laboraverunt,
1135 438 1256 495 cujus
1289 445 1332 478 te
1352 452 1470 494 paene
1491 437 1732 496 principem

268 507 299 526 “
321 498 456 556 copiae
492 506 625 556 atque
665 497 947 546 inventorem,
985 497 1095 538 bene
1136 496 1189 538 de
1230 494 1399 538 nomine
1435 512 1484 538 ac
1520 495 1734 553 dignitate

265 566 297 586 ⁴‘
322 556 482 614 Populi
503 556 690 598 Romani
719 556 923 598 meritum
951 570 1040 596 esse
1058 553 1301 596 existimare
1322 553 1598 611 ‘debemus,”)
1618 554 1732 597 hunc

266 615 437 659 facilem
456 622 501 657 et
519 614 819 672 quotidianum
847 613 1029 655 noluisse
1061 627 1314 663 sermonem,
1346 628 1458 655 nunc
1479 628 1560 672 pro
1581 613 1734 659 relicto

263 682 332 718 est
351 673 614 717 habendum.
663 673 777 715 Tum
797 673 979 720 Brutus,
999 670 1147 721 amice,
1166 670 1356 721 hercule,
1378 671 1537 729 inquit,
1556 679 1600 713 et
1618 687 1735 730 mag-

265 733 389 776 nifice
421 739 465 775 te
492 732 716 775 laudatum
736 738 861 788 puto,
883 745 1014 788 quem
1039 744 1123 771 non
1154 728 1293 771 solum
1326 730 1565 788 principem
1601 738 1737 787 atque

267 791 536 834 inventorem
554 790 687 848 copiae
708 789 884 838 dixerit,
914 805 1011 846 quae
1038 796 1134 830 erat
1166 803 1325 846 magna
1355 789 1462 838 laus,
1494 788 1567 831 sed
1603 789 1735 832 etiam

266 850 378 893 bene
398 849 599 892 meritum
618 848 671 890 de
694 847 855 906 Populi
890 847 1073 889 Romani
1108 846 1274 888 nomine
1304 854 1349 888 et
1375 845 1738 905 dignitate—Ea:

269 908 360 952 Cic.
382 907 432 952 z'n
451 907 608 960 Bruto,
628 921 663 950 c.
687 907 759 949 72.

328 1029 382 1073 C.
419 1029 563 1071 Caesar
593 1026 666 1070 ille
697 1033 934 1084 perpetuus
968 1025 1192 1074 Dictator,
1225 1024 1307 1067 Cn.
1330 1023 1523 1082 Pompeii
1549 1039 1685 1074 socer,
1710 1039 1738 1067 a

266 1103 358 1145 quo
388 1087 548 1130 familia
566 1094 609 1127 et
629 1085 864 1142 adpellatio
896 1085 1115 1127 Caesarum
1151 1083 1351 1140 deinceps
1385 1092 1629 1141 propagata
1657 1091 1739 1132 est,

267 1146 338 1189 vir
359 1145 518 1203 ingenii
545 1142 844 1201 praecellentis,
863 1142 1068 1185 sermonis
1089 1150 1248 1199 praeter
1272 1142 1375 1183 alios
1391 1158 1475 1184 suae
1495 1141 1634 1184 aetatis
1651 1157 1738 1184 cas-

266 1204 434 1254 tissimi,
450 1202 493 1244 in
513 1201 650 1251 libris,
663 1217 772 1258 quos
789 1201 842 1243 ad
861 1201 928 1242 Μ.
950 1200 1202 1242 Ciceronem
1217 1201 1270 1241 de
1285 1200 1512 1255 Analogia
1526 1199 1741 1257 conscrip-

269 1262 341 1311 sit,
356 1274 511 1303 arenas
526 1260 678 1302 vitiose
689 1259 774 1302 dici
786 1259 1074 1309 existimabat,
1092 1258 1210 1316 quod
1226 1271 1359 1299 arena
1379 1273 1614 1315 numquam
1630 1258 1740 1300 mul-

269 1319 468 1362 titudinis
496 1333 675 1361 numero
695 1316 958 1375 adpellanda
988 1317 1060 1367 sit,
1089 1316 1213 1358 sicuti
1242 1331 1379 1373 neque
1402 1316 1567 1368 coelum,
1601 1331 1742 1373 neque

271 1377 477 1420 tricicum.
498 1385 649 1419 contra
670 1383 819 1418 autem
839 1374 1091 1432 quadrigas,
1112 1374 1277 1417 etiamsi
1297 1390 1450 1417 currus
1477 1390 1589 1417 unus
1608 1390 1741 1431 equo-

270 1451 370 1478 rum
398 1442 587 1492 quatuor
607 1438 859 1492 junctorum
888 1448 1021 1474 unum
1041 1433 1112 1482 sit,
1136 1432 1356 1490 plurativo
1376 1449 1544 1490 semper
1563 1449 1741 1477 numero

269 1493 470 1536 dicendas
493 1501 636 1550 putat,
660 1493 770 1534 sicut
790 1506 925 1542 arma,
945 1500 989 1533 et
1010 1493 1185 1540 moenz'a,
1214 1499 1259 1533 et
1292 1491 1484 1540 comitia,
1516 1500 1562 1534 et
1592 1490 1742 1534 inimi-

270 1551 401 1595 citias
427 1559 510 1593 etc.
576 1550 736 1592 Paullo
766 1558 898 1607 pos-t:
943 1549 1067 1592 Tunc
1098 1549 1269 1607 prolato
1304 1549 1418 1592 libro
1448 1550 1499 1591 cle
1517 1549 1744 1606 Analogia

268 1611 409 1668 primo
429 1609 564 1652 verba
582 1608 671 1651 haec
690 1624 743 1650 ex
763 1624 813 1650 eo
836 1624 973 1666 pauca
995 1608 1208 1650 memoriae
1230 1607 1446 1659 mandavi,
1479 1623 1576 1650 nam
1606 1624 1743 1666 quum

267 1667 553 1726 praedixisset,
584 1682 724 1723 neque
754 1666 926 1713 coelum,
960 1665 1226 1715 triticumve,
1261 1681 1400 1723 neque
1433 1681 1607 1709 arenam
1633 1666 1744 1708 mul-

269 1726 469 1769 titudinis
503 1724 857 1780 significationem
894 1724 1010 1782 pati:
1047 1732 1074 1749 ‘⁶
1100 1724 1221 1766 Num
1243 1726 1336 1775 tu,’'
1357 1724 1514 1781 inquit,
1539 1732 1568 1750 ‘⁶
1591 1723 1744 1767 harum

271 1792 304 1811 ‘⁶
326 1799 473 1827 rerum
501 1790 657 1824 natura
689 1782 884 1824 accidere
917 1781 1158 1831 arbitraris,
1194 1782 1314 1839 quod
1349 1797 1477 1824 unam
1508 1792 1668 1824 terram
1698 1790 1744 1824 et

271 1849 304 1872 “
329 1842 475 1900 plures
495 1848 649 1890 terras,
678 1848 722 1882 et
745 1840 896 1882 urbem
915 1848 959 1882 et
980 1841 1127 1889 urbes,
1155 1849 1200 1882 et
1226 1840 1454 1898 imperium
1485 1849 1529 1882 et
1560 1839 1744 1898 imperia

273 1908 304 1928 “
326 1900 519 1943 dicamus
539 1903 557 1941 ’ἱ
587 1913 726 1956 neque
747 1898 979 1955 quadrigas
1007 1898 1049 1940 in
1072 1913 1201 1940 unam
1223 1898 1402 1940 nominis
1425 1898 1610 1957 figuram
1630 1898 1742 1941 redi-

275 1965 307 1986 “
330 1974 448 2016 gere,
471 1972 610 2014 neque
629 1972 804 1999 arenam
833 1957 877 1998 in
900 1955 1195 1999 multitudinis
1215 1956 1548 2014 adpellationem
1567 1971 1743 2001 conver-

275 2025 306 2045 “
331 2025 421 2060 tere
442 2017 656 2075 possimus
674 2015 854 2058 ’.Ψ-ΕΦ
869 2013 978 2057 Gell.
1009 2013 1075 2064 19,
1093 2014 1133 2056 8.

1083 2096 1117 2123 ο

336 2141 486 2197 Atque
516 2138 575 2188 id,
607 2137 727 2195 quod
749 2153 775 2180 a
796 2137 849 2179 C.
875 2137 1061 2188 Caesare,
1075 2136 1331 2191 'excellentis
1358 2137 1517 2197 ingenii
1537 2154 1585 2181 ac
1602 2138 1745 2197 provi-

277 2199 434 2243 dentiae
473 2197 557 2251 (ita
596 2195 790 2245 Gellius;
834 2195 1086 2238 Macrobius
1145 2196 1372 2253 rudentiae)
1406 2198 1500 2239 viro
1531 2197 1574 2239 in
1603 2197 1744 2254 primo

278 2258 332 2300 de
358 2255 585 2311 Analogia
620 2254 733 2296 libro
762 2254 968 2312 scriptum
1004 2262 1084 2304 est,
1113 2212 1226 2297 liabe
1262 2271 1428 2312 semper
1463 2256 1505 2297 in
1540 2256 1747 2300 memoria

277 2323 409 2374 atque
434 2314 477 2357 in
498 2320 690 2372 pectore,
715 2319 743 2338 “
767 2321 818 2354 ut
834 2320 1056 2370 tamquam
1076 2313 1302 2371 scopulum
1323 2313 1382 2355 sic
1409 2313 1549 2372 fugias
1577 2313 1744 2357 inaudi-

279 2383 310 2402 “
334 2384 429 2416 tum
443 2380 593 2429 ’atque
621 2371 799 2415 insolens
820 2371 1179 2414 verbum.’'—Ea¹
1200 2371 1308 2414 Gell.
1335 2373 1372 2421 l,
1399 2372 1465 2424 10,
1487 2379 1529 2415 et
1548 2372 1744 2417 Macrob.

281 2433 456 2477 Satura.
480 2431 518 2480 l,
541 2433 582 2472 5.

844 2552 923 2595 EX
957 2553 1071 2596 LIB.
1104 2553 1164 2598 ΙΙ.

283 2676 335 2719 G.
361 2675 529 2718 CAESAR
564 2672 606 2714 in
635 2670 749 2713 libro
768 2669 821 2712 de
839 2669 1067 2726 Analogia
1087 2671 1289 2723 secundo,
1318 2672 1448 2733 hujus
1465 2674 1537 2718 die
1554 2682 1600 2719 et
1618 2673 1745 2735 hujus

279 2733 421 2792 specie
439 2730 665 2775 dicendum
686 2728 961 2788 putat—Em
985 2728 1095 2772 Gell.
1115 2729 1158 2780 9,
1182 2731 1248 2773 14.

413 2851 577 2894 Exempla
592 2850 667 2882 vide
682 2849 723 2881 de
739 2849 772 2881 b.
790 2847 878 2881 Gall.
896 2851 927 2879 2.
944 2850 997 2880 23.
1015 2849 1066 2880 As.
1083 2850 1196 2881 51.11.
1211 2852 1265 2881 21.

1933 1825 1941 1913 -.π-9-
1936 1787 1943 1810 ,,.
1931 1751 1934 1755 ·
1935 1719 1937 1725 -
