1946 3261
223 209 310 254 288
671 205 756 250 DE
787 202 992 248 BELLO
1024 202 1239 249 CIVILI.

219 370 345 398 onem
362 363 518 396 nonam
534 348 723 393 subsidio
742 348 888 393 ducit:
933 348 1116 398 hostem,
1135 348 1369 392 insolenter
1385 357 1517 407 atque
1537 350 1697 393 acriter

221 421 388 457 nostros
427 410 737 467 insequentem,
782 408 1055 468 subprimit,¹
1086 424 1322 465 rursusque
1360 416 1486 466 terga
1526 417 1695 452 vertere

218 486 350 528 seque
369 468 423 512 ad
449 468 659 527 oppidum
686 467 873 511 Ilerdam
904 467 1095 524 recipere
1125 475 1170 509 et
1202 467 1283 509 sub
1311 482 1438 509 muro
1467 468 1697 510 consistere

219 529 350 586 cogit.
413 528 500 570 Sed
521 542 643 570 nonae
670 527 848 585 legionis
876 526 1051 575 milites,
1080 524 1183 568 elati
1209 524 1373 574 studio,
1404 524 1510 568 dum
1539 526 1698 568 sarcire

218 595 450 646 acceptum
468 586 779 630 detrimentum
806 585 978 634 volunt,
1010 592 1172 627 temere
1200 583 1380 626 insecuti
1402 583 1631 642 fugientes,
1656 584 1699 626 in

220 646 364 689 locum
391 645 588 703 iniquum
607 643 955 704 progrediuntur
987 651 1033 685 et
1064 642 1147 684 sub
1174 651 1380 692 montem,
1416 643 1459 685 in
1488 658 1576 700 quo
1605 652 1700 685 erat

220 703 437 763 oppidum
456 704 648 762 positum
669 702 830 751 Ilerda,
852 701 1104 744 succedunt.
1151 701 1266 743 Hinc
1285 717 1328 743 se
1349 701 1543 759 recipere
1564 717 1700 759 quum

221 763 400 814 vellent,
423 778 571 806 rursus
588 762 652 805 illi
671 778 724 803 ex
745 761 839 804 loco
859 758 1081 818 superiore
1101 767 1268 801 nostros
1285 760 1553 817 premebant.
1590 760 1702 803 Prae-

223 829 381 881 ruptus
401 821 524 865 locus
542 829 655 869 erat,
686 828 874 877 utraque
896 835 949 861 ex
971 826 1097 876 parte
1127 817 1342 867 directus;
1378 834 1428 860 ac
1459 826 1630 860 tantum
1659 819 1702 862 in

221 880 495 925 latitudinem
530 880 725 938 patebat,
758 887 809 921 ut
839 886 926 920 tres
955 878 1178 920 instructae
1206 875 1404 919 cohortes
1427 892 1528 919 eum
1560 876 1704 920 locum

218 939 445 999 explerent
485 946 547 988 et,
588 952 728 995 neque
767 936 959 980 subsidia
997 951 1023 978 a
1062 935 1272 978 lateribus
1307 935 1522 984 submitti,
1563 950 1705 992 neque

219 999 388 1057 equites
421 997 722 1040 laborantibus
755 995 851 1038 usui
881 1011 966 1037 esse
1000 1002 1185 1052 possent.
1250 994 1323 1037 Ab
1360 994 1522 1052 oppido
1559 1002 1706 1036 autem

220 1057 397 1102 declivis
417 1057 539 1100 locus
555 1055 674 1098 tenui
691 1055 865 1111 fastigio
885 1054 1095 1112 vergebat
1111 1053 1154 1095 in
1171 1052 1488 1111 longitudinem
1506 1068 1709 1111 passuum

224 1117 399 1159 circiter
421 1116 523 1158 CD.
589 1114 685 1156 Hac
713 1114 870 1156 nostris
896 1121 991 1155 erat
1022 1120 1246 1169 receptus;
1290 1111 1410 1170 quod
1441 1128 1508 1161 eo,
1539 1111 1707 1153 incitati

224 1174 388 1225 studio,
409 1172 691 1216 inconsultius
713 1179 1026 1230 processerant.
1092 1170 1188 1213 Hoc
1211 1171 1493 1229 pugnabatur
1514 1169 1628 1219 loco,
1662 1178 1708 1212 et

226 1242 410 1293 propter
430 1231 649 1290 angustias
670 1231 834 1287 iniquo,
868 1239 912 1272 et
934 1230 1052 1287 quod
1073 1229 1154 1271 sub
1175 1229 1276 1287 ipsis
1304 1229 1520 1271 radicibus
1551 1228 1710 1271 montis

224 1293 524 1339 constiterant,
567 1299 617 1332 ut
656 1290 826 1332 nullum
864 1289 1026 1331 frustra
1059 1288 1195 1330 telum
1238 1288 1279 1329 in
1320 1304 1392 1329 eos
1430 1287 1705 1329 mitteretur:

224 1360 370 1395 tamen
391 1350 556 1392 virtute
585 1356 631 1390 et
656 1347 866 1406 patientia
894 1347 1163 1394 nitebantur,
1197 1353 1329 1402 atque
1361 1346 1503 1388 omnia
1530 1345 1710 1388 vulnera

224 1409 508 1453 sustinebant.
572 1407 832 1464 Augebatur
852 1405 936 1447 illis
957 1405 1095 1462 copia,
1115 1414 1248 1462 atque
1269 1420 1321 1446 ex
1343 1405 1492 1446 castris
1513 1404 1710 1447 cohortes

224 1484 304 1528 per
325 1466 539 1526 oppidum
560 1466 716 1508 crebro
741 1463 1129 1513 submittebantur,
1160 1473 1209 1505 ut
1240 1463 1397 1521 integri
1423 1462 1597 1505 defessis
1617 1479 1710 1506 suc-

223 1527 442 1571 cederent.
520 1525 619 1568 Hoc
640 1524 752 1566 idem
776 1523 918 1566 Caesar
941 1524 1082 1564 facere
1104 1522 1361 1580 cogebatur,
1397 1531 1462 1571 ut,
1490 1522 1711 1565 submissis

224 1586 267 1629 in
289 1585 486 1628 eumdem
507 1584 651 1627 locum
672 1582 938 1629 cohortibus,
960 1581 1144 1624 defessos
1164 1581 1391 1638 reciperet.

282 1644 355 1687 46.
392 1643 489 1686 Hoc
522 1657 658 1699 quum
690 1649 798 1683 esset
839 1640 968 1683 modo
1007 1649 1253 1698 pugnatum
1286 1640 1558 1682 continenter
1595 1639 1711 1682 horis

224 1703 420 1761 quinque
442 1701 666 1758 nostrique
695 1699 870 1757 gravius
890 1716 915 1741 a
943 1698 1226 1741 multitudine
1259 1708 1574 1755 premerentur,
1611 1714 1711 1741 con-

222 1762 374 1804 sumtis
410 1759 610 1802 omnibus
648 1758 760 1807 telis,
803 1758 957 1815 gladiis
998 1757 1229 1805 destrictis,
1274 1756 1470 1814 inpetum
1505 1757 1710 1800 adversus

223 1828 416 1863 montem
437 1818 481 1861 in
502 1816 692 1860 cohortis
714 1816 894 1865 faciunt,
928 1816 1162 1873 paucisque
1191 1815 1383 1872 dejectiS‚
1408 1815 1596 1873 reliquos
1623 1831 1710 1858 sese

223 1886 475 1922 convertere
497 1884 674 1933 cogunt.
730 1874 954 1917 Submotis
971 1874 1052 1916 sub
1074 1889 1247 1915 murum
1268 1872 1520 1916 cohortibus
1537 1891 1585 1916 ac
1607 1890 1710 1917 non-

223 1937 344 1979 nulla
360 1945 485 1995 parte
502 1943 686 1993 propter
701 1942 915 1976 terrorem
934 1934 975 1975 in
993 1931 1203 1990 oppidum
1225 1932 1472 1988 compulsis,
1492 1932 1628 1974 facilis
1645 1942 1710 1975 est

224 1997 381 2038 nostris
404 2003 604 2053 receptus
625 1991 766 2035 datus.
830 1991 1065 2049 Equitatus
1093 2000 1239 2032 autem
1268 2000 1413 2032 noster
1441 1991 1498 2033 ab
1521 2001 1710 2049 utroque

220 2054 372 2103 latere,
395 2054 473 2097 etsi
495 2051 673 2110 dejectis
693 2060 827 2109 atque
849 2049 1127 2092 inferioribus
1148 2049 1253 2091 locis
1274 2049 1544 2099 constiterat,
1568 2059 1710 2093 tamen

221 2128 435 2156 summum
461 2112 503 2154 in
520 2114 676 2170 jugum
698 2110 863 2152 virtute
892 2108 1130 2152 connititur
1161 2118 1309 2165 atque,
1336 2107 1448 2150 inter
1468 2107 1576 2150 duas
1603 2109 1712 2152 acies

258 2171 521 2229 erequitans,
543 2169 879 2212 commodiorem
900 2184 947 2210 ac
973 2167 1179 2210 tutiorem
1198 2166 1352 2208 nostris
1374 2176 1596 2224 receptum
1618 2167 1710 2210 dat.

251 2239 295 2272 ta
327 2230 448 2272 vario
477 2228 707 2271 certamine
741 2236 983 2285 pugnatum
1015 2235 1093 2268 est.
1181 2225 1331 2267 Nostri
1364 2224 1404 2266 iu
1440 2225 1580 2282 primo
1609 2242 1710 2269 con-

223 2304 374 2390 gressu
395 2287 570 2331 circiter
593 2287 714 2329 LXX
735 2285 1001 2332 ceciderunt,
1018 2285 1060 2327 in
1083 2284 1145 2326 his
1165 2285 1219 2333 Q.
1244 2283 1472 2326 Fulcinius
1493 2299 1545 2326 ex
1568 2285 1712 2342 primo

253 2355 393 2391 astato
414 2346 595 2404 legionis
615 2344 769 2396 XIIII,
791 2345 866 2402 qui
890 2352 1071 2403 propter
1090 2343 1287 2386 eximiam
1308 2319 1515 2385 virtutem
1535 2359 1588 2385 ex
1606 2343 1711 2386 infe-⁸

280 2516 480 2558 Subprimit.
504 2513 573 2546 vid.
589 2513 660 2546 lnd.
701 2512 754 2543 M.
1035 2511 1206 2552 Anqebam
1228 2511 1396 2551 r-copim
1439 2509 1492 2541 Sic
1509 2509 1590 2541 boni
1613 2511 1699 2542 codd
1711 2532 1719 2541 .

279 2563 444 2593 Dirvctns.
465 2559 534 2590 vid.
548 2558 619 2589 Ind.
642 2557 693 2588 M.
1007 2555 1076 2587 Alii
1092 2555 1423 2595 ‹myeb‹1murcopiae.
1436 2553 1504 2584 vid.
1519 2554 1590 2585 lnd.
1605 2558 1712 2596 copia.

282 2604 544 2645 Tenuismte'qio.
558 2608 642 2639 arto,
664 2610 733 2632 non
748 2609 887 2631 extenso
904 2597 937 2630 in
1051 2600 1240 2639 Paucisque
1254 2598 1393 2635 desectis.
1436 2598 1584 2629 nausius
1599 2599 1713 2630 mallet

233 2648 453 2681 latitudinem.
484 2647 532 2678 sic
563 2646 671 2679 tenuis
701 2645 795 2676 tellus
835 2643 937 2674 Ovid.
1005 2643 1190 2682 interfectis,
1204 2642 1304 2673 sedis
1320 2652 1436 2672 sensus
1446 2648 1497 2673 est
1508 2642 1560 2672 τοῦ
1573 2642 1714 2683 dejectis.

234 2693 316 2724 Iler.
335 2696 367 2732 4,
394 2693 467 2723 106.
482 2692 574 2722 limes
591 2690 637 2721 id.
652 2688 753 2720 Trist.
776 2690 804 2725 l,
827 2689 860 2725 9,
888 2688 938 2717 16.
1009 2693 1042 2718 ut
1060 2687 1101 2717 G.
1118 2690 1150 2723 ¹2,
1168 2688 1221 2716 ¹27.

233 2743 356 2769 trames
374 2735 460 2766 vell.
479 2738 511 2774 2,
527 2738 558 2767 3.
605 2735 640 2765 ln
652 2732 729 2764 aliis
742 2731 839 2762 codd.
857 2730 939 2769 legi·
1053 2732 1196 2770 Deiectis
1210 2731 1298 2765 locis,
1311 2729 1353 2760 ad
1369 2729 1497 2761 radices
1511 2728 1645 2767 tumuli,
1662 2728 1711 2760 M.

234 2786 309 2811 tur:
352 2780 401 2811 Ab
426 2790 503 2821 opp.
528 2783 641 2811 autem
665 2777 783 2808 (let-liri
800 2775 939 2815 fastiqio
1006 2774 1093 2806 Boni
1108 2774 1204 2805 codd·
1222 2778 1322 2814 atque
1338 2773 1434 2814 infer.
1468 2772 1581 2814 Vulgo
1597 2778 1669 2804 aut.

236 2823 402 2865 verqebaI,
415 2824 508 2865 quod
523 2823 705 2865 praeplacet
721 2819 866 2852 Jurinio.
1054 2819 1110 2850 Er
1131 2819 1240 2860 primo
1259 2819 1400 2850 hastato.
1443 2816 1532 2850 Oud.
1553 2815 1713 2858 intelligit
