1946 3261
588 155 706 200 LIB.
740 157 822 201 VI.
883 157 1023 202 CAP.
1055 158 1244 202 36-38,
1599 156 1680 201 163

194 283 469 342 maximoque
487 285 705 342 equitatu,
728 284 932 344 dispersis
951 300 1002 328 ac
1023 300 1144 344 paene
1164 285 1320 328 deletis
1337 283 1547 333 hostibUS‚
1564 283 1676 327 mili-

199 343 281 386 bus
304 359 510 403 passuum
533 342 601 386 ΙΙΙ
623 343 801 387 obfendi
830 352 974 403 posset
993 359 1003 393 ;
1046 345 1240 402 quinque
1261 343 1460 388 cohortes
1485 343 1676 388 frumen-

196 410 338 446 tatum
366 403 409 446 in
442 403 659 462 proximas
683 412 851 462 segetes
878 402 1011 455 misit,
1046 418 1153 460 quas
1179 403 1294 446 inter
1320 411 1366 446 et
1396 411 1537 447 castra
1564 418 1677 446 unus

196 462 368 505 omnino
410 462 532 506 collis
572 462 796 505 intererat.
880 460 1144 520 Complures
1188 469 1313 504 erant
1352 463 1395 504 in
1434 461 1583 505 castris
1621 477 1676 507 ex

197 519 442 577 legionibus
472 519 578 578 aegri
602 520 771 570 relicti;
827 536 881 564 ex
913 520 1073 578 quibus
1102 519 1179 577 qui
1210 518 1292 562 1100
1327 521 1469 578 spatio
1503 519 1678 564 dierum

197 578 526 629 convaluerant,
574 578 748 631 circiter
798 579 918 623 CCC
961 579 1044 624 sub
1082 577 1243 622 vexillo
1286 593 1371 619 una
1408 579 1675 622 mittuntur:

195 652 351 695 magna
371 646 585 696 praeterea
605 637 847 681 multitudo
868 637 1084 687 calonum,
1105 652 1261 695 magna
1283 636 1346 679 vis
1363 636 1678 694 jumentorum,

196 711 294 753 quae
312 696 355 738 in
378 696 529 738 castris
551 696 823 746 subsederat,
845 697 960 740 facta
981 704 1215 755 potestate,
1235 695 1449 754 sequitur.

251 755 324 798 37.
361 754 459 798 Hoc
492 755 586 814 ipso
622 764 821 814 tempore
855 765 900 799 et
932 755 1271 800 casuGermani
1301 755 1470 812 equites
1490 754 1677 798 interve-

194 813 337 864 niunt,
360 815 647 873 protinusque
669 814 822 857 eodem
844 814 936 864 1110,
960 830 1049 872 quo
1070 822 1296 864 venerant,
1319 829 1451 857 cursu
1471 813 1528 857 ab
1548 812 1680 857 decu-

192 888 320 916 mana
353 882 482 932 porta
515 873 559 915 in
589 882 730 916 castra
761 875 1012 932 inrumpere
1042 882 1282 917 conantur:
1329 888 1408 915 nec
1436 872 1559 930 prius
1578 881 1682 916 sunt

191 932 287 982 visi,
305 932 488 990 objectis
503 932 560 975 ab
580 949 629 975 ea
647 941 773 991 parte
788 933 920 984 silvis,
938 949 1070 991 quam
1087 933 1236 975 castris
1255 931 1680 990 adpropinquarent,

192 1005 332 1048 usque
353 1007 419 1042 eo,
452 1000 518 1043 ut,
548 992 625 1050 qui
647 992 728 1034 sub
750 991 866 1035 vallo
888 991 1120 1035 tenderent
1142 1000 1419 1042 mercatores,
1443 989 1683 1048 recipiendi

193 1050 257 1093 sui
279 1050 532 1094 facultatem
555 1066 641 1095 non
661 1050 888 1095 haberent.
925 1050 1205 1109 Inopinantes
1225 1050 1360 1094 nostri
1383 1066 1431 1093 re
1453 1064 1564 1092 nova
1585 1064 1686 1108 per-

192 1109 448 1162 turbantur,
471 1126 520 1153 ac
539 1111 611 1155 vix
628 1110 818 1169 primum
836 1110 1036 1168 inpetum
1052 1109 1205 1154 cohors
1225 1109 1266 1153 111
1283 1109 1468 1152 statione
1485 1108 1684 1151 sustinet.

196 1167 627 1212 Circumfunduntur
647 1186 700 1212 ex
722 1169 900 1227 reliquis
916 1168 1057 1212 hostes
1074 1169 1292 1228 partibus,
1311 1168 1345 1210 si
1365 1183 1498 1226 quem
1517 1167 1686 1212 aditum

195 1228 391 1286 reperire
429 1236 618 1286 possent.
699 1228 836 1287 AEgre
876 1238 1027 1287 portas
1063 1229 1199 1272 nostri
1241 1236 1439 1278 tuentur,
1493 1226 1687 1284 reliquos

199 1285 342 1329 aditus
365 1286 485 1330 locus
504 1287 596 1346 ipse
624 1303 704 1345 per
736 1303 780 1330 se
812 1288 1086 1346 munitioque
1115 1287 1328 1330 defendit.
1392 1285 1517 1330 Totis
1551 1286 1689 1344 trepi-

198 1344 333 1387 datur
353 1346 516 1397 castris,
549 1355 683 1404 atque
714 1345 824 1388 alius
856 1362 909 1389 ex
938 1346 1024 1389 alio
1057 1361 1246 1389 caussam
1276 1345 1473 1388 tumulus
1500 1346 1688 1402 quaerit;

200 1418 341 1461 neque
362 1419 450 1462 quo
480 1405 601 1462 signa
631 1405 845 1455 ferantur,
880 1420 1021 1464 neque
1054 1420 1185 1462 quam
1216 1404 1258 1447 in
1294 1413 1467 1463 partem
1501 1404 1689 1461 quisque

199 1463 443 1512 conveniat,
477 1462 728 1522 provident.
791 1463 918 1507 Alius
947 1472 1075 1521 capta
1105 1464 1193 1521 jam
1225 1472 1366 1506 castra
1397 1463 1689 1521 pronunciat;

199 1521 325 1571 alius,
366 1521 513 1564 deleto
545 1523 739 1565 exercitu
777 1530 912 1580 atque
946 1523 1227 1580 imperatore,
1259 1522 1446 1564 victores
1479 1521 1692 1571 barbaros

201 1580 363 1624 venisse
399 1580 649 1624 contendit:
703 1580 902 1639 plerique
937 1596 1069 1624 novas
1106 1581 1188 1623 sibi
1232 1596 1283 1623 ex
1321 1579 1418 1622 1000
1461 1579 1693 1637 religiones

199 1638 387 1697 fingunt,
434 1639 667 1696 Cottaeque
708 1649 752 1682 et
791 1639 953 1682 Titurii
991 1639 1299 1689 calamitatem,
1337 1638 1414 1696 qui
1452 1638 1495 1680 in
1534 1637 1689 1682 eodem

201 1697 443 1742 occiderint
478 1699 674 1749 castello,
705 1707 806 1742 ante
830 1698 978 1741 oculos
1012 1707 1198 1757 ponunt.
1259 1697 1357 1740 Tali
1379 1698 1536 1740 timore
1557 1698 1693 1740 omni-

202 1757 283 1800 bus
310 1757 576 1815 perterritis,
608 1757 889 1801 confirmatur
926 1757 1074 1817 opinio
1104 1757 1317 1806 barbaris,
1355 1765 1406 1799 ut
1437 1772 1490 1799 ex
1513 1755 1694 1814 captivo

204 1815 450 1866 audierant,
487 1816 655 1859 nullum
691 1833 780 1860 esse
818 1816 934 1859 intus
972 1816 1235 1876 praesidium.
1303 1815 1596 1874 Pei-rumpere
1631 1815 1694 1858 111-

202 1882 360 1918 tuntur
381 1892 512 1933 seque
542 1875 625 1935 ipsi
655 1876 961 1926 adhortantur,
984 1891 1036 1918 ne
1060 1885 1224 1919 tantam
1244 1875 1465 1917 fortunam
1488 1890 1541 1916 ex
1561 1874 1694 1918 mani·

203 1934 284 1977 bus
305 1933 547 1977 dimittant.

262 1994 334 2034 38.
369 1993 479 2036 Erat
499 2009 614 2052 aeger
638 1993 680 2036 in
700 1992 900 2051 praesidio
922 1993 1101 2036 relictus
1122 1992 1170 2033 Ρ.
1196 1991 1370 2034 Sextius
1391 1990 1597 2042 Baculus,
1616 1990 1695 2049 qui

205 2051 396 2110 primum
419 2052 559 2110 pilum
580 2052 635 2095 ad
662 2053 877 2096 Caesarem
905 2051 1109 2100 duxerat,
1145 2050 1269 2107 cujus
1288 2050 1548 2093 mentionem
1568 2067 1697 2109 supe-

203 2111 392 2154 rioribus
416 2112 580 2170 proeliis
602 2111 799 2160 fecimus,
822 2127 871 2153 ac
893 2111 1008 2153 diem
1024 2111 1113 2168 jam
1133 2110 1338 2167 quintum
1359 2108 1458 2151 cibo
1475 2119 1695 2152 caruerat.

209 2170 311 2221 Hic,
333 2171 496 2214 diffisus
516 2186 602 2213 suae
623 2179 758 2228 atque
779 2170 970 2212 omnium
991 2169 1136 2219 saluti,
1151 2169 1393 2211 ine1·mis.ex
1410 2168 1696 2215 tabernaculo

204 2309 337 2342 Novem
353 2311 507 2353 legiones
523 2310 626 2343 variis
646 2309 678 2341 in
700 2308 790 2341 loeis
807 2319 918 2351 oppo-

206 2354 279 2386 sitae
294 2362 387 2388 eraut
402 2355 572 2387 hostibus.
599 2356 651 2387 M.

250 2399 294 2430 In
309 2400 382 2430 mil.
392 2411 482 2442 pass.
498 2407 540 2433 tr.
555 2399 641 2432 intra
654 2398 717 2430 tria
730 2397 827 2429 milia
844 2407 919 2438 pas-

209 2453 320 2474 suum.
344 2444 394 2475 HJ.

253 2488 357 2519 Misit.
396 2487 467 2519 Alii
484 2490 596 2520 mittit.

254 2532 297 2564 In
312 2534 444 2563 castris.
461 2532 557 2564 deest
568 2532 634 2563 hoc
654 2531 688 2563 in
705 2531 804 2562 codd.
815 2530 921 2563 variis

205 2581 238 2606 et
250 2576 325 2606 edd.
337 2575 470 2617 priscis.
484 2575 621 2607 Graecus
631 2575 735 2608 habet
748 2576 772 2606 ἐν
783 2574 920 2618 Βαρούτῳ

208 2631 269 2661 pro
286 2618 502 2660 'nouam-5242.

255 2665 343 2696 Cirt‘.
365 2665 462 2695 CCC.
509 2663 646 2694 Graecus
662 2661 808 2694 διακῆο-ιοι.

256 2709 325 2739 Sub
350 2709 483 2739 vat-illo.
544 2709 720 2741 Prael'ertur
745 2706 919 2740 vexillum.

210 2754 260 2784 M.

259 2798 420 2838 Tempore
437 2801 465 2828 et
480 2806 573 2828 caste.
620 2795 803 2827 Redundat
825 2800 869 2833 et,
884 2800 921 2826 ut

208 2840 321 2872 Clark.
338 2846 371 2872 et
388 2841 607 2881 Oudendorp.
625 2844 840 2872 monuerunt.
864 2840 916 2870 M.

254 2885 444 2926 Reliqiones
454 2887 604 2925 finqzmt,
615 2890 744 2925 putant.
754 2882 910 2924 religioni

207 2928 274 2961 sibi
291 2940 365 2961 esse
381 2929 516 2967 debere,
532 2933 648 2961 contra
664 2927 864 2970 religionem
874 2938 910 2961 se

985 2307 1108 2349 egisse,
1134 2308 1227 2347 quod
1254 2306 1290 2338 in
1315 2307 1393 2338 loco
1425 2306 1512 2338 male
1543 2305 1694 2338 ominato

986 2351 1212 2384 consederint.
1259 2350 1354 2383 Dicit
1368 2361 1486 2389 noras,
1505 2350 1586 2392 quia
1602 2360 1690 2381 nunc

985 2398 1123 2428 demum
1147 2395 1346 2437 cogitabant
1369 2395 1448 2433 hoc,
1473 2395 1565 2436 quod
1593 2400 1692 2425 autea

986 2451 1054 2472 non
1069 2440 1278 2482 cogitarant:
1303 2449 1391 2471 nunc
1407 2444 1475 2470 erat
1492 2438 1552 2470 illa
1568 2437 1689 2479 opinio

987 2495 1086 2517 nova.
1110 2486 1162 2517 M.
1294 2486 1296 2488 ’

1035 2531 1136 2562 Colace
1152 2533 1183 2561 el
1204 2529 1267 2560 Tit.
1291 2528 1345 2559 Cf.
1360 2538 1391 2559 c.
1405 2529 1459 2557 32.
1476 2533 1509 2558 et
1526 2530 1558 2565 5,
1570 2527 1611 2557 28
1622 2536 1694 2569 sqq.

1037 2619 1178 2650 Nullmn
1205 2617 1415 2659 praesidium.
1452 2613 1696 2656 perexiguum:

987 2673 1064 2694 nani
1079 2663 1144 2693 hoc
1156 2673 1173 2692 e
1185 2661 1322 2702 captivo
1333 2659 1519 2691 audierant.
1533 2658 1585 2689 Cf.
1597 2669 1628 2689 c.
1640 2661 1693 2690 35.

1034 2750 1086 2782 Ad
1113 2751 1290 2786 c'oemmm,
1313 2747 1405 2789 apud
1428 2746 1607 2779 Caesarem.
1651 2747 1696 2779 Et

990 2795 1055 2826 hoc
1081 2794 1174 2835 apud
1198 2793 1321 2824 habeut
1342 2791 1480 2832 quidam
1504 2789 1608 2831 libri3
1637 2791 1697 2823 sed

992 2838 1324 2880 interpretamentum
1338 2841 1401 2867 est.
1425 2836 1476 2871 M.

979 2903 1023 2959 ,Μ
1034 2884 1240 2915 mentionem
1250 2880 1414 2923 fecimus.
1430 2879 1536 2919 (3112,
1551 2883 1606 2918 25.
1623 2881 1655 2918 3,
1665 2883 1701 2926 5,

1445 2984 1517 3017 ΜΞ
