<?xml version="1.0" encoding="UTF-8"?>
<!DOCTYPE html PUBLIC "-//W3C//DTD XHTML 1.0 Transitional//EN"
    "http://www.w3.org/TR/xhtml1/DTD/xhtml1-transitional.dtd">
<html xmlns="http://www.w3.org/1999/xhtml" xml:lang="en" lang="en">
 <head>
  <title>
</title>
<meta http-equiv="Content-Type" content="text/html;charset=utf-8" />
  <meta name='ocr-system' content='tesseract 3.04.00' />
  <meta name='ocr-capabilities' content='ocr_page ocr_carea ocr_par ocr_line ocrx_word'/>
</head>
<body>
  <div class='ocr_page' id='page_1' title='image "./commentariidebel00caesuoft_0493.png"; bbox 0 0 1946 3261; ppageno 0'>
   <div class='ocr_carea' id='block_1_1' title="bbox 639 240 1700 286">
    <p class='ocr_par' dir='ltr' id='par_1_1' title="bbox 639 240 1700 286">
     <span class='ocr_line' id='line_1_1' title="bbox 639 240 1700 286; baseline 0.003 -4"><span class='ocrx_word' id='word_1_1' title='bbox 639 255 651 270; x_wconf 90' lang='lat'><strong>·</strong></span> <span class='ocrx_word' id='word_1_2' title='bbox 683 240 799 282; x_wconf 84' lang='lat' dir='ltr'>LIB.</span> <span class='ocrx_word' id='word_1_3' title='bbox 864 241 1000 283; x_wconf 80' lang='lat' dir='ltr'>CAP.</span> <span class='ocrx_word' id='word_1_4' title='bbox 1032 241 1220 284; x_wconf 77' lang='lat'>47-50.</span> <span class='ocrx_word' id='word_1_5' title='bbox 1614 242 1700 286; x_wconf 82' lang='lat'>453</span> 
     </span>
    </p>
   </div>
   <div class='ocr_carea' id='block_1_2' title="bbox 199 364 1700 2072">
    <p class='ocr_par' dir='ltr' id='par_1_2' title="bbox 206 364 1700 1188">
     <span class='ocr_line' id='line_1_2' title="bbox 219 364 1700 427; baseline 0.003 -19"><span class='ocrx_word' id='word_1_6' title='bbox 219 364 403 409; x_wconf 84' lang='lat' dir='ltr'>vinciam</span> <span class='ocrx_word' id='word_1_7' title='bbox 421 374 671 426; x_wconf 81' lang='lat' dir='ltr'>susceperat</span> <span class='ocrx_word' id='word_1_8' title='bbox 691 367 910 422; x_wconf 77' lang='lat' dir='ltr'>Quaestor,</span> <span class='ocrx_word' id='word_1_9' title='bbox 933 384 987 410; x_wconf 81' lang='lat' dir='ltr'>ex</span> <span class='ocrx_word' id='word_1_10' title='bbox 1015 367 1177 410; x_wconf 83' lang='lat' dir='ltr'>insidiis</span> <span class='ocrx_word' id='word_1_11' title='bbox 1199 366 1257 411; x_wconf 89' lang='lat' dir='ltr'>ibi</span> <span class='ocrx_word' id='word_1_12' title='bbox 1286 367 1556 418; x_wconf 86' lang='lat' dir='ltr'>vulneratus,</span> <span class='ocrx_word' id='word_1_13' title='bbox 1578 384 1700 427; x_wconf 87' lang='lat' dir='ltr'>mag-</span> 
     </span>
     <span class='ocr_line' id='line_1_3' title="bbox 220 426 1697 493; baseline 0.003 -26"><span class='ocrx_word' id='word_1_14' title='bbox 220 440 296 467; x_wconf 86' lang='lat' dir='ltr'>nas</span> <span class='ocrx_word' id='word_1_15' title='bbox 318 426 403 468; x_wconf 91' lang='lat' dir='ltr'>odii</span> <span class='ocrx_word' id='word_1_16' title='bbox 420 442 486 468; x_wconf 88' lang='lat' dir='ltr'>Sul</span> <span class='ocrx_word' id='word_1_17' title='bbox 507 427 669 469; x_wconf 86' lang='lat' dir='ltr'>fecerat</span> <span class='ocrx_word' id='word_1_18' title='bbox 687 427 975 474; x_wconf 85' lang='lat' dir='ltr'>accessiones;</span> <span class='ocrx_word' id='word_1_19' title='bbox 1009 426 1128 493; x_wconf 81' lang='lat' dir='ltr'>quod</span> <span class='ocrx_word' id='word_1_20' title='bbox 1147 427 1218 468; x_wconf 91' lang='lat' dir='ltr'>vel</span> <span class='ocrx_word' id='word_1_21' title='bbox 1237 442 1290 468; x_wconf 79' lang='lat' dir='ltr'>ex</span> <span class='ocrx_word' id='word_1_22' title='bbox 1318 427 1574 471; x_wconf 85' lang='lat' dir='ltr'>conscientia</span> <span class='ocrx_word' id='word_1_23' title='bbox 1604 445 1697 479; x_wconf 89' lang='lat' dir='ltr'>sua,</span> 
     </span>
     <span class='ocr_line' id='line_1_4' title="bbox 222 483 1698 553; baseline 0.003 -28"><span class='ocrx_word' id='word_1_24' title='bbox 222 483 376 551; x_wconf 80' lang='lat' dir='ltr'>(quum</span> <span class='ocrx_word' id='word_1_25' title='bbox 396 484 449 526; x_wconf 89' lang='lat' dir='ltr'>de</span> <span class='ocrx_word' id='word_1_26' title='bbox 471 501 514 527; x_wconf 92' lang='lat' dir='ltr'>se</span> <span class='ocrx_word' id='word_1_27' title='bbox 533 494 687 528; x_wconf 89' lang='lat' dir='ltr'>mutuo</span> <span class='ocrx_word' id='word_1_28' title='bbox 718 486 875 528; x_wconf 80' lang='lat' dir='ltr'>sentiie</span> <span class='ocrx_word' id='word_1_29' title='bbox 899 485 1165 553; x_wconf 64' lang='lat' dir='ltr'>provinciam</span> <span class='ocrx_word' id='word_1_30' title='bbox 1187 485 1420 538; x_wconf 81' lang='lat' dir='ltr'>01·ede1et‚)</span> <span class='ocrx_word' id='word_1_31' title='bbox 1450 487 1520 530; x_wconf 90' lang='lat' dir='ltr'>vel</span> <span class='ocrx_word' id='word_1_32' title='bbox 1546 487 1698 530; x_wconf 85' lang='lat' dir='ltr'>multis</span> 
     </span>
     <span class='ocr_line' id='line_1_5' title="bbox 217 542 1697 601; baseline 0.003 -18"><span class='ocrx_word' id='word_1_33' title='bbox 217 542 348 599; x_wconf 87' lang='lat' dir='ltr'>signis</span> <span class='ocrx_word' id='word_1_34' title='bbox 368 551 412 585; x_wconf 91' lang='lat' dir='ltr'>et</span> <span class='ocrx_word' id='word_1_35' title='bbox 434 543 685 586; x_wconf 84' lang='lat' dir='ltr'>testimoniis</span> <span class='ocrx_word' id='word_1_36' title='bbox 702 560 868 594; x_wconf 89' lang='lat' dir='ltr'>eorum,</span> <span class='ocrx_word' id='word_1_37' title='bbox 886 544 963 601; x_wconf 90' lang='lat' dir='ltr'>qui</span> <span class='ocrx_word' id='word_1_38' title='bbox 982 543 1219 599; x_wconf 87' lang='lat' dir='ltr'>difficulter</span> <span class='ocrx_word' id='word_1_39' title='bbox 1239 543 1338 586; x_wconf 91' lang='lat' dir='ltr'>odia</span> <span class='ocrx_word' id='word_1_40' title='bbox 1352 544 1697 597; x_wconf 81' lang='lat' dir='ltr'>dissimulabant,</span> 
     </span>
     <span class='ocr_line' id='line_1_6' title="bbox 214 601 1695 663; baseline 0.003 -20"><span class='ocrx_word' id='word_1_41' title='bbox 214 601 560 644; x_wconf 84' lang='lat' dir='ltr'>animadvertere</span> <span class='ocrx_word' id='word_1_42' title='bbox 604 610 815 659; x_wconf 89' lang='lat' dir='ltr'>poterat;</span> <span class='ocrx_word' id='word_1_43' title='bbox 867 611 911 645; x_wconf 84' lang='lat' dir='ltr'>et</span> <span class='ocrx_word' id='word_1_44' title='bbox 952 615 1231 661; x_wconf 86' lang='lat' dir='ltr'>compensare</span> <span class='ocrx_word' id='word_1_45' title='bbox 1271 602 1545 646; x_wconf 87' lang='lat' dir='ltr'>offensionem</span> <span class='ocrx_word' id='word_1_46' title='bbox 1591 620 1695 663; x_wconf 90' lang='lat' dir='ltr'>pro—</span> 
     </span>
     <span class='ocr_line' id='line_1_7' title="bbox 214 660 1697 719; baseline 0.003 -17"><span class='ocrx_word' id='word_1_47' title='bbox 214 660 366 702; x_wconf 78' lang='lat' dir='ltr'>vinciae</span> <span class='ocrx_word' id='word_1_48' title='bbox 391 661 603 702; x_wconf 84' lang='lat' dir='ltr'>exercitus</span> <span class='ocrx_word' id='word_1_49' title='bbox 633 676 780 702; x_wconf 88' lang='lat' dir='ltr'>amore</span> <span class='ocrx_word' id='word_1_50' title='bbox 798 661 1022 719; x_wconf 86' lang='lat' dir='ltr'>cupiebat.</span> <span class='ocrx_word' id='word_1_51' title='bbox 1083 660 1258 716; x_wconf 89' lang='lat' dir='ltr'>Itaque,</span> <span class='ocrx_word' id='word_1_52' title='bbox 1279 674 1417 716; x_wconf 89' lang='lat' dir='ltr'>quum</span> <span class='ocrx_word' id='word_1_53' title='bbox 1440 662 1630 718; x_wconf 90' lang='lat' dir='ltr'>primum</span> <span class='ocrx_word' id='word_1_54' title='bbox 1651 664 1697 706; x_wconf 91' lang='grc'>111</span> 
     </span>
     <span class='ocr_line' id='line_1_8' title="bbox 213 717 1698 769; baseline 0.002 -9"><span class='ocrx_word' id='word_1_55' title='bbox 213 734 346 760; x_wconf 92' lang='lat' dir='ltr'>unum</span> <span class='ocrx_word' id='word_1_56' title='bbox 368 717 510 759; x_wconf 90' lang='lat' dir='ltr'>locum</span> <span class='ocrx_word' id='word_1_57' title='bbox 535 718 775 761; x_wconf 79' lang='lat' dir='ltr'>exercitum</span> <span class='ocrx_word' id='word_1_58' title='bbox 800 720 1027 769; x_wconf 78' lang='lat' dir='ltr'>conduxit,</span> <span class='ocrx_word' id='word_1_59' title='bbox 1060 719 1141 761; x_wconf 86' lang='lat' dir='ltr'>HS</span> <span class='ocrx_word' id='word_1_60' title='bbox 1166 725 1368 760; x_wconf 89' lang='lat' dir='ltr'>centenos</span> <span class='ocrx_word' id='word_1_61' title='bbox 1387 720 1599 763; x_wconf 85' lang='lat' dir='ltr'>militibus</span> <span class='ocrx_word' id='word_1_62' title='bbox 1629 730 1698 767; x_wconf 80' lang='lat' dir='ltr'>est</span> 
     </span>
     <span class='ocr_line' id='line_1_9' title="bbox 211 776 1694 836; baseline 0.003 -19"><span class='ocrx_word' id='word_1_63' title='bbox 211 776 458 834; x_wconf 84' lang='lat' dir='ltr'>pollicitus:</span> <span class='ocrx_word' id='word_1_64' title='bbox 494 792 572 818; x_wconf 90' lang='lat' dir='ltr'>nec</span> <span class='ocrx_word' id='word_1_65' title='bbox 591 776 732 819; x_wconf 87' lang='lat' dir='ltr'>multo</span> <span class='ocrx_word' id='word_1_66' title='bbox 753 786 867 834; x_wconf 87' lang='lat' dir='ltr'>post,</span> <span class='ocrx_word' id='word_1_67' title='bbox 897 793 1033 834; x_wconf 88' lang='lat' dir='ltr'>quum</span> <span class='ocrx_word' id='word_1_68' title='bbox 1061 777 1105 820; x_wconf 91' lang='lat' dir='ltr'>in</span> <span class='ocrx_word' id='word_1_69' title='bbox 1126 776 1348 818; x_wconf 84' lang='lat' dir='ltr'>Lusitania</span> <span class='ocrx_word' id='word_1_70' title='bbox 1372 777 1694 836; x_wconf 86' lang='lat' dir='ltr'>Medobregam</span> 
     </span>
     <span class='ocr_line' id='line_1_10' title="bbox 209 834 1692 894; baseline 0.003 -18"><span class='ocrx_word' id='word_1_71' title='bbox 209 834 421 892; x_wconf 90' lang='lat' dir='ltr'>oppidum</span> <span class='ocrx_word' id='word_1_72' title='bbox 457 843 736 893; x_wconf 87' lang='lat' dir='ltr'>montemque</span> <span class='ocrx_word' id='word_1_73' title='bbox 778 835 1052 879; x_wconf 80' lang='lat' dir='ltr'>Herminium</span> <span class='ocrx_word' id='word_1_74' title='bbox 1082 843 1387 894; x_wconf 81' lang='lat' dir='ltr'>expugnasset,</span> <span class='ocrx_word' id='word_1_75' title='bbox 1420 852 1510 894; x_wconf 92' lang='lat' dir='ltr'>quo</span> <span class='ocrx_word' id='word_1_76' title='bbox 1534 837 1692 880; x_wconf 90' lang='lat' dir='ltr'>Medo-</span> 
     </span>
     <span class='ocr_line' id='line_1_11' title="bbox 210 893 1692 953; baseline 0.002 -18"><span class='ocrx_word' id='word_1_77' title='bbox 210 893 441 952; x_wconf 87' lang='lat' dir='ltr'>bregenses</span> <span class='ocrx_word' id='word_1_78' title='bbox 477 894 783 951; x_wconf 87' lang='lat' dir='ltr'>confuger,ant</span> <span class='ocrx_word' id='word_1_79' title='bbox 822 894 969 951; x_wconf 85' lang='lat' dir='ltr'>ibique</span> <span class='ocrx_word' id='word_1_80' title='bbox 1006 894 1253 952; x_wconf 79' lang='lat' dir='ltr'>Impeiator</span> <span class='ocrx_word' id='word_1_81' title='bbox 1283 902 1391 936; x_wconf 89' lang='lat' dir='ltr'>esset</span> <span class='ocrx_word' id='word_1_82' title='bbox 1426 894 1692 953; x_wconf 86' lang='lat' dir='ltr'>adpellatus‚</span> 
     </span>
     <span class='ocr_line' id='line_1_12' title="bbox 212 931 1692 1013; baseline 0.003 -19"><span class='ocrx_word' id='word_1_83' title='bbox 212 931 319 994; x_wconf 69' lang='lat' dir='ltr'>HSo</span> <span class='ocrx_word' id='word_1_84' title='bbox 333 953 520 994; x_wconf 87' lang='lat' dir='ltr'>centenis</span> <span class='ocrx_word' id='word_1_85' title='bbox 558 953 714 995; x_wconf 84' lang='lat' dir='ltr'>milites</span> <span class='ocrx_word' id='word_1_86' title='bbox 751 953 943 996; x_wconf 86' lang='lat' dir='ltr'>donavit.</span> <span class='ocrx_word' id='word_1_87' title='bbox 1019 953 1168 995; x_wconf 84' lang='lat' dir='ltr'>Multa</span> <span class='ocrx_word' id='word_1_88' title='bbox 1207 961 1417 1010; x_wconf 81' lang='lat' dir='ltr'>praeterea</span> <span class='ocrx_word' id='word_1_89' title='bbox 1453 962 1498 996; x_wconf 90' lang='lat' dir='ltr'>et</span> <span class='ocrx_word' id='word_1_90' title='bbox 1533 969 1692 1013; x_wconf 85' lang='lat' dir='ltr'>magna</span> 
     </span>
     <span class='ocr_line' id='line_1_13' title="bbox 208 1011 1692 1078; baseline 0.002 -25"><span class='ocrx_word' id='word_1_91' title='bbox 208 1011 384 1068; x_wconf 84' lang='lat' dir='ltr'>praemia</span> <span class='ocrx_word' id='word_1_92' title='bbox 406 1011 585 1070; x_wconf 87' lang='lat' dir='ltr'>singulis</span> <span class='ocrx_word' id='word_1_93' title='bbox 605 1011 886 1063; x_wconf 86' lang='lat' dir='ltr'>concedebat,</span> <span class='ocrx_word' id='word_1_94' title='bbox 916 1028 1013 1071; x_wconf 83' lang='lat' dir='ltr'>quae</span> <span class='ocrx_word' id='word_1_95' title='bbox 1033 1011 1272 1078; x_wconf 87' lang='lat' dir='ltr'>speciosum</span> <span class='ocrx_word' id='word_1_96' title='bbox 1303 1011 1550 1055; x_wconf 84' lang='lat' dir='ltr'>reddebant</span> <span class='ocrx_word' id='word_1_97' title='bbox 1581 1029 1692 1071; x_wconf 82' lang='lat' dir='ltr'>prae-</span> 
     </span>
     <span class='ocr_line' id='line_1_14' title="bbox 206 1070 1692 1130; baseline 0.003 -19"><span class='ocrx_word' id='word_1_98' title='bbox 206 1079 370 1112; x_wconf 89' lang='lat' dir='ltr'>sentem</span> <span class='ocrx_word' id='word_1_99' title='bbox 404 1072 618 1113; x_wconf 80' lang='lat' dir='ltr'>exercitus</span> <span class='ocrx_word' id='word_1_100' title='bbox 653 1086 870 1119; x_wconf 78' lang='lat' dir='ltr'>amorem3</span> <span class='ocrx_word' id='word_1_101' title='bbox 903 1070 1136 1130; x_wconf 83' lang='lat' dir='ltr'>paullatim</span> <span class='ocrx_word' id='word_1_102' title='bbox 1163 1079 1308 1114; x_wconf 88' lang='lat' dir='ltr'>tamen</span> <span class='ocrx_word' id='word_1_103' title='bbox 1327 1079 1371 1114; x_wconf 90' lang='lat' dir='ltr'>et</span> <span class='ocrx_word' id='word_1_104' title='bbox 1392 1071 1561 1114; x_wconf 87' lang='lat' dir='ltr'>occulte</span> <span class='ocrx_word' id='word_1_105' title='bbox 1581 1072 1692 1115; x_wconf 89' lang='lat' dir='ltr'>mili-</span> 
     </span>
     <span class='ocr_line' id='line_1_15' title="bbox 206 1129 1297 1197; baseline 0 -26"><span class='ocrx_word' id='word_1_106' title='bbox 206 1137 277 1171; x_wconf 87' lang='lat' dir='ltr'>tar</span> <span class='ocrx_word' id='word_1_107' title='bbox 279 1145 344 1171; x_wconf 92' lang='lat' dir='ltr'>em</span> <span class='ocrx_word' id='word_1_108' title='bbox 362 1129 633 1188; x_wconf 83' lang='lat' dir='ltr'>disciplinam</span> <span class='ocrx_word' id='word_1_109' title='bbox 654 1130 1014 1197; x_wconf 79' lang='lat' dir='ltr'>seveiitatemque</span> <span class='ocrx_word' id='word_1_110' title='bbox 1030 1130 1297 1172; x_wconf 89' lang='lat' dir='ltr'>minuebant.</span> 
     </span>
    </p>

    <p class='ocr_par' dir='ltr' id='par_1_3' title="bbox 199 1187 1691 2012">
     <span class='ocr_line' id='line_1_16' title="bbox 264 1187 1689 1256; baseline 0.003 -26"><span class='ocrx_word' id='word_1_111' title='bbox 264 1188 335 1230; x_wconf 82' lang='lat'>49.</span> <span class='ocrx_word' id='word_1_112' title='bbox 373 1188 561 1237; x_wconf 85' lang='lat' dir='ltr'>Cassius,</span> <span class='ocrx_word' id='word_1_113' title='bbox 597 1189 846 1256; x_wconf 82' lang='lat' dir='ltr'>legionibus</span> <span class='ocrx_word' id='word_1_114' title='bbox 871 1189 914 1231; x_wconf 91' lang='lat' dir='ltr'>in</span> <span class='ocrx_word' id='word_1_115' title='bbox 936 1189 1118 1232; x_wconf 87' lang='lat' dir='ltr'>hiberna</span> <span class='ocrx_word' id='word_1_116' title='bbox 1138 1188 1369 1247; x_wconf 86' lang='lat' dir='ltr'>dispositis,</span> <span class='ocrx_word' id='word_1_117' title='bbox 1389 1187 1473 1231; x_wconf 87' lang='lat' dir='ltr'>ad</span> <span class='ocrx_word' id='word_1_118' title='bbox 1458 1205 1526 1247; x_wconf 77' lang='lat' dir='ltr'>Jus</span> <span class='ocrx_word' id='word_1_119' title='bbox 1546 1188 1689 1234; x_wconf 83' lang='lat' dir='ltr'>dicen-</span> 
     </span>
     <span class='ocr_line' id='line_1_17' title="bbox 207 1245 1691 1306; baseline 0.003 -18"><span class='ocrx_word' id='word_1_120' title='bbox 207 1245 313 1289; x_wconf 91' lang='lat' dir='ltr'>dum</span> <span class='ocrx_word' id='word_1_121' title='bbox 343 1247 597 1290; x_wconf 82' lang='lat' dir='ltr'>Cordubam</span> <span class='ocrx_word' id='word_1_122' title='bbox 624 1264 667 1289; x_wconf 88' lang='lat' dir='ltr'>se</span> <span class='ocrx_word' id='word_1_123' title='bbox 705 1248 887 1306; x_wconf 90' lang='lat' dir='ltr'>recepit,</span> <span class='ocrx_word' id='word_1_124' title='bbox 919 1257 1043 1291; x_wconf 81' lang='lat' dir='ltr'>conti</span> <span class='ocrx_word' id='word_1_125' title='bbox 1046 1257 1276 1304; x_wconf 79' lang='lat' dir='ltr'>actumque</span> <span class='ocrx_word' id='word_1_126' title='bbox 1296 1248 1339 1290; x_wconf 92' lang='lat' dir='ltr'>in</span> <span class='ocrx_word' id='word_1_127' title='bbox 1360 1263 1408 1290; x_wconf 89' lang='lat' dir='ltr'>ea</span> <span class='ocrx_word' id='word_1_128' title='bbox 1429 1263 1483 1291; x_wconf 85' lang='lat' dir='ltr'>aes</span> <span class='ocrx_word' id='word_1_129' title='bbox 1504 1248 1691 1293; x_wconf 90' lang='lat' dir='ltr'>alienum</span> 
     </span>
     <span class='ocr_line' id='line_1_18' title="bbox 206 1305 1691 1364; baseline 0.003 -17"><span class='ocrx_word' id='word_1_130' title='bbox 206 1305 466 1362; x_wconf 87' lang='lat' dir='ltr'>gravissimis</span> <span class='ocrx_word' id='word_1_131' title='bbox 503 1306 707 1349; x_wconf 89' lang='lat' dir='ltr'>oneribus</span> <span class='ocrx_word' id='word_1_132' title='bbox 740 1307 971 1364; x_wconf 82' lang='lat' dir='ltr'>provinciae</span> <span class='ocrx_word' id='word_1_133' title='bbox 1005 1307 1228 1349; x_wconf 88' lang='lat' dir='ltr'>constituit</span> <span class='ocrx_word' id='word_1_134' title='bbox 1264 1307 1501 1357; x_wconf 78' lang='lat' dir='ltr'>exsolvere,</span> <span class='ocrx_word' id='word_1_135' title='bbox 1544 1315 1604 1358; x_wconf 88' lang='lat' dir='ltr'>et,</span> <span class='ocrx_word' id='word_1_136' title='bbox 1637 1316 1691 1352; x_wconf 89' lang='lat' dir='ltr'>ut</span> 
     </span>
     <span class='ocr_line' id='line_1_19' title="bbox 206 1364 1690 1424; baseline 0.002 -18"><span class='ocrx_word' id='word_1_137' title='bbox 206 1364 447 1421; x_wconf 83' lang='lat' dir='ltr'>largitionis</span> <span class='ocrx_word' id='word_1_138' title='bbox 498 1365 694 1422; x_wconf 90' lang='lat' dir='ltr'>postulat</span> <span class='ocrx_word' id='word_1_139' title='bbox 731 1365 1016 1415; x_wconf 78' lang='lat' dir='ltr'>consuetudo,</span> <span class='ocrx_word' id='word_1_140' title='bbox 1061 1382 1139 1424; x_wconf 88' lang='lat' dir='ltr'>per</span> <span class='ocrx_word' id='word_1_141' title='bbox 1179 1381 1371 1408; x_wconf 84' lang='lat' dir='ltr'>caussam</span> <span class='ocrx_word' id='word_1_142' title='bbox 1409 1365 1690 1410; x_wconf 84' lang='lat' dir='ltr'>liberalitatis</span> 
     </span>
     <span class='ocr_line' id='line_1_20' title="bbox 202 1423 1690 1491; baseline 0.005 -29"><span class='ocrx_word' id='word_1_143' title='bbox 202 1423 437 1482; x_wconf 82' lang='lat' dir='ltr'>speciosam</span> <span class='ocrx_word' id='word_1_144' title='bbox 459 1423 588 1481; x_wconf 87' lang='lat' dir='ltr'>plura</span> <span class='ocrx_word' id='word_1_145' title='bbox 610 1423 811 1481; x_wconf 80' lang='lat' dir='ltr'>ialgitori</span> <span class='ocrx_word' id='word_1_146' title='bbox 838 1425 1162 1482; x_wconf 82' lang='lat' dir='ltr'>quaerebantui,</span> <span class='ocrx_word' id='word_1_147' title='bbox 1182 1424 1374 1482; x_wconf 80' lang='lat' dir='ltr'>pecuniae</span> <span class='ocrx_word' id='word_1_148' title='bbox 1395 1424 1690 1491; x_wconf 86' lang='lat' dir='ltr'>locupletibus</span> 
     </span>
     <span class='ocr_line' id='line_1_21' title="bbox 203 1482 1687 1541; baseline 0.001 -17"><span class='ocrx_word' id='word_1_149' title='bbox 203 1482 566 1540; x_wconf 81' lang='lat' dir='ltr'>i1nper·;abantu1</span> <span class='ocrx_word' id='word_1_150' title='bbox 602 1498 707 1540; x_wconf 88' lang='lat' dir='ltr'>quas</span> <span class='ocrx_word' id='word_1_151' title='bbox 742 1482 963 1541; x_wconf 83' lang='lat' dir='ltr'>Longinus</span> <span class='ocrx_word' id='word_1_152' title='bbox 995 1483 1076 1525; x_wconf 92' lang='lat' dir='ltr'>sibi</span> <span class='ocrx_word' id='word_1_153' title='bbox 1113 1499 1320 1541; x_wconf 80' lang='lat' dir='ltr'>expensas</span> <span class='ocrx_word' id='word_1_154' title='bbox 1356 1482 1462 1525; x_wconf 87' lang='lat' dir='ltr'>ferri</span> <span class='ocrx_word' id='word_1_155' title='bbox 1486 1498 1571 1525; x_wconf 91' lang='lat' dir='ltr'>non</span> <span class='ocrx_word' id='word_1_156' title='bbox 1592 1492 1687 1526; x_wconf 80' lang='lat' dir='ltr'>tan-</span> 
     </span>
     <span class='ocr_line' id='line_1_22' title="bbox 204 1540 1689 1599; baseline 0.001 -16"><span class='ocrx_word' id='word_1_157' title='bbox 204 1550 299 1583; x_wconf 89' lang='lat' dir='ltr'>tum</span> <span class='ocrx_word' id='word_1_158' title='bbox 322 1541 586 1599; x_wconf 88' lang='lat' dir='ltr'>patiebatur,</span> <span class='ocrx_word' id='word_1_159' title='bbox 615 1540 689 1583; x_wconf 88' lang='lat' dir='ltr'>sed</span> <span class='ocrx_word' id='word_1_160' title='bbox 713 1541 843 1584; x_wconf 89' lang='lat' dir='ltr'>etiam</span> <span class='ocrx_word' id='word_1_161' title='bbox 864 1542 1064 1599; x_wconf 87' lang='lat' dir='ltr'>cogebat.</span> <span class='ocrx_word' id='word_1_162' title='bbox 1128 1541 1179 1584; x_wconf 92' lang='lat' dir='ltr'>In</span> <span class='ocrx_word' id='word_1_163' title='bbox 1200 1557 1378 1599; x_wconf 82' lang='lat' dir='ltr'>gregem</span> <span class='ocrx_word' id='word_1_164' title='bbox 1400 1541 1689 1598; x_wconf 88' lang='lat' dir='ltr'>locupletium</span> 
     </span>
     <span class='ocr_line' id='line_1_23' title="bbox 203 1599 1686 1666; baseline 0.001 -23"><span class='ocrx_word' id='word_1_165' title='bbox 203 1600 473 1644; x_wconf 86' lang='lat' dir='ltr'>simultatum</span> <span class='ocrx_word' id='word_1_166' title='bbox 495 1615 651 1642; x_wconf 76' lang='lat' dir='ltr'>caussae</span> <span class='ocrx_word' id='word_1_167' title='bbox 681 1608 829 1643; x_wconf 93' lang='lat' dir='ltr'>tenues</span> <span class='ocrx_word' id='word_1_168' title='bbox 853 1600 1210 1658; x_wconf 83' lang='lat' dir='ltr'>conjiciebantur,</span> <span class='ocrx_word' id='word_1_169' title='bbox 1224 1615 1373 1666; x_wconf 90' lang='lat' dir='ltr'>neque</span> <span class='ocrx_word' id='word_1_170' title='bbox 1391 1599 1531 1641; x_wconf 89' lang='lat' dir='ltr'>ullum</span> <span class='ocrx_word' id='word_1_171' title='bbox 1549 1615 1686 1657; x_wconf 88' lang='lat' dir='ltr'>genus</span> 
     </span>
     <span class='ocr_line' id='line_1_24' title="bbox 204 1657 1686 1725; baseline 0.001 -25"><span class='ocrx_word' id='word_1_172' title='bbox 204 1667 408 1716; x_wconf 78' lang='lat' dir='ltr'>quaestus,</span> <span class='ocrx_word' id='word_1_173' title='bbox 426 1667 502 1701; x_wconf 89' lang='lat' dir='ltr'>aut</span> <span class='ocrx_word' id='word_1_174' title='bbox 517 1658 659 1717; x_wconf 87' lang='lat' dir='ltr'>magni</span> <span class='ocrx_word' id='word_1_175' title='bbox 673 1667 718 1701; x_wconf 89' lang='lat' dir='ltr'>et</span> <span class='ocrx_word' id='word_1_176' title='bbox 734 1658 960 1708; x_wconf 89' lang='lat' dir='ltr'>evidentis,</span> <span class='ocrx_word' id='word_1_177' title='bbox 980 1667 1057 1700; x_wconf 87' lang='lat' dir='ltr'>aut</span> <span class='ocrx_word' id='word_1_178' title='bbox 1071 1659 1236 1701; x_wconf 77' lang='lat' dir='ltr'>minimi</span> <span class='ocrx_word' id='word_1_179' title='bbox 1252 1666 1295 1700; x_wconf 87' lang='lat' dir='ltr'>et</span> <span class='ocrx_word' id='word_1_180' title='bbox 1311 1657 1489 1725; x_wconf 70' lang='lat' dir='ltr'>sordidi,</span> <span class='ocrx_word' id='word_1_181' title='bbox 1505 1674 1558 1716; x_wconf 86' lang='lat' dir='ltr'>pr</span> <span class='ocrx_word' id='word_1_182' title='bbox 1561 1667 1686 1702; x_wconf 81' lang='lat' dir='ltr'>aeter-</span> 
     </span>
     <span class='ocr_line' id='line_1_25' title="bbox 201 1716 1682 1776; baseline 0.001 -16"><span class='ocrx_word' id='word_1_183' title='bbox 201 1718 472 1768; x_wconf 88' lang='lat' dir='ltr'>mittebatur,</span> <span class='ocrx_word' id='word_1_184' title='bbox 521 1733 608 1775; x_wconf 92' lang='lat' dir='ltr'>quo</span> <span class='ocrx_word' id='word_1_185' title='bbox 652 1717 804 1760; x_wconf 86' lang='lat' dir='ltr'>domus</span> <span class='ocrx_word' id='word_1_186' title='bbox 843 1726 886 1760; x_wconf 90' lang='lat' dir='ltr'>et</span> <span class='ocrx_word' id='word_1_187' title='bbox 928 1717 1125 1761; x_wconf 79' lang='lat' dir='ltr'>tlibunal</span> <span class='ocrx_word' id='word_1_188' title='bbox 1166 1716 1450 1776; x_wconf 89' lang='lat' dir='ltr'>Imperatoris</span> <span class='ocrx_word' id='word_1_189' title='bbox 1494 1726 1682 1761; x_wconf 86' lang='lat' dir='ltr'>vacaret.</span> 
     </span>
     <span class='ocr_line' id='line_1_26' title="bbox 204 1776 1684 1844; baseline 0.001 -25"><span class='ocrx_word' id='word_1_190' title='bbox 204 1777 344 1820; x_wconf 89' lang='lat' dir='ltr'>Nemo</span> <span class='ocrx_word' id='word_1_191' title='bbox 364 1785 473 1826; x_wconf 84' lang='lat' dir='ltr'>erat,</span> <span class='ocrx_word' id='word_1_192' title='bbox 499 1776 719 1834; x_wconf 89' lang='lat' dir='ltr'>quimodo</span> <span class='ocrx_word' id='word_1_193' title='bbox 740 1777 934 1834; x_wconf 88' lang='lat' dir='ltr'>aliquam</span> <span class='ocrx_word' id='word_1_194' title='bbox 962 1777 1179 1835; x_wconf 82' lang='lat' dir='ltr'>jacturam</span> <span class='ocrx_word' id='word_1_195' title='bbox 1213 1776 1355 1819; x_wconf 88' lang='lat' dir='ltr'>facere</span> <span class='ocrx_word' id='word_1_196' title='bbox 1384 1783 1544 1834; x_wconf 90' lang='lat' dir='ltr'>posset,</span> <span class='ocrx_word' id='word_1_197' title='bbox 1577 1777 1684 1844; x_wconf 91' lang='lat' dir='ltr'>quin</span> 
     </span>
     <span class='ocr_line' id='line_1_27' title="bbox 199 1834 1683 1886; baseline 0.002 -9"><span class='ocrx_word' id='word_1_198' title='bbox 199 1843 277 1878; x_wconf 90' lang='lat' dir='ltr'>aut</span> <span class='ocrx_word' id='word_1_199' title='bbox 298 1835 546 1878; x_wconf 88' lang='lat' dir='ltr'>vadimonio</span> <span class='ocrx_word' id='word_1_200' title='bbox 567 1844 808 1886; x_wconf 84' lang='lat' dir='ltr'>teneretur,</span> <span class='ocrx_word' id='word_1_201' title='bbox 841 1843 918 1878; x_wconf 89' lang='lat' dir='ltr'>aut</span> <span class='ocrx_word' id='word_1_202' title='bbox 938 1836 981 1878; x_wconf 90' lang='lat' dir='ltr'>in</span> <span class='ocrx_word' id='word_1_203' title='bbox 1003 1852 1098 1879; x_wconf 89' lang='lat' dir='ltr'>reos</span> <span class='ocrx_word' id='word_1_204' title='bbox 1129 1836 1383 1880; x_wconf 86' lang='lat' dir='ltr'>refe1··.retu1</span> <span class='ocrx_word' id='word_1_205' title='bbox 1447 1834 1517 1877; x_wconf 88' lang='lat' dir='ltr'>Ita.</span> <span class='ocrx_word' id='word_1_206' title='bbox 1549 1837 1683 1880; x_wconf 89' lang='lat' dir='ltr'>etiam</span> 
     </span>
     <span class='ocr_line' id='line_1_28' title="bbox 199 1893 1683 1962; baseline 0.001 -25"><span class='ocrx_word' id='word_1_207' title='bbox 199 1910 357 1962; x_wconf 85' lang='lat' dir='ltr'>magna</span> <span class='ocrx_word' id='word_1_208' title='bbox 377 1894 623 1938; x_wconf 89' lang='lat' dir='ltr'>sollicitudo</span> <span class='ocrx_word' id='word_1_209' title='bbox 646 1895 939 1953; x_wconf 89' lang='lat' dir='ltr'>periculorum</span> <span class='ocrx_word' id='word_1_210' title='bbox 960 1896 1016 1940; x_wconf 88' lang='lat' dir='ltr'>ad</span> <span class='ocrx_word' id='word_1_211' title='bbox 1032 1896 1226 1954; x_wconf 68' lang='lat' dir='ltr'>jacturas</span> <span class='ocrx_word' id='word_1_212' title='bbox 1253 1902 1299 1937; x_wconf 92' lang='lat' dir='ltr'>et</span> <span class='ocrx_word' id='word_1_213' title='bbox 1325 1893 1586 1938; x_wconf 88' lang='lat' dir='ltr'>detrimenta</span> <span class='ocrx_word' id='word_1_214' title='bbox 1616 1895 1683 1938; x_wconf 86' lang='lat' dir='ltr'>rei</span> 
     </span>
     <span class='ocr_line' id='line_1_29' title="bbox 200 1953 786 2020; baseline 0 -24"><span class='ocrx_word' id='word_1_215' title='bbox 200 1953 399 1996; x_wconf 86' lang='lat' dir='ltr'>familiar</span> <span class='ocrx_word' id='word_1_216' title='bbox 389 1970 421 1995; x_wconf 89' lang='grc'>15</span> <span class='ocrx_word' id='word_1_217' title='bbox 442 1954 786 2020; x_wconf 84' lang='lat' dir='ltr'>adjungebatur</span> 
     </span>
    </p>

    <p class='ocr_par' dir='ltr' id='par_1_4' title="bbox 259 2012 1681 2072">
     <span class='ocr_line' id='line_1_30' title="bbox 259 2012 1681 2072; baseline 0.004 -18"><span class='ocrx_word' id='word_1_218' title='bbox 259 2012 328 2055; x_wconf 84' lang='lat'>50.</span> <span class='ocrx_word' id='word_1_219' title='bbox 367 2012 536 2062; x_wconf 89' lang='lat' dir='ltr'>Quibus</span> <span class='ocrx_word' id='word_1_220' title='bbox 567 2013 621 2055; x_wconf 88' lang='lat' dir='ltr'>de</span> <span class='ocrx_word' id='word_1_221' title='bbox 653 2013 810 2057; x_wconf 86' lang='lat' dir='ltr'>caussis</span> <span class='ocrx_word' id='word_1_222' title='bbox 844 2014 1019 2065; x_wconf 86' lang='lat' dir='ltr'>accidit,</span> <span class='ocrx_word' id='word_1_223' title='bbox 1060 2022 1125 2065; x_wconf 86' lang='lat' dir='ltr'>ut,</span> <span class='ocrx_word' id='word_1_224' title='bbox 1165 2029 1313 2072; x_wconf 81' lang='lat' dir='ltr'>quum·</span> <span class='ocrx_word' id='word_1_225' title='bbox 1341 2012 1564 2071; x_wconf 82' lang='lat' dir='ltr'>Longinus</span> <span class='ocrx_word' id='word_1_226' title='bbox 1596 2012 1681 2059; x_wconf 87' lang='lat' dir='ltr'>Im·</span> 
     </span>
    </p>
   </div>
   <div class='ocr_carea' id='block_1_3' title="bbox 187 2151 904 2988">
    <p class='ocr_par' dir='ltr' id='par_1_5' title="bbox 197 2151 904 2281">
     <span class='ocr_line' id='line_1_31' title="bbox 247 2151 904 2194; baseline 0.005 -12"><span class='ocrx_word' id='word_1_227' title='bbox 247 2151 323 2182; x_wconf 74' lang='grc' dir='ltr'>0ιῖἱὶ</span> <span class='ocrx_word' id='word_1_228' title='bbox 352 2154 406 2184; x_wconf 75' lang='lat' dir='ltr'>sui</span> <span class='ocrx_word' id='word_1_229' title='bbox 434 2151 484 2191; x_wconf 90' lang='lat' dir='ltr'>(in</span> <span class='ocrx_word' id='word_1_230' title='bbox 512 2162 581 2193; x_wconf 87' lang='lat' dir='ltr'>quo</span> <span class='ocrx_word' id='word_1_231' title='bbox 611 2151 684 2194; x_wconf 85' lang='lat' dir='ltr'>ipse</span> <span class='ocrx_word' id='word_1_232' title='bbox 716 2158 785 2184; x_wconf 87' lang='lat' dir='ltr'>erat</span> <span class='ocrx_word' id='word_1_233' title='bbox 811 2154 904 2194; x_wconf 86' lang='lat' dir='ltr'>apud</span> 
     </span>
     <span class='ocr_line' id='line_1_32' title="bbox 197 2195 902 2236; baseline 0.004 -10"><span class='ocrx_word' id='word_1_234' title='bbox 197 2195 300 2234; x_wconf 85' lang='lat' dir='ltr'>alios)</span> <span class='ocrx_word' id='word_1_235' title='bbox 319 2195 445 2236; x_wconf 75' lang='lat' dir='ltr'>fecerat</span> <span class='ocrx_word' id='word_1_236' title='bbox 471 2207 588 2228; x_wconf 66' lang='grc'><strong>1100055.</strong></span> <span class='ocrx_word' id='word_1_237' title='bbox 617 2202 759 2228; x_wconf 83' lang='lat' dir='ltr'>auxerat</span> <span class='ocrx_word' id='word_1_238' title='bbox 783 2198 902 2229; x_wconf 86' lang='lat' dir='ltr'>odium</span> 
     </span>
     <span class='ocr_line' id='line_1_33' title="bbox 198 2239 662 2281; baseline 0 -10"><span class='ocrx_word' id='word_1_239' title='bbox 198 2239 429 2281; x_wconf 85' lang='lat' dir='ltr'>Hispanorum</span> <span class='ocrx_word' id='word_1_240' title='bbox 446 2251 525 2281; x_wconf 84' lang='lat' dir='ltr'>erga</span> <span class='ocrx_word' id='word_1_241' title='bbox 541 2251 587 2272; x_wconf 83' lang='lat' dir='ltr'>se.</span> <span class='ocrx_word' id='word_1_242' title='bbox 612 2241 662 2271; x_wconf 84' lang='lat' dir='ltr'>M.</span> 
     </span>
    </p>

    <p class='ocr_par' dir='ltr' id='par_1_6' title="bbox 197 2284 904 2369">
     <span class='ocr_line' id='line_1_34' title="bbox 241 2284 904 2326; baseline 0.002 -11"><span class='ocrx_word' id='word_1_243' title='bbox 241 2285 364 2315; x_wconf 63' lang='lat' dir='ltr'>liliano</span> <span class='ocrx_word' id='word_1_244' title='bbox 393 2287 526 2316; x_wconf 78' lang='lat' dir='ltr'>sentire.</span> <span class='ocrx_word' id='word_1_245' title='bbox 569 2285 614 2316; x_wconf 89' lang='lat' dir='ltr'>Ut</span> <span class='ocrx_word' id='word_1_246' title='bbox 637 2284 712 2326; x_wconf 86' lang='lat' dir='ltr'>ipse</span> <span class='ocrx_word' id='word_1_247' title='bbox 735 2285 807 2316; x_wconf 89' lang='lat' dir='ltr'>odit</span> <span class='ocrx_word' id='word_1_248' title='bbox 822 2285 904 2317; x_wconf 90' lang='lat' dir='ltr'>His-</span> 
     </span>
     <span class='ocr_line' id='line_1_35' title="bbox 197 2328 899 2369; baseline 0.004 -11"><span class='ocrx_word' id='word_1_249' title='bbox 197 2338 318 2369; x_wconf 88' lang='lat' dir='ltr'>panos,</span> <span class='ocrx_word' id='word_1_250' title='bbox 340 2328 389 2359; x_wconf 89' lang='lat' dir='ltr'>sic</span> <span class='ocrx_word' id='word_1_251' title='bbox 415 2328 449 2359; x_wconf 91' lang='lat' dir='ltr'>vi</span> <span class='ocrx_word' id='word_1_252' title='bbox 476 2328 628 2361; x_wconf 84' lang='lat' dir='ltr'>vicissim</span> <span class='ocrx_word' id='word_1_253' title='bbox 651 2339 730 2360; x_wconf 92' lang='lat' dir='ltr'>eum</span> <span class='ocrx_word' id='word_1_254' title='bbox 746 2330 899 2361; x_wconf 84' lang='lat' dir='ltr'>oderunt·</span> 
     </span>
    </p>

    <p class='ocr_par' dir='ltr' id='par_1_7' title="bbox 194 2417 899 2547">
     <span class='ocr_line' id='line_1_36' title="bbox 243 2417 899 2460; baseline 0.005 -13"><span class='ocrx_word' id='word_1_255' title='bbox 243 2417 360 2448; x_wconf 71' lang='lat' dir='ltr'>llIzcltis</span> <span class='ocrx_word' id='word_1_256' title='bbox 381 2418 494 2457; x_wconf 62' lang='lat' dir='ltr'>siquis.</span> <span class='ocrx_word' id='word_1_257' title='bbox 527 2417 595 2449; x_wconf 88' lang='lat' dir='ltr'>Alii</span> <span class='ocrx_word' id='word_1_258' title='bbox 611 2420 747 2457; x_wconf 74' lang='lat' dir='ltr'>mutuis,</span> <span class='ocrx_word' id='word_1_259' title='bbox 761 2418 899 2460; x_wconf 88' lang='lat' dir='ltr'>quidam</span> 
     </span>
     <span class='ocr_line' id='line_1_37' title="bbox 195 2461 899 2502; baseline 0.003 -10"><span class='ocrx_word' id='word_1_260' title='bbox 195 2463 309 2499; x_wconf 73' lang='lat' dir='ltr'>mutis,</span> <span class='ocrx_word' id='word_1_261' title='bbox 346 2461 438 2501; x_wconf 87' lang='lat' dir='ltr'>quod</span> <span class='ocrx_word' id='word_1_262' title='bbox 474 2462 595 2502; x_wconf 90' lang='lat' dir='ltr'>probat</span> <span class='ocrx_word' id='word_1_263' title='bbox 625 2462 715 2494; x_wconf 90' lang='lat' dir='ltr'>Oud.</span> <span class='ocrx_word' id='word_1_264' title='bbox 746 2468 783 2494; x_wconf 91' lang='lat' dir='ltr'>ut</span> <span class='ocrx_word' id='word_1_265' title='bbox 812 2463 899 2496; x_wconf 83' lang='lat' dir='ltr'>alibi</span> 
     </span>
     <span class='ocr_line' id='line_1_38' title="bbox 194 2509 696 2548; baseline 0.002 -12"><span class='ocrx_word' id='word_1_266' title='bbox 194 2510 290 2537; x_wconf 73' lang='lat' dir='ltr'>mura</span> <span class='ocrx_word' id='word_1_267' title='bbox 305 2515 343 2535; x_wconf 66' lang='lat'>515</span> <span class='ocrx_word' id='word_1_268' title='bbox 346 2507 462 2546; x_wconf 74' lang='lat' dir='ltr'>spiria,</span> <span class='ocrx_word' id='word_1_269' title='bbox 477 2509 562 2538; x_wconf 80' lang='lat' dir='ltr'>muti</span> <span class='ocrx_word' id='word_1_270' title='bbox 577 2511 696 2548; x_wconf 77' lang='lat' dir='ltr'>qestus.</span> 
     </span>
    </p>

    <p class='ocr_par' dir='ltr' id='par_1_8' title="bbox 239 2550 876 2592">
     <span class='ocr_line' id='line_1_39' title="bbox 239 2550 876 2592; baseline 0.008 -13"><span class='ocrx_word' id='word_1_271' title='bbox 239 2550 522 2580; x_wconf 61' lang='lat' dir='ltr'>Dissimulabant.</span> <span class='ocrx_word' id='word_1_272' title='bbox 540 2551 876 2592; x_wconf 61' lang='lat' dir='ltr'>vulgode‘ssimulant.</span> 
     </span>
    </p>

    <p class='ocr_par' dir='ltr' id='par_1_9' title="bbox 187 2592 898 2845">
     <span class='ocr_line' id='line_1_40' title="bbox 242 2592 898 2632; baseline 0.005 -9"><span class='ocrx_word' id='word_1_273' title='bbox 242 2594 308 2624; x_wconf 86' lang='lat' dir='ltr'>HS</span> <span class='ocrx_word' id='word_1_274' title='bbox 322 2592 524 2632; x_wconf 83' lang='lat' dir='ltr'>(sestertios)</span> <span class='ocrx_word' id='word_1_275' title='bbox 541 2600 701 2626; x_wconf 70' lang='lat' dir='ltr'>centenos.</span> <span class='ocrx_word' id='word_1_276' title='bbox 724 2594 780 2626; x_wconf 85' lang='lat' dir='ltr'>Sic</span> <span class='ocrx_word' id='word_1_277' title='bbox 797 2596 898 2626; x_wconf 87' lang='lat' dir='ltr'>codd.</span> 
     </span>
     <span class='ocr_line' id='line_1_41' title="bbox 192 2636 897 2680; baseline 0.003 -13"><span class='ocrx_word' id='word_1_278' title='bbox 192 2636 276 2668; x_wconf 85' lang='lat' dir='ltr'>boni</span> <span class='ocrx_word' id='word_1_279' title='bbox 293 2636 458 2676; x_wconf 85' lang='lat' dir='ltr'>scribunt,</span> <span class='ocrx_word' id='word_1_280' title='bbox 474 2641 656 2670; x_wconf 75' lang='lat' dir='ltr'>sestertios:</span> <span class='ocrx_word' id='word_1_281' title='bbox 671 2639 776 2670; x_wconf 86' lang='lat' dir='ltr'>altera</span> <span class='ocrx_word' id='word_1_282' title='bbox 791 2639 897 2680; x_wconf 85' lang='lat' dir='ltr'>scrip-</span> 
     </span>
     <span class='ocr_line' id='line_1_42' title="bbox 190 2680 897 2721; baseline 0.003 -10"><span class='ocrx_word' id='word_1_283' title='bbox 190 2686 277 2719; x_wconf 84' lang='lat' dir='ltr'>tura,</span> <span class='ocrx_word' id='word_1_284' title='bbox 299 2683 460 2719; x_wconf 73' lang='lat' dir='ltr'>sestertia,</span> <span class='ocrx_word' id='word_1_285' title='bbox 476 2680 557 2713; x_wconf 85' lang='lat' dir='ltr'>falsa</span> <span class='ocrx_word' id='word_1_286' title='bbox 572 2688 638 2721; x_wconf 85' lang='lat' dir='ltr'>est3</span> <span class='ocrx_word' id='word_1_287' title='bbox 663 2693 742 2713; x_wconf 84' lang='lat' dir='ltr'>nam</span> <span class='ocrx_word' id='word_1_288' title='bbox 756 2684 897 2714; x_wconf 85' lang='lat' dir='ltr'>modum</span> 
     </span>
     <span class='ocr_line' id='line_1_43' title="bbox 192 2725 898 2767; baseline 0.001 -11"><span class='ocrx_word' id='word_1_289' title='bbox 192 2726 369 2756; x_wconf 82' lang='lat' dir='ltr'>excederet</span> <span class='ocrx_word' id='word_1_290' title='bbox 394 2725 540 2765; x_wconf 77' lang='lat' dir='ltr'>largitio.</span> <span class='ocrx_word' id='word_1_291' title='bbox 564 2728 614 2757; x_wconf 90' lang='lat' dir='ltr'>M.</span> <span class='ocrx_word' id='word_1_292' title='bbox 652 2727 764 2757; x_wconf 86' lang='lat' dir='ltr'>Multo</span> <span class='ocrx_word' id='word_1_293' title='bbox 789 2726 898 2767; x_wconf 73' lang='lat' dir='ltr'>magis</span> 
     </span>
     <span class='ocr_line' id='line_1_44' title="bbox 187 2768 898 2811; baseline 0.004 -12"><span class='ocrx_word' id='word_1_294' title='bbox 187 2775 308 2809; x_wconf 90' lang='lat' dir='ltr'>peccat</span> <span class='ocrx_word' id='word_1_295' title='bbox 329 2768 483 2807; x_wconf 86' lang='lat' dir='ltr'>Vossius,</span> <span class='ocrx_word' id='word_1_296' title='bbox 511 2769 570 2811; x_wconf 87' lang='lat' dir='ltr'>qui</span> <span class='ocrx_word' id='word_1_297' title='bbox 600 2770 681 2811; x_wconf 81' lang='lat' dir='ltr'>legit</span> <span class='ocrx_word' id='word_1_298' title='bbox 707 2770 898 2802; x_wconf 63' lang='lat' dir='ltr'>sestertiam</span> 
     </span>
     <span class='ocr_line' id='line_1_45' title="bbox 190 2812 699 2845; baseline 0.002 -1"><span class='ocrx_word' id='word_1_299' title='bbox 190 2813 305 2845; x_wconf 72' lang='lat' dir='ltr'>decies.</span> <span class='ocrx_word' id='word_1_300' title='bbox 326 2812 413 2843; x_wconf 89' lang='lat' dir='ltr'>Vide</span> <span class='ocrx_word' id='word_1_301' title='bbox 429 2818 498 2844; x_wconf 82' lang='lat' dir='ltr'>not.</span> <span class='ocrx_word' id='word_1_302' title='bbox 515 2815 557 2845; x_wconf 84' lang='lat' dir='ltr'>ad</span> <span class='ocrx_word' id='word_1_303' title='bbox 574 2815 628 2845; x_wconf 86' lang='lat' dir='ltr'>Af.</span> <span class='ocrx_word' id='word_1_304' title='bbox 645 2816 699 2845; x_wconf 85' lang='lat'>87.</span> 
     </span>
    </p>

    <p class='ocr_par' dir='ltr' id='par_1_10' title="bbox 188 2857 896 2988">
     <span class='ocr_line' id='line_1_46' title="bbox 236 2857 896 2900; baseline 0.003 -12"><span class='ocrx_word' id='word_1_305' title='bbox 236 2858 486 2897; x_wconf 72' lang='lat' dir='ltr'>Medobreqam.</span> <span class='ocrx_word' id='word_1_306' title='bbox 516 2859 551 2890; x_wconf 89' lang='lat' dir='ltr'>ln</span> <span class='ocrx_word' id='word_1_307' title='bbox 567 2858 665 2890; x_wconf 90' lang='lat' dir='ltr'>titulo</span> <span class='ocrx_word' id='word_1_308' title='bbox 683 2857 794 2900; x_wconf 87' lang='lat' dir='ltr'>pontis</span> <span class='ocrx_word' id='word_1_309' title='bbox 812 2858 896 2890; x_wconf 86' lang='lat' dir='ltr'>Tra-</span> 
     </span>
     <span class='ocr_line' id='line_1_47' title="bbox 188 2900 895 2944; baseline 0.006 -14"><span class='ocrx_word' id='word_1_310' title='bbox 188 2900 259 2941; x_wconf 86' lang='lat' dir='ltr'>jani</span> <span class='ocrx_word' id='word_1_311' title='bbox 276 2902 366 2942; x_wconf 85' lang='lat' dir='ltr'>apud</span> <span class='ocrx_word' id='word_1_312' title='bbox 387 2901 481 2933; x_wconf 89' lang='lat' dir='ltr'>Grut.</span> <span class='ocrx_word' id='word_1_313' title='bbox 497 2913 530 2944; x_wconf 89' lang='lat' dir='ltr'>p.</span> <span class='ocrx_word' id='word_1_314' title='bbox 553 2904 625 2942; x_wconf 70' lang='grc'><strong>162,</strong></span> <span class='ocrx_word' id='word_1_315' title='bbox 655 2907 686 2936; x_wconf 83' lang='grc'>3.</span> <span class='ocrx_word' id='word_1_316' title='bbox 717 2907 895 2938; x_wconf 71' lang='lat' dir='ltr'>occurrunt</span> 
     </span>
     <span class='ocr_line' id='line_1_48' title="bbox 191 2945 494 2988; baseline 0.007 -11"><span class='ocrx_word' id='word_1_317' title='bbox 191 2945 494 2988; x_wconf 68' lang='lat' dir='ltr'>Meidubriqenses.</span> 
     </span>
    </p>
   </div>
   <div class='ocr_carea' id='block_1_4' title="bbox 960 2153 1680 2893">
    <p class='ocr_par' dir='ltr' id='par_1_11' title="bbox 967 2153 1680 2407">
     <span class='ocr_line' id='line_1_49' title="bbox 1017 2153 1680 2186; baseline 0.002 -1"><span class='ocrx_word' id='word_1_318' title='bbox 1017 2154 1084 2185; x_wconf 85' lang='lat' dir='ltr'>HS</span> <span class='ocrx_word' id='word_1_319' title='bbox 1097 2156 1240 2186; x_wconf 77' lang='lat' dir='ltr'>centenis</span> <span class='ocrx_word' id='word_1_320' title='bbox 1253 2155 1326 2186; x_wconf 76' lang='lat' dir='ltr'>mil.</span> <span class='ocrx_word' id='word_1_321' title='bbox 1370 2153 1457 2185; x_wconf 89' lang='lat' dir='ltr'>Ante</span> <span class='ocrx_word' id='word_1_322' title='bbox 1485 2153 1553 2185; x_wconf 86' lang='lat' dir='ltr'>HS</span> <span class='ocrx_word' id='word_1_323' title='bbox 1576 2153 1680 2186; x_wconf 80' lang='lat' dir='ltr'>codd.</span> 
     </span>
     <span class='ocr_line' id='line_1_50' title="bbox 967 2196 1677 2239; baseline 0 -10"><span class='ocrx_word' id='word_1_324' title='bbox 967 2197 1107 2239; x_wconf 83' lang='lat' dir='ltr'>quidam</span> <span class='ocrx_word' id='word_1_325' title='bbox 1140 2199 1266 2230; x_wconf 87' lang='lat' dir='ltr'>addunt</span> <span class='ocrx_word' id='word_1_326' title='bbox 1300 2200 1435 2237; x_wconf 80' lang='lat' dir='ltr'>iterum,</span> <span class='ocrx_word' id='word_1_327' title='bbox 1470 2197 1544 2235; x_wconf 88' lang='lat' dir='ltr'>alii,</span> <span class='ocrx_word' id='word_1_328' title='bbox 1581 2196 1677 2238; x_wconf 86' lang='lat' dir='ltr'>iique</span> 
     </span>
     <span class='ocr_line' id='line_1_51' title="bbox 967 2220 1678 2284; baseline -0.003 -10"><span class='ocrx_word' id='word_1_329' title='bbox 967 2242 1065 2281; x_wconf 85' lang='lat' dir='ltr'>boni,</span> <span class='ocrx_word' id='word_1_330' title='bbox 1094 2241 1265 2273; x_wconf 84' lang='lat' dir='ltr'>omittunt.</span> <span class='ocrx_word' id='word_1_331' title='bbox 1309 2243 1402 2284; x_wconf 87' lang='lat' dir='ltr'>Ergo</span> <span class='ocrx_word' id='word_1_332' title='bbox 1427 2220 1561 2273; x_wconf 84' lang='lat' dir='ltr'>sustulit</span> <span class='ocrx_word' id='word_1_333' title='bbox 1585 2242 1678 2274; x_wconf 88' lang='lat' dir='ltr'>Oud.</span> 
     </span>
     <span class='ocr_line' id='line_1_52' title="bbox 968 2285 1676 2328; baseline 0 -11"><span class='ocrx_word' id='word_1_334' title='bbox 968 2286 1049 2328; x_wconf 86' lang='lat' dir='ltr'>quia</span> <span class='ocrx_word' id='word_1_335' title='bbox 1063 2286 1202 2318; x_wconf 87' lang='lat' dir='ltr'>Cassius</span> <span class='ocrx_word' id='word_1_336' title='bbox 1216 2296 1325 2328; x_wconf 89' lang='lat' dir='ltr'>nuper</span> <span class='ocrx_word' id='word_1_337' title='bbox 1342 2285 1546 2328; x_wconf 85' lang='lat' dir='ltr'>promiserat</span> <span class='ocrx_word' id='word_1_338' title='bbox 1569 2296 1676 2327; x_wconf 86' lang='lat' dir='ltr'>pecu-</span> 
     </span>
     <span class='ocr_line' id='line_1_53' title="bbox 968 2329 1676 2372; baseline -0.001 -10"><span class='ocrx_word' id='word_1_339' title='bbox 968 2331 1073 2369; x_wconf 87' lang='lat' dir='ltr'>niam,</span> <span class='ocrx_word' id='word_1_340' title='bbox 1100 2341 1188 2362; x_wconf 90' lang='lat' dir='ltr'>nunc</span> <span class='ocrx_word' id='word_1_341' title='bbox 1220 2341 1254 2362; x_wconf 88' lang='lat' dir='ltr'>re</span> <span class='ocrx_word' id='word_1_342' title='bbox 1284 2342 1357 2372; x_wconf 80' lang='lat' dir='ltr'>ipsa</span> <span class='ocrx_word' id='word_1_343' title='bbox 1381 2331 1495 2369; x_wconf 89' lang='lat' dir='ltr'>donat,</span> <span class='ocrx_word' id='word_1_344' title='bbox 1527 2329 1676 2371; x_wconf 83' lang='lat' dir='ltr'>ideoque</span> 
     </span>
     <span class='ocr_line' id='line_1_54' title="bbox 968 2375 1382 2407; baseline 0 -1"><span class='ocrx_word' id='word_1_345' title='bbox 968 2384 1035 2406; x_wconf 91' lang='lat' dir='ltr'>non</span> <span class='ocrx_word' id='word_1_346' title='bbox 1053 2375 1174 2406; x_wconf 86' lang='lat' dir='ltr'>iterum</span> <span class='ocrx_word' id='word_1_347' title='bbox 1189 2375 1301 2407; x_wconf 88' lang='lat' dir='ltr'>donat.</span> <span class='ocrx_word' id='word_1_348' title='bbox 1330 2375 1382 2406; x_wconf 90' lang='lat' dir='ltr'>M.</span> 
     </span>
    </p>

    <p class='ocr_par' dir='ltr' id='par_1_12' title="bbox 966 2416 1674 2591">
     <span class='ocr_line' id='line_1_55' title="bbox 1014 2416 1674 2454; baseline -0.005 -3"><span class='ocrx_word' id='word_1_349' title='bbox 1014 2420 1058 2451; x_wconf 82' lang='lat' dir='ltr'>In</span> <span class='ocrx_word' id='word_1_350' title='bbox 1072 2430 1124 2451; x_wconf 80' lang='lat' dir='ltr'>ea.</span> <span class='ocrx_word' id='word_1_351' title='bbox 1164 2418 1261 2451; x_wconf 84' lang='lat' dir='ltr'>Certe</span> <span class='ocrx_word' id='word_1_352' title='bbox 1278 2429 1345 2450; x_wconf 92' lang='lat' dir='ltr'>non</span> <span class='ocrx_word' id='word_1_353' title='bbox 1362 2418 1397 2450; x_wconf 81' lang='lat' dir='ltr'>in</span> <span class='ocrx_word' id='word_1_354' title='bbox 1413 2416 1586 2454; x_wconf 84' lang='lat' dir='ltr'>Corduba,</span> <span class='ocrx_word' id='word_1_355' title='bbox 1613 2418 1674 2449; x_wconf 85' lang='lat' dir='ltr'>sed</span> 
     </span>
     <span class='ocr_line' id='line_1_56' title="bbox 967 2461 1673 2504; baseline -0.001 -10"><span class='ocrx_word' id='word_1_356' title='bbox 967 2463 1001 2494; x_wconf 88' lang='lat' dir='ltr'>in</span> <span class='ocrx_word' id='word_1_357' title='bbox 1031 2462 1161 2495; x_wconf 86' lang='lat' dir='ltr'>castris.</span> <span class='ocrx_word' id='word_1_358' title='bbox 1202 2463 1369 2504; x_wconf 87' lang='lat' dir='ltr'>Magnum</span> <span class='ocrx_word' id='word_1_359' title='bbox 1395 2473 1477 2494; x_wconf 89' lang='lat' dir='ltr'>vero</span> <span class='ocrx_word' id='word_1_360' title='bbox 1508 2461 1623 2499; x_wconf 83' lang='lat' dir='ltr'>fuisse,</span> <span class='ocrx_word' id='word_1_361' title='bbox 1651 2472 1673 2493; x_wconf 84' lang='lat' dir='ltr'>e</span> 
     </span>
     <span class='ocr_line' id='line_1_57' title="bbox 966 2504 1673 2548; baseline -0.001 -10"><span class='ocrx_word' id='word_1_362' title='bbox 966 2508 1102 2539; x_wconf 85' lang='lat' dir='ltr'>duobus</span> <span class='ocrx_word' id='word_1_363' title='bbox 1114 2507 1284 2539; x_wconf 85' lang='lat' dir='ltr'>donativis</span> <span class='ocrx_word' id='word_1_364' title='bbox 1299 2508 1460 2548; x_wconf 85' lang='lat' dir='ltr'>adparet,</span> <span class='ocrx_word' id='word_1_365' title='bbox 1453 2518 1460 2524; x_wconf 92' lang='lat'><strong>·</strong></span> <span class='ocrx_word' id='word_1_366' title='bbox 1483 2505 1563 2537; x_wconf 91' lang='lat' dir='ltr'>hinc</span> <span class='ocrx_word' id='word_1_367' title='bbox 1578 2504 1673 2537; x_wconf 76' lang='lat' dir='ltr'>Juri·</span> 
     </span>
     <span class='ocr_line' id='line_1_58' title="bbox 966 2550 1405 2592; baseline -0.002 -9"><span class='ocrx_word' id='word_1_368' title='bbox 966 2551 1042 2583; x_wconf 90' lang='lat' dir='ltr'>nius</span> <span class='ocrx_word' id='word_1_369' title='bbox 1057 2550 1122 2592; x_wconf 83' lang='lat' dir='ltr'>legi</span> <span class='ocrx_word' id='word_1_370' title='bbox 1139 2552 1258 2583; x_wconf 89' lang='lat' dir='ltr'>suadet</span> <span class='ocrx_word' id='word_1_371' title='bbox 1273 2554 1405 2592; x_wconf 77' lang='lat' dir='ltr'>inqens.</span> 
     </span>
    </p>

    <p class='ocr_par' dir='ltr' id='par_1_13' title="bbox 1011 2593 1558 2637">
     <span class='ocr_line' id='line_1_59' title="bbox 1011 2593 1558 2637; baseline -0.006 -10"><span class='ocrx_word' id='word_1_372' title='bbox 1011 2596 1171 2637; x_wconf 65' lang='lat' dir='ltr'>Sibiezp.</span> <span class='ocrx_word' id='word_1_373' title='bbox 1178 2596 1276 2636; x_wconf 74' lang='lat' dir='ltr'>ferri.</span> <span class='ocrx_word' id='word_1_374' title='bbox 1307 2595 1359 2626; x_wconf 84' lang='lat' dir='ltr'>Cf.</span> <span class='ocrx_word' id='word_1_375' title='bbox 1375 2605 1408 2626; x_wconf 93' lang='grc'>0.</span> <span class='ocrx_word' id='word_1_376' title='bbox 1425 2596 1479 2625; x_wconf 88' lang='grc'>56.</span> <span class='ocrx_word' id='word_1_377' title='bbox 1508 2593 1558 2624; x_wconf 88' lang='lat' dir='ltr'>M.</span> 
     </span>
    </p>

    <p class='ocr_par' dir='ltr' id='par_1_14' title="bbox 960 2635 1671 2849">
     <span class='ocr_line' id='line_1_60' title="bbox 1010 2635 1670 2671; baseline -0.002 0"><span class='ocrx_word' id='word_1_378' title='bbox 1010 2641 1230 2671; x_wconf 74' lang='lat' dir='ltr'>Simultatum</span> <span class='ocrx_word' id='word_1_379' title='bbox 1251 2649 1391 2671; x_wconf 78' lang='lat' dir='ltr'>caus-sce.</span> <span class='ocrx_word' id='word_1_380' title='bbox 1430 2636 1610 2669; x_wconf 88' lang='lat' dir='ltr'>Rubenius</span> <span class='ocrx_word' id='word_1_381' title='bbox 1632 2635 1670 2670; x_wconf 81' lang='lat' dir='ltr'>in</span> 
     </span>
     <span class='ocr_line' id='line_1_61' title="bbox 962 2683 1671 2719; baseline -0.003 -3"><span class='ocrx_word' id='word_1_382' title='bbox 962 2683 1092 2716; x_wconf 86' lang='lat' dir='ltr'>Electis</span> <span class='ocrx_word' id='word_1_383' title='bbox 1111 2686 1138 2719; x_wconf 81' lang='lat' dir='ltr'>l,</span> <span class='ocrx_word' id='word_1_384' title='bbox 1157 2686 1195 2715; x_wconf 79' lang='lat'>32</span> <span class='ocrx_word' id='word_1_385' title='bbox 1213 2683 1353 2714; x_wconf 86' lang='lat' dir='ltr'>volebat</span> <span class='ocrx_word' id='word_1_386' title='bbox 1365 2683 1585 2713; x_wconf 70' lang='lat' dir='ltr'>muletarum.</span> <span class='ocrx_word' id='word_1_387' title='bbox 1601 2691 1671 2714; x_wconf 91' lang='lat' dir='ltr'>non</span> 
     </span>
     <span class='ocr_line' id='line_1_62' title="bbox 963 2720 1670 2769; baseline -0.006 -9"><span class='ocrx_word' id='word_1_388' title='bbox 963 2739 1049 2769; x_wconf 85' lang='lat' dir='ltr'>opus</span> <span class='ocrx_word' id='word_1_389' title='bbox 1060 2739 1070 2767; x_wconf 90' lang='grc'>,·</span> <span class='ocrx_word' id='word_1_390' title='bbox 1085 2738 1105 2759; x_wconf 88' lang='lat' dir='ltr'>a</span> <span class='ocrx_word' id='word_1_391' title='bbox 1116 2720 1343 2759; x_wconf 81' lang='lat' dir='ltr'>simultatibus</span> <span class='ocrx_word' id='word_1_392' title='bbox 1356 2727 1399 2757; x_wconf 89' lang='lat' dir='ltr'>ad</span> <span class='ocrx_word' id='word_1_393' title='bbox 1411 2725 1552 2757; x_wconf 84' lang='lat' dir='ltr'>mulctas</span> <span class='ocrx_word' id='word_1_394' title='bbox 1563 2732 1670 2757; x_wconf 84' lang='lat' dir='ltr'>trans-</span> 
     </span>
     <span class='ocr_line' id='line_1_63' title="bbox 964 2769 1668 2811; baseline 0 -8"><span class='ocrx_word' id='word_1_395' title='bbox 964 2771 1060 2804; x_wconf 77' lang='lat' dir='ltr'>itum.</span> <span class='ocrx_word' id='word_1_396' title='bbox 1098 2772 1237 2803; x_wconf 83' lang='lat' dir='ltr'>Latinus</span> <span class='ocrx_word' id='word_1_397' title='bbox 1247 2769 1401 2802; x_wconf 77' lang='lat' dir='ltr'>Latmius</span> <span class='ocrx_word' id='word_1_398' title='bbox 1418 2769 1552 2811; x_wconf 85' lang='lat' dir='ltr'>legebat</span> <span class='ocrx_word' id='word_1_399' title='bbox 1563 2771 1668 2805; x_wconf 61' lang='lat' dir='ltr'>simul</span> 
     </span>
     <span class='ocr_line' id='line_1_64' title="bbox 960 2822 1143 2849; baseline -0.011 0"><span class='ocrx_word' id='word_1_400' title='bbox 960 2822 991 2849; x_wconf 76' lang='lat' dir='ltr'>et</span> <span class='ocrx_word' id='word_1_401' title='bbox 1005 2826 1143 2848; x_wconf 66' lang='lat' dir='ltr'>caussae.</span> 
     </span>
    </p>

    <p class='ocr_par' dir='ltr' id='par_1_15' title="bbox 1010 2856 1447 2893">
     <span class='ocr_line' id='line_1_65' title="bbox 1010 2856 1447 2893; baseline -0.009 0"><span class='ocrx_word' id='word_1_402' title='bbox 1010 2862 1054 2893; x_wconf 82' lang='lat' dir='ltr'>In</span> <span class='ocrx_word' id='word_1_403' title='bbox 1069 2871 1151 2893; x_wconf 78' lang='lat' dir='ltr'>reos.</span> <span class='ocrx_word' id='word_1_404' title='bbox 1181 2856 1251 2891; x_wconf 87' lang='lat' dir='ltr'>Alii</span> <span class='ocrx_word' id='word_1_405' title='bbox 1264 2859 1351 2891; x_wconf 78' lang='lat' dir='ltr'>inter</span> <span class='ocrx_word' id='word_1_406' title='bbox 1364 2867 1447 2890; x_wconf 76' lang='lat' dir='ltr'>reos.</span> 
     </span>
    </p>
   </div>
  </div>
 </body>
</html>
