<?xml version="1.0" encoding="UTF-8"?>
<!DOCTYPE html PUBLIC "-//W3C//DTD XHTML 1.0 Transitional//EN"
    "http://www.w3.org/TR/xhtml1/DTD/xhtml1-transitional.dtd">
<html xmlns="http://www.w3.org/1999/xhtml" xml:lang="en" lang="en">
 <head>
  <title>
</title>
<meta http-equiv="Content-Type" content="text/html;charset=utf-8" />
  <meta name='ocr-system' content='tesseract 3.04.00' />
  <meta name='ocr-capabilities' content='ocr_page ocr_carea ocr_par ocr_line ocrx_word'/>
</head>
<body>
  <div class='ocr_page' id='page_1' title='image "./commentariidebel00caesuoft_0191.png"; bbox 0 0 1946 3261; ppageno 0'>
   <div class='ocr_carea' id='block_1_1' title="bbox 588 191 1132 272">
    <p class='ocr_par' dir='ltr' id='par_1_1' title="bbox 588 191 1132 272">
     <span class='ocr_line' id='line_1_1' title="bbox 588 191 1132 272; baseline 0 -2"><span class='ocrx_word' id='word_1_1' title='bbox 588 224 708 272; x_wconf 75' lang='lat' dir='ltr'><strong>Lm.</strong></span> <span class='ocrx_word' id='word_1_2' title='bbox 741 191 826 272; x_wconf 74' lang='lat' dir='ltr'><strong>vr‘.</strong></span> <span class='ocrx_word' id='word_1_3' title='bbox 884 225 1028 271; x_wconf 75' lang='lat' dir='ltr'><strong>cAP.</strong></span> <span class='ocrx_word' id='word_1_4' title='bbox 1055 226 1132 271; x_wconf 81' lang='lat'><strong>21.</strong></span> 
     </span>
    </p>
   </div>
   <div class='ocr_carea' id='block_1_2' title="bbox 1539 219 1617 267">
    <p class='ocr_par' dir='ltr' id='par_1_2' title="bbox 1539 219 1617 267">
     <span class='ocr_line' id='line_1_2' title="bbox 1539 219 1617 267; baseline 0 0"><span class='ocrx_word' id='word_1_5' title='bbox 1539 219 1617 267; x_wconf 80' lang='lat'><strong>151</strong></span> 
     </span>
    </p>
   </div>
   <div class='ocr_carea' id='block_1_3' title="bbox 124 353 1617 474">
    <p class='ocr_par' dir='ltr' id='par_1_3' title="bbox 124 353 1617 474">
     <span class='ocr_line' id='line_1_3' title="bbox 125 353 1617 424; baseline -0.002 -22"><span class='ocrx_word' id='word_1_6' title='bbox 125 364 158 385; x_wconf 82' lang='grc'><strong>“</strong></span> <span class='ocrx_word' id='word_1_7' title='bbox 179 359 303 408; x_wconf 65' lang='lat' dir='ltr'><strong>eunt,</strong></span> <span class='ocrx_word' id='word_1_8' title='bbox 329 368 443 417; x_wconf 82' lang='lat' dir='ltr'><strong>quos</strong></span> <span class='ocrx_word' id='word_1_9' title='bbox 478 364 666 402; x_wconf 74' lang='lat' dir='ltr'><strong>cernunt</strong></span> <span class='ocrx_word' id='word_1_10' title='bbox 702 362 751 402; x_wconf 73' lang='lat' dir='ltr'><strong>et</strong></span> <span class='ocrx_word' id='word_1_11' title='bbox 779 371 974 416; x_wconf 87' lang='lat' dir='ltr'><strong>quorum</strong></span> <span class='ocrx_word' id='word_1_12' title='bbox 1008 363 1162 414; x_wconf 77' lang='lat' dir='ltr'><strong>aperte</strong></span> <span class='ocrx_word' id='word_1_13' title='bbox 1199 354 1358 415; x_wconf 79' lang='lat' dir='ltr'><strong>opibus</strong></span> <span class='ocrx_word' id='word_1_14' title='bbox 1385 353 1617 424; x_wconf 75' lang='lat' dir='ltr'><strong>juvantur,</strong></span> 
     </span>
     <span class='ocr_line' id='line_1_4' title="bbox 124 414 1617 474; baseline -0.001 -13"><span class='ocrx_word' id='word_1_15' title='bbox 124 420 158 449; x_wconf 76' lang='lat'><strong><em>“</em></strong></span> <span class='ocrx_word' id='word_1_16' title='bbox 180 418 330 461; x_wconf 81' lang='lat' dir='ltr'><strong>Solem</strong></span> <span class='ocrx_word' id='word_1_17' title='bbox 351 425 397 460; x_wconf 89' lang='lat' dir='ltr'><strong>et</strong></span> <span class='ocrx_word' id='word_1_18' title='bbox 418 416 669 462; x_wconf 77' lang='lat' dir='ltr'><strong>Vulcanum</strong></span> <span class='ocrx_word' id='word_1_19' title='bbox 688 425 734 461; x_wconf 88' lang='lat' dir='ltr'><strong>et</strong></span> <span class='ocrx_word' id='word_1_20' title='bbox 758 417 948 460; x_wconf 83' lang='lat' dir='ltr'><strong>Lunam·</strong></span> <span class='ocrx_word' id='word_1_21' title='bbox 999 416 1192 472; x_wconf 79' lang='lat' dir='ltr'><strong>reliquos</strong></span> <span class='ocrx_word' id='word_1_22' title='bbox 1220 431 1275 458; x_wconf 83' lang='lat' dir='ltr'><strong>ne</strong></span> <span class='ocrx_word' id='word_1_23' title='bbox 1307 415 1420 458; x_wconf 72' lang='lat' dir='ltr'><strong>fama</strong></span> <span class='ocrx_word' id='word_1_24' title='bbox 1439 414 1617 474; x_wconf 79' lang='lat' dir='ltr'><strong>quidem</strong></span> 
     </span>
    </p>
   </div>
   <div class='ocr_carea' id='block_1_4' title="bbox 122 484 458 544">
    <p class='ocr_par' dir='ltr' id='par_1_4' title="bbox 122 484 458 544">
     <span class='ocr_line' id='line_1_5' title="bbox 122 484 458 544; baseline -0.003 -24"><span class='ocrx_word' id='word_1_25' title='bbox 122 484 155 503; x_wconf 88' lang='lat'><strong>“</strong></span> <span class='ocrx_word' id='word_1_26' title='bbox 175 485 458 544; x_wconf 54' lang='lat' dir='ltr'><strong>aeceperunt:</strong></span> 
     </span>
    </p>
   </div>
   <div class='ocr_carea' id='block_1_5' title="bbox 522 474 1616 532">
    <p class='ocr_par' dir='ltr' id='par_1_5' title="bbox 522 474 1616 532">
     <span class='ocr_line' id='line_1_6' title="bbox 522 474 1616 532; baseline -0.001 -13"><span class='ocrx_word' id='word_1_27' title='bbox 522 476 627 519; x_wconf 83' lang='lat' dir='ltr'><strong>Vita</strong></span> <span class='ocrx_word' id='word_1_28' title='bbox 645 476 780 520; x_wconf 80' lang='lat' dir='ltr'><strong>omnis</strong></span> <span class='ocrx_word' id='word_1_29' title='bbox 817 476 862 519; x_wconf 88' lang='lat' dir='ltr'><strong>in</strong></span> <span class='ocrx_word' id='word_1_30' title='bbox 889 474 1192 518; x_wconf 81' lang='lat' dir='ltr'>venationibus</span> <span class='ocrx_word' id='word_1_31' title='bbox 1221 481 1356 532; x_wconf 85' lang='lat' dir='ltr'><strong>atque</strong></span> <span class='ocrx_word' id='word_1_32' title='bbox 1384 474 1432 516; x_wconf 86' lang='lat' dir='ltr'><strong>in</strong></span> <span class='ocrx_word' id='word_1_33' title='bbox 1460 474 1616 518; x_wconf 82' lang='lat' dir='ltr'><strong>studiis</strong></span> 
     </span>
    </p>
   </div>
   <div class='ocr_carea' id='block_1_6' title="bbox 127 531 1617 594">
    <p class='ocr_par' dir='ltr' id='par_1_6' title="bbox 127 531 1617 594">
     <span class='ocr_line' id='line_1_7' title="bbox 127 531 1617 594; baseline -0.001 -15"><span class='ocrx_word' id='word_1_34' title='bbox 127 544 157 563; x_wconf 83' lang='lat'><strong>‘⁴</strong></span> <span class='ocrx_word' id='word_1_35' title='bbox 181 536 245 579; x_wconf 82' lang='lat' dir='ltr'><strong>rei</strong></span> <span class='ocrx_word' id='word_1_36' title='bbox 274 535 473 579; x_wconf 85' lang='lat' dir='ltr'><strong>militaris</strong></span> <span class='ocrx_word' id='word_1_37' title='bbox 489 535 712 578; x_wconf 75' lang='lat' dir='ltr'><strong>consistit:</strong></span> <span class='ocrx_word' id='word_1_38' title='bbox 744 535 802 579; x_wconf 85' lang='lat' dir='ltr'><strong>ab</strong></span> <span class='ocrx_word' id='word_1_39' title='bbox 837 533 1035 594; x_wconf 79' lang='lat' dir='ltr'><strong>parvulis</strong></span> <span class='ocrx_word' id='word_1_40' title='bbox 1063 532 1206 575; x_wconf 78' lang='lat' dir='ltr'><strong>labori</strong></span> <span class='ocrx_word' id='word_1_41' title='bbox 1234 548 1287 575; x_wconf 81' lang='lat' dir='ltr'><strong>ac</strong></span> <span class='ocrx_word' id='word_1_42' title='bbox 1316 531 1494 575; x_wconf 75' lang='lat' dir='ltr'><strong>duritiae</strong></span> <span class='ocrx_word' id='word_1_43' title='bbox 1523 541 1617 577; x_wconf 85' lang='lat' dir='ltr'><strong>stu-</strong></span> 
     </span>
    </p>
   </div>
   <div class='ocr_carea' id='block_1_7' title="bbox 125 594 300 638">
    <p class='ocr_par' dir='ltr' id='par_1_7' title="bbox 125 594 300 638">
     <span class='ocr_line' id='line_1_8' title="bbox 125 594 300 638; baseline 0 0"><span class='ocrx_word' id='word_1_44' title='bbox 125 601 156 623; x_wconf 80' lang='lat'><strong>“</strong></span> <span class='ocrx_word' id='word_1_45' title='bbox 176 594 300 638; x_wconf 82' lang='lat' dir='ltr'><strong>dent.</strong></span> 
     </span>
    </p>
   </div>
   <div class='ocr_carea' id='block_1_8' title="bbox 121 721 842 3060">
    <p class='ocr_par' dir='ltr' id='par_1_8' title="bbox 121 721 842 1602">
     <span class='ocr_line' id='line_1_9' title="bbox 126 721 833 766; baseline -0.001 -10"><span class='ocrx_word' id='word_1_46' title='bbox 126 728 292 766; x_wconf 88' lang='lat' dir='ltr'><strong>tempora,</strong></span> <span class='ocrx_word' id='word_1_47' title='bbox 308 722 438 766; x_wconf 87' lang='lat' dir='ltr'><strong>quibus</strong></span> <span class='ocrx_word' id='word_1_48' title='bbox 452 722 567 756; x_wconf 85' lang='lat' dir='ltr'><strong>Caesar</strong></span> <span class='ocrx_word' id='word_1_49' title='bbox 583 721 631 755; x_wconf 88' lang='lat' dir='ltr'><strong>ibi</strong></span> <span class='ocrx_word' id='word_1_50' title='bbox 651 722 737 755; x_wconf 89' lang='lat' dir='ltr'><strong>fuit:</strong></span> <span class='ocrx_word' id='word_1_51' title='bbox 764 723 833 756; x_wconf 87' lang='lat' dir='ltr'><strong>for-</strong></span> 
     </span>
     <span class='ocr_line' id='line_1_10' title="bbox 125 767 834 808; baseline 0 -8"><span class='ocrx_word' id='word_1_52' title='bbox 125 773 250 801; x_wconf 69' lang='lat' dir='ltr'><strong>iassae</strong></span> <span class='ocrx_word' id='word_1_53' title='bbox 275 767 452 800; x_wconf 73' lang='lat' dir='ltr'><strong>Gallorum</strong></span> <span class='ocrx_word' id='word_1_54' title='bbox 474 767 628 800; x_wconf 84' lang='lat' dir='ltr'><strong>moribus</strong></span> <span class='ocrx_word' id='word_1_55' title='bbox 651 767 712 806; x_wconf 83' lang='lat' dir='ltr'><strong>(cf.</strong></span> <span class='ocrx_word' id='word_1_56' title='bbox 727 779 758 800; x_wconf 84' lang='lat' dir='ltr'><strong>c.</strong></span> <span class='ocrx_word' id='word_1_57' title='bbox 777 768 834 808; x_wconf 91' lang='lat'><strong>16)</strong></span> 
     </span>
     <span class='ocr_line' id='line_1_11' title="bbox 128 811 835 847; baseline 0.001 -3"><span class='ocrx_word' id='word_1_58' title='bbox 128 811 261 847; x_wconf 85' lang='lat' dir='ltr'><strong>transiit</strong></span> <span class='ocrx_word' id='word_1_59' title='bbox 282 811 321 844; x_wconf 73' lang='lat' dir='ltr'><strong>in</strong></span> <span class='ocrx_word' id='word_1_60' title='bbox 345 811 583 844; x_wconf 80' lang='lat' dir='ltr'>Germaniam:</span> <span class='ocrx_word' id='word_1_61' title='bbox 607 811 750 843; x_wconf 81' lang='lat' dir='ltr'><strong>fortasse</strong></span> <span class='ocrx_word' id='word_1_62' title='bbox 767 823 835 845; x_wconf 86' lang='lat' dir='ltr'><strong>non</strong></span> 
     </span>
     <span class='ocr_line' id='line_1_12' title="bbox 126 855 834 897; baseline 0.001 -10"><span class='ocrx_word' id='word_1_63' title='bbox 126 857 218 897; x_wconf 86' lang='lat' dir='ltr'><strong>apud</strong></span> <span class='ocrx_word' id='word_1_64' title='bbox 232 866 352 888; x_wconf 87' lang='lat' dir='ltr'><strong>omnes</strong></span> <span class='ocrx_word' id='word_1_65' title='bbox 361 856 545 888; x_wconf 83' lang='lat' dir='ltr'><strong>Germanos</strong></span> <span class='ocrx_word' id='word_1_66' title='bbox 557 855 612 887; x_wconf 88' lang='lat' dir='ltr'><strong>hic</strong></span> <span class='ocrx_word' id='word_1_67' title='bbox 623 866 698 888; x_wconf 91' lang='lat' dir='ltr'><strong>mos</strong></span> <span class='ocrx_word' id='word_1_68' title='bbox 708 857 834 889; x_wconf 80' lang='lat' dir='ltr'><strong>valuit:</strong></span> 
     </span>
     <span class='ocr_line' id='line_1_13' title="bbox 124 899 835 933; baseline 0.001 -1"><span class='ocrx_word' id='word_1_69' title='bbox 124 900 271 932; x_wconf 80' lang='lat' dir='ltr'><strong>fortasse</strong></span> <span class='ocrx_word' id='word_1_70' title='bbox 300 901 376 933; x_wconf 81' lang='lat' dir='ltr'><strong>haec</strong></span> <span class='ocrx_word' id='word_1_71' title='bbox 412 902 524 933; x_wconf 81' lang='lat' dir='ltr'><strong>caedes</strong></span> <span class='ocrx_word' id='word_1_72' title='bbox 556 899 736 932; x_wconf 82' lang='lat' dir='ltr'><strong>hominum</strong></span> <span class='ocrx_word' id='word_1_73' title='bbox 767 911 835 933; x_wconf 81' lang='lat' dir='ltr'><strong>non</strong></span> 
     </span>
     <span class='ocr_line' id='line_1_14' title="bbox 124 943 837 983; baseline 0.001 -7"><span class='ocrx_word' id='word_1_74' title='bbox 124 944 192 976; x_wconf 69' lang='lat' dir='ltr'><strong>fuit</strong></span> <span class='ocrx_word' id='word_1_75' title='bbox 217 943 434 983; x_wconf 76' lang='lat' dir='ltr'><strong>sacrificium,</strong></span> <span class='ocrx_word' id='word_1_76' title='bbox 473 945 543 983; x_wconf 85' lang='lat' dir='ltr'><strong>sed,</strong></span> <span class='ocrx_word' id='word_1_77' title='bbox 573 949 611 975; x_wconf 88' lang='lat' dir='ltr'><strong>ut</strong></span> <span class='ocrx_word' id='word_1_78' title='bbox 640 944 755 976; x_wconf 83' lang='lat' dir='ltr'><strong>visum</strong></span> <span class='ocrx_word' id='word_1_79' title='bbox 784 951 837 977; x_wconf 76' lang='lat' dir='ltr'><strong>est</strong></span> 
     </span>
     <span class='ocr_line' id='line_1_15' title="bbox 127 987 840 1028; baseline 0.003 -9"><span class='ocrx_word' id='word_1_80' title='bbox 127 987 254 1027; x_wconf 86' lang='lat' dir='ltr'><strong>Fuldae,</strong></span> <span class='ocrx_word' id='word_1_81' title='bbox 269 987 320 1028; x_wconf 90' lang='lat' dir='ltr'><strong>(in</strong></span> <span class='ocrx_word' id='word_1_82' title='bbox 344 988 508 1021; x_wconf 89' lang='lat' dir='ltr'><strong>Meuselii</strong></span> <span class='ocrx_word' id='word_1_83' title='bbox 527 988 751 1021; x_wconf 82' lang='lat' dir='ltr'>collectaneis</span> <span class='ocrx_word' id='word_1_84' title='bbox 767 989 840 1021; x_wconf 89' lang='lat' dir='ltr'><strong>his-</strong></span> 
     </span>
     <span class='ocr_line' id='line_1_16' title="bbox 127 1031 839 1074; baseline 0 -9"><span class='ocrx_word' id='word_1_85' title='bbox 127 1032 304 1065; x_wconf 86' lang='lat' dir='ltr'><strong>toricisT.</strong></span> <span class='ocrx_word' id='word_1_86' title='bbox 317 1033 344 1064; x_wconf 90' lang='grc' dir='ltr'><strong>Ι.</strong></span> <span class='ocrx_word' id='word_1_87' title='bbox 362 1043 396 1074; x_wconf 89' lang='lat' dir='ltr'><strong>p.</strong></span> <span class='ocrx_word' id='word_1_88' title='bbox 408 1032 500 1073; x_wconf 69' lang='grc'><strong>96),3</strong></span> <span class='ocrx_word' id='word_1_89' title='bbox 481 1043 588 1064; x_wconf 63' lang='lat' dir='ltr'><strong>trenus</strong></span> <span class='ocrx_word' id='word_1_90' title='bbox 599 1031 740 1074; x_wconf 82' lang='lat' dir='ltr'>aliquod</span> <span class='ocrx_word' id='word_1_91' title='bbox 755 1044 839 1065; x_wconf 86' lang='lat' dir='ltr'><strong>con-</strong></span> 
     </span>
     <span class='ocr_line' id='line_1_17' title="bbox 125 1076 841 1118; baseline 0.001 -10"><span class='ocrx_word' id='word_1_92' title='bbox 125 1076 273 1109; x_wconf 78' lang='lat' dir='ltr'><strong>sultandi</strong></span> <span class='ocrx_word' id='word_1_93' title='bbox 289 1082 499 1109; x_wconf 71' lang='lat' dir='ltr'><strong>mortuorum</strong></span> <span class='ocrx_word' id='word_1_94' title='bbox 514 1076 646 1108; x_wconf 84' lang='lat' dir='ltr'><strong>animas</strong></span> <span class='ocrx_word' id='word_1_95' title='bbox 664 1087 724 1118; x_wconf 94' lang='lat' dir='ltr'><strong>per</strong></span> <span class='ocrx_word' id='word_1_96' title='bbox 738 1087 841 1109; x_wconf 86' lang='lat' dir='ltr'><strong>occa·</strong></span> 
     </span>
     <span class='ocr_line' id='line_1_18' title="bbox 121 1119 838 1163; baseline 0.003 -11"><span class='ocrx_word' id='word_1_97' title='bbox 121 1120 260 1161; x_wconf 65' lang='lat' dir='ltr'><strong>§ionem</strong></span> <span class='ocrx_word' id='word_1_98' title='bbox 274 1120 374 1161; x_wconf 69' lang='lat' dir='ltr'><strong>hujus</strong></span> <span class='ocrx_word' id='word_1_99' title='bbox 384 1119 510 1152; x_wconf 84' lang='lat' dir='ltr'><strong>caedis:</strong></span> <span class='ocrx_word' id='word_1_100' title='bbox 532 1121 683 1160; x_wconf 83' lang='lat' dir='ltr'><strong>fortasse,</strong></span> <span class='ocrx_word' id='word_1_101' title='bbox 699 1121 732 1153; x_wconf 92' lang='lat' dir='ltr'><strong>id</strong></span> <span class='ocrx_word' id='word_1_102' title='bbox 744 1122 838 1163; x_wconf 80' lang='lat' dir='ltr'><strong>quod</strong></span> 
     </span>
     <span class='ocr_line' id='line_1_19' title="bbox 126 1163 839 1207; baseline 0 -10"><span class='ocrx_word' id='word_1_103' title='bbox 126 1163 198 1205; x_wconf 60' lang='lat' dir='ltr'><strong>iteri</strong></span> <span class='ocrx_word' id='word_1_104' title='bbox 213 1163 431 1196; x_wconf 81' lang='lat' dir='ltr'><strong>simillimum</strong></span> <span class='ocrx_word' id='word_1_105' title='bbox 450 1168 502 1194; x_wconf 84' lang='lat' dir='ltr'><strong>est</strong></span> <span class='ocrx_word' id='word_1_106' title='bbox 525 1170 560 1196; x_wconf 85' lang='lat' dir='ltr'><strong>et</strong></span> <span class='ocrx_word' id='word_1_107' title='bbox 587 1164 736 1196; x_wconf 90' lang='lat' dir='ltr'><strong>Antonio</strong></span> <span class='ocrx_word' id='word_1_108' title='bbox 761 1165 839 1207; x_wconf 87' lang='lat' dir='ltr'><strong>pla-</strong></span> 
     </span>
     <span class='ocr_line' id='line_1_20' title="bbox 126 1207 839 1249; baseline 0.003 -10"><span class='ocrx_word' id='word_1_109' title='bbox 126 1207 212 1247; x_wconf 86' lang='lat' dir='ltr'><strong>cuit,</strong></span> <span class='ocrx_word' id='word_1_110' title='bbox 238 1208 294 1248; x_wconf 85' lang='lat' dir='ltr'><strong>(de</strong></span> <span class='ocrx_word' id='word_1_111' title='bbox 319 1218 388 1249; x_wconf 92' lang='lat' dir='ltr'><strong>quo</strong></span> <span class='ocrx_word' id='word_1_112' title='bbox 415 1207 532 1248; x_wconf 83' lang='lat' dir='ltr'><strong>paullo</strong></span> <span class='ocrx_word' id='word_1_113' title='bbox 564 1214 641 1249; x_wconf 85' lang='lat' dir='ltr'><strong>post</strong></span> <span class='ocrx_word' id='word_1_114' title='bbox 657 1208 746 1249; x_wconf 81' lang='lat' dir='ltr'><strong>dixi)</strong></span> <span class='ocrx_word' id='word_1_115' title='bbox 772 1209 839 1241; x_wconf 80' lang='lat' dir='ltr'><strong>fuit</strong></span> 
     </span>
     <span class='ocr_line' id='line_1_21' title="bbox 128 1251 838 1293; baseline 0.003 -10"><span class='ocrx_word' id='word_1_116' title='bbox 128 1253 239 1284; x_wconf 83' lang='lat' dir='ltr'><strong>caedes</strong></span> <span class='ocrx_word' id='word_1_117' title='bbox 255 1251 478 1293; x_wconf 70' lang='lat' dir='ltr'><strong>captivorum</strong></span> <span class='ocrx_word' id='word_1_118' title='bbox 496 1256 575 1292; x_wconf 81' lang='lat' dir='ltr'><strong>post</strong></span> <span class='ocrx_word' id='word_1_119' title='bbox 589 1251 785 1292; x_wconf 72' lang='lat' dir='ltr'><strong>victoriam,</strong></span> <span class='ocrx_word' id='word_1_120' title='bbox 800 1254 838 1285; x_wconf 90' lang='lat' dir='ltr'><strong>in</strong></span> 
     </span>
     <span class='ocr_line' id='line_1_22' title="bbox 127 1294 837 1335; baseline 0 -7"><span class='ocrx_word' id='word_1_121' title='bbox 127 1297 207 1328; x_wconf 88' lang='lat' dir='ltr'><strong>loco</strong></span> <span class='ocrx_word' id='word_1_122' title='bbox 219 1303 318 1328; x_wconf 64' lang='lat' dir='ltr'><strong>sac-zm</strong></span> <span class='ocrx_word' id='word_1_123' title='bbox 331 1294 479 1328; x_wconf 54' lang='lat' dir='ltr'><strong>,solemni</strong></span> <span class='ocrx_word' id='word_1_124' title='bbox 496 1294 563 1327; x_wconf 67' lang='lat' dir='ltr'><strong>ritu</strong></span> <span class='ocrx_word' id='word_1_125' title='bbox 584 1295 837 1335; x_wconf 75' lang='lat' dir='ltr'><strong>administrata,</strong></span> 
     </span>
     <span class='ocr_line' id='line_1_23' title="bbox 130 1338 840 1381; baseline 0 -10"><span class='ocrx_word' id='word_1_126' title='bbox 130 1345 168 1371; x_wconf 85' lang='lat' dir='ltr'><strong>ut</strong></span> <span class='ocrx_word' id='word_1_127' title='bbox 197 1345 285 1371; x_wconf 85' lang='lat' dir='ltr'><strong>esset</strong></span> <span class='ocrx_word' id='word_1_128' title='bbox 314 1338 498 1381; x_wconf 86' lang='lat' dir='ltr'><strong>gratiarum</strong></span> <span class='ocrx_word' id='word_1_129' title='bbox 537 1338 644 1376; x_wconf 85' lang='lat' dir='ltr'><strong>actio,</strong></span> <span class='ocrx_word' id='word_1_130' title='bbox 676 1340 840 1371; x_wconf 82' lang='lat' dir='ltr'><strong>solemnis</strong></span> 
     </span>
     <span class='ocr_line' id='line_1_24' title="bbox 130 1381 842 1425; baseline -0.003 -10"><span class='ocrx_word' id='word_1_131' title='bbox 130 1382 296 1425; x_wconf 86' lang='lat' dir='ltr'><strong>triumphi</strong></span> <span class='ocrx_word' id='word_1_132' title='bbox 308 1382 487 1424; x_wconf 81' lang='lat' dir='ltr'>professio,</span> <span class='ocrx_word' id='word_1_133' title='bbox 497 1387 530 1413; x_wconf 88' lang='lat' dir='ltr'><strong>et</strong></span> <span class='ocrx_word' id='word_1_134' title='bbox 544 1381 842 1424; x_wconf 88' lang='lat' dir='ltr'><strong>gaudii,ultionis,</strong></span> 
     </span>
     <span class='ocr_line' id='line_1_25' title="bbox 128 1426 841 1469; baseline -0.003 -10"><span class='ocrx_word' id='word_1_135' title='bbox 128 1427 352 1469; x_wconf 65' lang='lat' dir='ltr'><strong>victoriaeque</strong></span> <span class='ocrx_word' id='word_1_136' title='bbox 390 1426 693 1467; x_wconf 82' lang='lat' dir='ltr'><strong>complementum.</strong></span> <span class='ocrx_word' id='word_1_137' title='bbox 771 1427 841 1458; x_wconf 85' lang='lat' dir='ltr'><strong>Res</strong></span> 
     </span>
     <span class='ocr_line' id='line_1_26' title="bbox 128 1470 840 1504; baseline -0.004 -1"><span class='ocrx_word' id='word_1_138' title='bbox 128 1472 245 1504; x_wconf 79' lang='lat' dir='ltr'><strong>densis</strong></span> <span class='ocrx_word' id='word_1_139' title='bbox 272 1471 422 1504; x_wconf 82' lang='lat' dir='ltr'><strong>tenebris</strong></span> <span class='ocrx_word' id='word_1_140' title='bbox 452 1470 563 1502; x_wconf 77' lang='lat' dir='ltr'><strong>offusa</strong></span> <span class='ocrx_word' id='word_1_141' title='bbox 592 1471 693 1502; x_wconf 86' lang='lat' dir='ltr'><strong>latet:</strong></span> <span class='ocrx_word' id='word_1_142' title='bbox 729 1470 840 1501; x_wconf 80' lang='lat' dir='ltr'><strong>&#39;nolim</strong></span> 
     </span>
     <span class='ocr_line' id='line_1_27' title="bbox 129 1514 840 1558; baseline -0.001 -11"><span class='ocrx_word' id='word_1_143' title='bbox 129 1527 212 1558; x_wconf 83' lang='lat' dir='ltr'><strong>ergo</strong></span> <span class='ocrx_word' id='word_1_144' title='bbox 238 1515 408 1548; x_wconf 81' lang='lat' dir='ltr'><strong>Caesarem</strong></span> <span class='ocrx_word' id='word_1_145' title='bbox 436 1514 642 1557; x_wconf 83' lang='lat' dir='ltr'><strong>simpliciter</strong></span> <span class='ocrx_word' id='word_1_146' title='bbox 669 1514 840 1547; x_wconf 80' lang='lat' dir='ltr'><strong>mendacii</strong></span> 
     </span>
     <span class='ocr_line' id='line_1_28' title="bbox 129 1560 569 1602; baseline -0.005 -10"><span class='ocrx_word' id='word_1_147' title='bbox 129 1565 165 1592; x_wconf 81' lang='lat' dir='ltr'><strong>et</strong></span> <span class='ocrx_word' id='word_1_148' title='bbox 178 1560 303 1592; x_wconf 83' lang='lat' dir='ltr'><strong>erroris</strong></span> <span class='ocrx_word' id='word_1_149' title='bbox 319 1570 472 1602; x_wconf 76' lang='lat' dir='ltr'><strong>arguere.</strong></span> <span class='ocrx_word' id='word_1_150' title='bbox 516 1560 569 1591; x_wconf 87' lang='lat' dir='ltr'><strong>M.</strong></span> 
     </span>
    </p>

    <p class='ocr_par' dir='ltr' id='par_1_9' title="bbox 126 1602 842 3060">
     <span class='ocr_line' id='line_1_29' title="bbox 176 1602 839 1637; baseline -0.002 -2"><span class='ocrx_word' id='word_1_151' title='bbox 176 1606 329 1637; x_wconf 65' lang='lat' dir='ltr'><strong>Deorum</strong></span> <span class='ocrx_word' id='word_1_152' title='bbox 351 1614 475 1635; x_wconf 75' lang='lat' dir='ltr'><strong>numer</strong></span> <span class='ocrx_word' id='word_1_153' title='bbox 476 1603 693 1634; x_wconf 67' lang='lat' dir='ltr'><strong>o—Lttnam.</strong></span> <span class='ocrx_word' id='word_1_154' title='bbox 754 1602 839 1634; x_wconf 86' lang='lat' dir='ltr'><strong>Haec</strong></span> 
     </span>
     <span class='ocr_line' id='line_1_30' title="bbox 126 1646 841 1690; baseline -0.006 -10"><span class='ocrx_word' id='word_1_155' title='bbox 126 1647 313 1690; x_wconf 79' lang='lat' dir='ltr'><strong>descriptio</strong></span> <span class='ocrx_word' id='word_1_156' title='bbox 330 1647 410 1679; x_wconf 77' lang='lat' dir='ltr'><strong>satis</strong></span> <span class='ocrx_word' id='word_1_157' title='bbox 425 1646 586 1685; x_wconf 71' lang='lat' dir='ltr'><strong>declarat,</strong></span> <span class='ocrx_word' id='word_1_158' title='bbox 612 1646 744 1687; x_wconf 88' lang='lat' dir='ltr'><strong>priscos</strong></span> <span class='ocrx_word' id='word_1_159' title='bbox 758 1646 841 1677; x_wconf 88' lang='lat' dir='ltr'><strong>Ger-</strong></span> 
     </span>
     <span class='ocr_line' id='line_1_31' title="bbox 130 1689 842 1724; baseline -0.003 0"><span class='ocrx_word' id='word_1_160' title='bbox 130 1701 249 1724; x_wconf 87' lang='lat' dir='ltr'><strong>manos</strong></span> <span class='ocrx_word' id='word_1_161' title='bbox 277 1691 428 1723; x_wconf 75' lang='lat' dir='ltr'><strong>maxime</strong></span> <span class='ocrx_word' id='word_1_162' title='bbox 451 1690 697 1722; x_wconf 79' lang='lat' dir='ltr'><strong>memorabiles</strong></span> <span class='ocrx_word' id='word_1_163' title='bbox 720 1689 842 1722; x_wconf 85' lang='lat' dir='ltr'><strong>mundi</strong></span> 
     </span>
     <span class='ocr_line' id='line_1_32' title="bbox 129 1734 841 1786; baseline -0.004 -18"><span class='ocrx_word' id='word_1_164' title='bbox 129 1741 244 1786; x_wconf 77' lang='lat' dir='ltr'><strong>partes</strong></span> <span class='ocrx_word' id='word_1_165' title='bbox 254 1745 439 1777; x_wconf 90' lang='lat' dir='ltr'><strong>earumque</strong></span> <span class='ocrx_word' id='word_1_166' title='bbox 452 1734 621 1767; x_wconf 83' lang='lat' dir='ltr'><strong>beneficia</strong></span> <span class='ocrx_word' id='word_1_167' title='bbox 636 1734 841 1773; x_wconf 77' lang='lat' dir='ltr'><strong>adtendisse,</strong></span> 
     </span>
     <span class='ocr_line' id='line_1_33' title="bbox 126 1778 839 1820; baseline -0.004 -7"><span class='ocrx_word' id='word_1_168' title='bbox 126 1780 314 1813; x_wconf 79' lang='lat' dir='ltr'><strong>admiratos</strong></span> <span class='ocrx_word' id='word_1_169' title='bbox 328 1790 400 1811; x_wconf 87' lang='lat' dir='ltr'><strong>esse</strong></span> <span class='ocrx_word' id='word_1_170' title='bbox 410 1785 444 1811; x_wconf 86' lang='lat' dir='ltr'><strong>et</strong></span> <span class='ocrx_word' id='word_1_171' title='bbox 455 1778 676 1810; x_wconf 87' lang='lat' dir='ltr'><strong>veneratione</strong></span> <span class='ocrx_word' id='word_1_172' title='bbox 689 1779 839 1820; x_wconf 80' lang='lat' dir='ltr'><strong>quadam</strong></span> 
     </span>
     <span class='ocr_line' id='line_1_34' title="bbox 128 1823 840 1864; baseline -0.004 -7"><span class='ocrx_word' id='word_1_173' title='bbox 128 1825 299 1857; x_wconf 78' lang='lat' dir='ltr'><strong>coluisse·</strong></span> <span class='ocrx_word' id='word_1_174' title='bbox 339 1824 418 1856; x_wconf 80' lang='lat' dir='ltr'><strong>illas</strong></span> <span class='ocrx_word' id='word_1_175' title='bbox 443 1834 522 1855; x_wconf 79' lang='lat' dir='ltr'><strong>vero</strong></span> <span class='ocrx_word' id='word_1_176' title='bbox 552 1823 722 1862; x_wconf 90' lang='lat' dir='ltr'><strong>notiones,</strong></span> <span class='ocrx_word' id='word_1_177' title='bbox 753 1833 840 1864; x_wconf 86' lang='lat' dir='ltr'><strong>quas</strong></span> 
     </span>
     <span class='ocr_line' id='line_1_35' title="bbox 127 1867 839 1910; baseline -0.004 -9"><span class='ocrx_word' id='word_1_178' title='bbox 127 1869 239 1901; x_wconf 87' lang='lat' dir='ltr'><strong>Graeci</strong></span> <span class='ocrx_word' id='word_1_179' title='bbox 267 1868 485 1910; x_wconf 90' lang='lat' dir='ltr'><strong>Romanique</strong></span> <span class='ocrx_word' id='word_1_180' title='bbox 502 1877 583 1899; x_wconf 87' lang='lat' dir='ltr'><strong>cum</strong></span> <span class='ocrx_word' id='word_1_181' title='bbox 608 1867 663 1899; x_wconf 88' lang='lat' dir='ltr'><strong>his</strong></span> <span class='ocrx_word' id='word_1_182' title='bbox 681 1868 839 1908; x_wconf 83' lang='lat' dir='ltr'><strong>partibus</strong></span> 
     </span>
     <span class='ocr_line' id='line_1_36' title="bbox 128 1910 840 1954; baseline -0.004 -9"><span class='ocrx_word' id='word_1_183' title='bbox 128 1919 258 1945; x_wconf 81' lang='lat' dir='ltr'><strong>naturae</strong></span> <span class='ocrx_word' id='word_1_184' title='bbox 280 1913 436 1945; x_wconf 84' lang='lat' dir='ltr'><strong>fabulose</strong></span> <span class='ocrx_word' id='word_1_185' title='bbox 459 1912 715 1954; x_wconf 78' lang='lat' dir='ltr'><strong>conjunxerunt,</strong></span> <span class='ocrx_word' id='word_1_186' title='bbox 743 1910 840 1953; x_wconf 83' lang='lat' dir='ltr'><strong>igno-</strong></span> 
     </span>
     <span class='ocr_line' id='line_1_37' title="bbox 130 1950 840 1998; baseline -0.004 -9"><span class='ocrx_word' id='word_1_187' title='bbox 130 1967 240 1989; x_wconf 88' lang='lat' dir='ltr'><strong>rasse.</strong></span> <span class='ocrx_word' id='word_1_188' title='bbox 266 1955 374 1995; x_wconf 80' lang='lat' dir='ltr'><strong>Quod</strong></span> <span class='ocrx_word' id='word_1_189' title='bbox 390 1957 419 1988; x_wconf 88' lang='lat' dir='ltr'><strong>si</strong></span> <span class='ocrx_word' id='word_1_190' title='bbox 433 1967 513 1988; x_wconf 83' lang='lat' dir='ltr'><strong>cum</strong></span> <span class='ocrx_word' id='word_1_191' title='bbox 531 1957 595 1988; x_wconf 84' lang='lat' dir='ltr'><strong>hac</strong></span> <span class='ocrx_word' id='word_1_192' title='bbox 612 1950 840 1998; x_wconf 78' lang='lat' dir='ltr'><strong>descriptione</strong></span> 
     </span>
     <span class='ocr_line' id='line_1_38' title="bbox 127 2000 840 2051; baseline -0.003 -18"><span class='ocrx_word' id='word_1_193' title='bbox 127 2012 379 2051; x_wconf 79' lang='lat' dir='ltr'><strong>comparemus,</strong></span> <span class='ocrx_word' id='word_1_194' title='bbox 403 2011 464 2033; x_wconf 88' lang='lat' dir='ltr'><strong>eos</strong></span> <span class='ocrx_word' id='word_1_195' title='bbox 478 2001 608 2042; x_wconf 83' lang='lat' dir='ltr'><strong>templa</strong></span> <span class='ocrx_word' id='word_1_196' title='bbox 622 2000 717 2031; x_wconf 84' lang='lat' dir='ltr'><strong>nulla</strong></span> <span class='ocrx_word' id='word_1_197' title='bbox 731 2005 840 2032; x_wconf 76' lang='lat' dir='ltr'><strong>strux-</strong></span> 
     </span>
     <span class='ocr_line' id='line_1_39' title="bbox 128 2043 840 2087; baseline -0.003 -10"><span class='ocrx_word' id='word_1_198' title='bbox 128 2045 209 2084; x_wconf 89' lang='lat' dir='ltr'><strong>isse,</strong></span> <span class='ocrx_word' id='word_1_199' title='bbox 248 2051 283 2077; x_wconf 82' lang='lat' dir='ltr'><strong>et</strong></span> <span class='ocrx_word' id='word_1_200' title='bbox 325 2044 515 2087; x_wconf 79' lang='lat' dir='ltr'><strong>regnatoris</strong></span> <span class='ocrx_word' id='word_1_201' title='bbox 554 2044 720 2083; x_wconf 83' lang='lat' dir='ltr'><strong>omnium,</strong></span> <span class='ocrx_word' id='word_1_202' title='bbox 761 2043 840 2083; x_wconf 89' lang='lat' dir='ltr'><strong>Dei,</strong></span> 
     </span>
     <span class='ocr_line' id='line_1_40' title="bbox 129 2089 840 2129; baseline -0.003 -8"><span class='ocrx_word' id='word_1_203' title='bbox 129 2089 291 2121; x_wconf 85' lang='lat' dir='ltr'><strong>notitiam</strong></span> <span class='ocrx_word' id='word_1_204' title='bbox 307 2089 469 2121; x_wconf 83' lang='lat' dir='ltr'><strong>habuisse</strong></span> <span class='ocrx_word' id='word_1_205' title='bbox 482 2089 581 2128; x_wconf 85' lang='lat' dir='ltr'><strong>(Tac.</strong></span> <span class='ocrx_word' id='word_1_206' title='bbox 597 2089 755 2120; x_wconf 83' lang='lat' dir='ltr'><strong>German.</strong></span> <span class='ocrx_word' id='word_1_207' title='bbox 770 2090 840 2129; x_wconf 80' lang='lat'><strong>39),</strong></span> 
     </span>
     <span class='ocr_line' id='line_1_41' title="bbox 128 2134 838 2166; baseline -0.001 -1"><span class='ocrx_word' id='word_1_208' title='bbox 128 2134 233 2165; x_wconf 81' lang='lat' dir='ltr'><strong>etiam</strong></span> <span class='ocrx_word' id='word_1_209' title='bbox 248 2138 373 2166; x_wconf 75' lang='lat' dir='ltr'><strong>ten-am</strong></span> <span class='ocrx_word' id='word_1_210' title='bbox 397 2139 539 2165; x_wconf 87' lang='lat' dir='ltr'><strong>matrem</strong></span> <span class='ocrx_word' id='word_1_211' title='bbox 564 2139 741 2164; x_wconf 87' lang='lat' dir='ltr'><strong>veneratos</strong></span> <span class='ocrx_word' id='word_1_212' title='bbox 765 2144 838 2165; x_wconf 88' lang='lat' dir='ltr'><strong>esse</strong></span> 
     </span>
     <span class='ocr_line' id='line_1_42' title="bbox 127 2177 839 2219; baseline -0.001 -10"><span class='ocrx_word' id='word_1_213' title='bbox 127 2177 229 2218; x_wconf 80' lang='lat' dir='ltr'><strong>(ibid.</strong></span> <span class='ocrx_word' id='word_1_214' title='bbox 255 2188 285 2209; x_wconf 90' lang='lat' dir='ltr'><strong>c.</strong></span> <span class='ocrx_word' id='word_1_215' title='bbox 317 2178 392 2217; x_wconf 64' lang='grc' dir='ltr'><strong>ΙἱΟ)ε</strong></span> <span class='ocrx_word' id='word_1_216' title='bbox 436 2183 528 2209; x_wconf 82' lang='lat' dir='ltr'><strong>recte</strong></span> <span class='ocrx_word' id='word_1_217' title='bbox 547 2177 681 2208; x_wconf 87' lang='lat' dir='ltr'><strong>videtur</strong></span> <span class='ocrx_word' id='word_1_218' title='bbox 705 2177 839 2219; x_wconf 84' lang='lat' dir='ltr'><strong>colligi,</strong></span> 
     </span>
     <span class='ocr_line' id='line_1_43' title="bbox 131 2220 838 2264; baseline -0.003 -10"><span class='ocrx_word' id='word_1_219' title='bbox 131 2221 261 2264; x_wconf 86' lang='lat' dir='ltr'><strong>priscos</strong></span> <span class='ocrx_word' id='word_1_220' title='bbox 275 2222 463 2254; x_wconf 88' lang='lat' dir='ltr'><strong>Germanos</strong></span> <span class='ocrx_word' id='word_1_221' title='bbox 478 2222 524 2253; x_wconf 89' lang='lat' dir='ltr'><strong>ab</strong></span> <span class='ocrx_word' id='word_1_222' title='bbox 540 2220 744 2260; x_wconf 87' lang='lat' dir='ltr'><strong>idololatria,</strong></span> <span class='ocrx_word' id='word_1_223' title='bbox 763 2231 838 2264; x_wconf 85' lang='lat' dir='ltr'><strong>quae</strong></span> 
     </span>
     <span class='ocr_line' id='line_1_44' title="bbox 130 2265 841 2309; baseline -0.001 -11"><span class='ocrx_word' id='word_1_224' title='bbox 130 2266 268 2309; x_wconf 86' lang='lat' dir='ltr'><strong>proprie</strong></span> <span class='ocrx_word' id='word_1_225' title='bbox 311 2266 448 2304; x_wconf 78' lang='lat' dir='ltr'><strong>dicitur,</strong></span> <span class='ocrx_word' id='word_1_226' title='bbox 494 2265 626 2297; x_wconf 82' lang='lat' dir='ltr'><strong>alienos</strong></span> <span class='ocrx_word' id='word_1_227' title='bbox 662 2265 767 2297; x_wconf 79' lang='lat' dir='ltr'><strong>fuisse</strong></span> <span class='ocrx_word' id='word_1_228' title='bbox 805 2271 841 2297; x_wconf 84' lang='lat' dir='ltr'><strong>et</strong></span> 
     </span>
     <span class='ocr_line' id='line_1_45' title="bbox 129 2310 840 2352; baseline -0.003 -9"><span class='ocrx_word' id='word_1_229' title='bbox 129 2310 294 2352; x_wconf 83' lang='lat' dir='ltr'><strong>religione</strong></span> <span class='ocrx_word' id='word_1_230' title='bbox 304 2311 411 2343; x_wconf 85' lang='lat' dir='ltr'><strong>multo</strong></span> <span class='ocrx_word' id='word_1_231' title='bbox 424 2310 573 2352; x_wconf 88' lang='lat' dir='ltr'><strong>puriore,</strong></span> <span class='ocrx_word' id='word_1_232' title='bbox 584 2320 686 2352; x_wconf 86' lang='lat' dir='ltr'><strong>quam</strong></span> <span class='ocrx_word' id='word_1_233' title='bbox 702 2310 840 2341; x_wconf 78' lang='lat' dir='ltr'><strong>Graecos</strong></span> 
     </span>
     <span class='ocr_line' id='line_1_46' title="bbox 130 2353 838 2393; baseline -0.003 -7"><span class='ocrx_word' id='word_1_234' title='bbox 130 2360 166 2386; x_wconf 89' lang='lat' dir='ltr'><strong>et</strong></span> <span class='ocrx_word' id='word_1_235' title='bbox 182 2355 367 2393; x_wconf 80' lang='lat' dir='ltr'><strong>Romanos,</strong></span> <span class='ocrx_word' id='word_1_236' title='bbox 390 2365 470 2386; x_wconf 89' lang='lat' dir='ltr'><strong>usos</strong></span> <span class='ocrx_word' id='word_1_237' title='bbox 485 2365 572 2386; x_wconf 86' lang='lat' dir='ltr'><strong>esse.</strong></span> <span class='ocrx_word' id='word_1_238' title='bbox 618 2354 714 2386; x_wconf 81' lang='lat' dir='ltr'><strong>Unde</strong></span> <span class='ocrx_word' id='word_1_239' title='bbox 733 2353 838 2385; x_wconf 78' lang='lat' dir='ltr'><strong>etiam</strong></span> 
     </span>
     <span class='ocr_line' id='line_1_47' title="bbox 133 2398 838 2440; baseline -0.001 -11"><span class='ocrx_word' id='word_1_240' title='bbox 133 2398 320 2438; x_wconf 82' lang='lat' dir='ltr'><strong>Vulcanus,</strong></span> <span class='ocrx_word' id='word_1_241' title='bbox 343 2409 448 2440; x_wconf 87' lang='lat' dir='ltr'><strong>quem</strong></span> <span class='ocrx_word' id='word_1_242' title='bbox 468 2398 581 2430; x_wconf 87' lang='lat' dir='ltr'><strong>Caesar</strong></span> <span class='ocrx_word' id='word_1_243' title='bbox 604 2398 710 2430; x_wconf 71' lang='lat' dir='ltr'><strong>latino</strong></span> <span class='ocrx_word' id='word_1_244' title='bbox 733 2408 838 2429; x_wconf 87' lang='lat' dir='ltr'><strong>voca-</strong></span> 
     </span>
     <span class='ocr_line' id='line_1_48' title="bbox 130 2441 839 2485; baseline -0.001 -12"><span class='ocrx_word' id='word_1_245' title='bbox 130 2442 215 2474; x_wconf 84' lang='lat' dir='ltr'><strong>bulo</strong></span> <span class='ocrx_word' id='word_1_246' title='bbox 230 2442 326 2481; x_wconf 79' lang='lat' dir='ltr'><strong>dixit,</strong></span> <span class='ocrx_word' id='word_1_247' title='bbox 341 2449 394 2474; x_wconf 89' lang='lat' dir='ltr'><strong>est</strong></span> <span class='ocrx_word' id='word_1_248' title='bbox 409 2446 512 2485; x_wconf 70' lang='lat' dir='ltr'><strong>iynis,</strong></span> <span class='ocrx_word' id='word_1_249' title='bbox 537 2442 610 2474; x_wconf 89' lang='lat' dir='ltr'><strong>sive</strong></span> <span class='ocrx_word' id='word_1_250' title='bbox 628 2441 733 2474; x_wconf 90' lang='lat' dir='ltr'><strong>solis</strong></span> <span class='ocrx_word' id='word_1_251' title='bbox 726 2452 839 2484; x_wconf 83' lang='lat' dir='ltr'><strong>ignem</strong></span> 
     </span>
     <span class='ocr_line' id='line_1_49' title="bbox 130 2486 840 2529; baseline 0 -12"><span class='ocrx_word' id='word_1_252' title='bbox 130 2486 311 2529; x_wconf 80' lang='lat' dir='ltr'><strong>intelligas</strong></span> <span class='ocrx_word' id='word_1_253' title='bbox 331 2487 402 2518; x_wconf 83' lang='lat' dir='ltr'><strong>sive</strong></span> <span class='ocrx_word' id='word_1_254' title='bbox 425 2497 555 2519; x_wconf 88' lang='lat' dir='ltr'><strong>sacrum</strong></span> <span class='ocrx_word' id='word_1_255' title='bbox 570 2487 684 2528; x_wconf 85' lang='lat' dir='ltr'><strong>ignem</strong></span> <span class='ocrx_word' id='word_1_256' title='bbox 708 2486 742 2517; x_wconf 88' lang='lat' dir='ltr'><strong>in</strong></span> <span class='ocrx_word' id='word_1_257' title='bbox 757 2496 840 2518; x_wconf 89' lang='lat' dir='ltr'><strong>con-</strong></span> 
     </span>
     <span class='ocr_line' id='line_1_50' title="bbox 129 2528 840 2573; baseline -0.001 -11"><span class='ocrx_word' id='word_1_258' title='bbox 129 2531 288 2562; x_wconf 86' lang='lat' dir='ltr'><strong>ventibus</strong></span> <span class='ocrx_word' id='word_1_259' title='bbox 302 2531 438 2562; x_wconf 88' lang='lat' dir='ltr'><strong>illorum</strong></span> <span class='ocrx_word' id='word_1_260' title='bbox 448 2541 629 2563; x_wconf 88' lang='lat' dir='ltr'><strong>accensum</strong></span> <span class='ocrx_word' id='word_1_261' title='bbox 646 2536 755 2573; x_wconf 78' lang='lat' dir='ltr'><strong>putes,</strong></span> <span class='ocrx_word' id='word_1_262' title='bbox 768 2528 840 2561; x_wconf 88' lang='lat' dir='ltr'><strong>effi-</strong></span> 
     </span>
     <span class='ocr_line' id='line_1_51' title="bbox 130 2574 839 2617; baseline -0.001 -11"><span class='ocrx_word' id='word_1_263' title='bbox 130 2574 221 2617; x_wconf 86' lang='lat' dir='ltr'><strong>giem</strong></span> <span class='ocrx_word' id='word_1_264' title='bbox 237 2575 330 2606; x_wconf 90' lang='lat' dir='ltr'><strong>solis.</strong></span> <span class='ocrx_word' id='word_1_265' title='bbox 365 2575 469 2606; x_wconf 79' lang='lat' dir='ltr'><strong>Estne</strong></span> <span class='ocrx_word' id='word_1_266' title='bbox 481 2574 587 2617; x_wconf 81' lang='lat' dir='ltr'><strong>igitur</strong></span> <span class='ocrx_word' id='word_1_267' title='bbox 599 2575 723 2607; x_wconf 88' lang='lat' dir='ltr'><strong>mirum</strong></span> <span class='ocrx_word' id='word_1_268' title='bbox 739 2581 772 2605; x_wconf 91' lang='lat' dir='ltr'><strong>et</strong></span> <span class='ocrx_word' id='word_1_269' title='bbox 788 2574 839 2606; x_wconf 92' lang='lat' dir='ltr'><strong>in-</strong></span> 
     </span>
     <span class='ocr_line' id='line_1_52' title="bbox 131 2618 839 2661; baseline 0 -11"><span class='ocrx_word' id='word_1_270' title='bbox 131 2618 310 2657; x_wconf 84' lang='lat' dir='ltr'><strong>credibile,</strong></span> <span class='ocrx_word' id='word_1_271' title='bbox 324 2620 417 2661; x_wconf 87' lang='lat' dir='ltr'><strong>quod</strong></span> <span class='ocrx_word' id='word_1_272' title='bbox 427 2618 538 2650; x_wconf 84' lang='lat' dir='ltr'><strong>Caesar</strong></span> <span class='ocrx_word' id='word_1_273' title='bbox 546 2619 681 2661; x_wconf 82' lang='lat' dir='ltr'><strong>negavit</strong></span> <span class='ocrx_word' id='word_1_274' title='bbox 697 2619 839 2651; x_wconf 81' lang='lat' dir='ltr'><strong>Germa-</strong></span> 
     </span>
     <span class='ocr_line' id='line_1_53' title="bbox 128 2662 840 2704; baseline 0 -10"><span class='ocrx_word' id='word_1_275' title='bbox 128 2673 190 2695; x_wconf 88' lang='lat' dir='ltr'><strong>nos</strong></span> <span class='ocrx_word' id='word_1_276' title='bbox 199 2663 357 2696; x_wconf 89' lang='lat' dir='ltr'><strong>habuisse</strong></span> <span class='ocrx_word' id='word_1_277' title='bbox 366 2662 513 2695; x_wconf 84' lang='lat' dir='ltr'><strong>Druidas</strong></span> <span class='ocrx_word' id='word_1_278' title='bbox 520 2663 762 2704; x_wconf 79' lang='lat' dir='ltr'><strong>sacrificiisque</strong></span> <span class='ocrx_word' id='word_1_279' title='bbox 771 2668 840 2694; x_wconf 87' lang='lat' dir='ltr'><strong>stu-</strong></span> 
     </span>
     <span class='ocr_line' id='line_1_54' title="bbox 129 2706 840 2740; baseline 0 -1"><span class='ocrx_word' id='word_1_280' title='bbox 129 2707 262 2740; x_wconf 79' lang='lat' dir='ltr'><strong>duisse?</strong></span> <span class='ocrx_word' id='word_1_281' title='bbox 305 2707 425 2739; x_wconf 85' lang='lat' dir='ltr'><strong>Nonne</strong></span> <span class='ocrx_word' id='word_1_282' title='bbox 439 2706 570 2740; x_wconf 89' lang='lat' dir='ltr'><strong>videtur</strong></span> <span class='ocrx_word' id='word_1_283' title='bbox 585 2707 761 2739; x_wconf 85' lang='lat' dir='ltr'><strong>inmolatio</strong></span> <span class='ocrx_word' id='word_1_284' title='bbox 778 2707 840 2739; x_wconf 91' lang='lat' dir='ltr'><strong>ho-</strong></span> 
     </span>
     <span class='ocr_line' id='line_1_55' title="bbox 128 2750 839 2791; baseline -0.003 -7"><span class='ocrx_word' id='word_1_285' title='bbox 128 2752 260 2784; x_wconf 86' lang='lat' dir='ltr'><strong>minum</strong></span> <span class='ocrx_word' id='word_1_286' title='bbox 288 2751 391 2784; x_wconf 83' lang='lat' dir='ltr'><strong>fuisse</strong></span> <span class='ocrx_word' id='word_1_287' title='bbox 428 2752 551 2791; x_wconf 71' lang='lat' dir='ltr'><strong>caedes,</strong></span> <span class='ocrx_word' id='word_1_288' title='bbox 584 2751 655 2783; x_wconf 81' lang='lat' dir='ltr'><strong>alio</strong></span> <span class='ocrx_word' id='word_1_289' title='bbox 692 2750 839 2783; x_wconf 89' lang='lat' dir='ltr'><strong>consilio</strong></span> 
     </span>
     <span class='ocr_line' id='line_1_56' title="bbox 129 2795 840 2838; baseline 0 -10"><span class='ocrx_word' id='word_1_290' title='bbox 129 2797 232 2836; x_wconf 84' lang='lat' dir='ltr'><strong>facta,</strong></span> <span class='ocrx_word' id='word_1_291' title='bbox 242 2807 345 2838; x_wconf 87' lang='lat' dir='ltr'><strong>quam</strong></span> <span class='ocrx_word' id='word_1_292' title='bbox 357 2801 395 2827; x_wconf 89' lang='lat' dir='ltr'><strong>ut</strong></span> <span class='ocrx_word' id='word_1_293' title='bbox 409 2802 603 2828; x_wconf 84' lang='lat' dir='ltr'><strong>mercaturae</strong></span> <span class='ocrx_word' id='word_1_294' title='bbox 615 2795 771 2827; x_wconf 89' lang='lat' dir='ltr'><strong>itinerum</strong></span> <span class='ocrx_word' id='word_1_295' title='bbox 795 2806 840 2828; x_wconf 90' lang='lat' dir='ltr'><strong>ue</strong></span> 
     </span>
     <span class='ocr_line' id='line_1_57' title="bbox 132 2839 840 2883; baseline 0 -10"><span class='ocrx_word' id='word_1_296' title='bbox 132 2851 255 2883; x_wconf 84' lang='lat' dir='ltr'><strong>praeses</strong></span> <span class='ocrx_word' id='word_1_297' title='bbox 267 2841 359 2872; x_wconf 86' lang='lat' dir='ltr'><strong>Deus</strong></span> <span class='ocrx_word' id='word_1_298' title='bbox 366 2840 537 2882; x_wconf 83' lang='lat' dir='ltr'><strong>propitius</strong></span> <span class='ocrx_word' id='word_1_299' title='bbox 548 2839 759 2872; x_wconf 79' lang='lat' dir='ltr'><strong>redderetur?</strong></span> <span class='ocrx_word' id='word_1_300' title='bbox 797 2841 840 2873; x_wconf 77' lang='lat' dir='ltr'><strong>ed</strong></span> 
     </span>
     <span class='ocr_line' id='line_1_58' title="bbox 130 2884 838 2926; baseline 0.001 -10"><span class='ocrx_word' id='word_1_301' title='bbox 130 2884 218 2917; x_wconf 86' lang='lat' dir='ltr'><strong>nihil</strong></span> <span class='ocrx_word' id='word_1_302' title='bbox 244 2885 278 2917; x_wconf 92' lang='lat' dir='ltr'><strong>in</strong></span> <span class='ocrx_word' id='word_1_303' title='bbox 296 2885 348 2917; x_wconf 88' lang='lat' dir='ltr'><strong>his</strong></span> <span class='ocrx_word' id='word_1_304' title='bbox 373 2884 520 2917; x_wconf 89' lang='lat' dir='ltr'><strong>tenebris</strong></span> <span class='ocrx_word' id='word_1_305' title='bbox 548 2890 760 2926; x_wconf 88' lang='lat' dir='ltr'><strong>reperturum</strong></span> <span class='ocrx_word' id='word_1_306' title='bbox 782 2895 838 2917; x_wconf 89' lang='lat' dir='ltr'><strong>me</strong></span> 
     </span>
     <span class='ocr_line' id='line_1_59' title="bbox 132 2928 838 2969; baseline 0.003 -9"><span class='ocrx_word' id='word_1_307' title='bbox 132 2939 205 2961; x_wconf 89' lang='lat' dir='ltr'><strong>esse</strong></span> <span class='ocrx_word' id='word_1_308' title='bbox 223 2930 372 2969; x_wconf 85' lang='lat' dir='ltr'><strong>confido,</strong></span> <span class='ocrx_word' id='word_1_309' title='bbox 401 2934 436 2961; x_wconf 87' lang='lat' dir='ltr'><strong>et</strong></span> <span class='ocrx_word' id='word_1_310' title='bbox 465 2939 507 2962; x_wconf 84' lang='lat' dir='ltr'><strong>ex</strong></span> <span class='ocrx_word' id='word_1_311' title='bbox 538 2928 646 2961; x_wconf 90' lang='lat' dir='ltr'><strong>animi</strong></span> <span class='ocrx_word' id='word_1_312' title='bbox 673 2928 838 2962; x_wconf 81' lang='lat' dir='ltr'><strong>sententia</strong></span> 
     </span>
     <span class='ocr_line' id='line_1_60' title="bbox 133 2973 837 3016; baseline 0.001 -11"><span class='ocrx_word' id='word_1_313' title='bbox 133 2974 244 3013; x_wconf 86' lang='lat' dir='ltr'><strong>probo</strong></span> <span class='ocrx_word' id='word_1_314' title='bbox 254 2975 440 3009; x_wconf 87' lang='lat' dir='ltr'><strong>modestam</strong></span> <span class='ocrx_word' id='word_1_315' title='bbox 452 2973 718 3016; x_wconf 78' lang='lat' dir='ltr'><strong>disputationem</strong></span> <span class='ocrx_word' id='word_1_316' title='bbox 727 2973 837 3006; x_wconf 87' lang='lat' dir='ltr'><strong>Mich.</strong></span> 
     </span>
     <span class='ocr_line' id='line_1_61' title="bbox 132 3017 837 3060; baseline 0.001 -8"><span class='ocrx_word' id='word_1_317' title='bbox 132 3018 202 3060; x_wconf 78' lang='lat' dir='ltr'><strong>Igu.</strong></span> <span class='ocrx_word' id='word_1_318' title='bbox 232 3018 411 3059; x_wconf 85' lang='lat' dir='ltr'><strong>Schmidii,</strong></span> <span class='ocrx_word' id='word_1_319' title='bbox 440 3018 475 3053; x_wconf 86' lang='lat' dir='ltr'><strong>in</strong></span> <span class='ocrx_word' id='word_1_320' title='bbox 498 3017 640 3055; x_wconf 74' lang='lat' dir='ltr'><strong>historia</strong></span> <span class='ocrx_word' id='word_1_321' title='bbox 653 3017 837 3054; x_wconf 61' lang='lat' dir='ltr'><strong>Germano-</strong></span> 
     </span>
    </p>
   </div>
   <div class='ocr_carea' id='block_1_9' title="bbox 364 592 1613 655">
    <p class='ocr_par' dir='ltr' id='par_1_10' title="bbox 364 592 1613 655">
     <span class='ocr_line' id='line_1_62' title="bbox 364 592 1613 655; baseline -0.001 -17"><span class='ocrx_word' id='word_1_322' title='bbox 364 595 454 645; x_wconf 78' lang='lat' dir='ltr'><strong>Qui</strong></span> <span class='ocrx_word' id='word_1_323' title='bbox 473 593 710 638; x_wconf 75' lang='lat' dir='ltr'><strong>diutissime</strong></span> <span class='ocrx_word' id='word_1_324' title='bbox 731 594 967 655; x_wconf 79' lang='lat' dir='ltr'><strong>inpuberes</strong></span> <span class='ocrx_word' id='word_1_325' title='bbox 1000 599 1352 652; x_wconf 78' lang='lat' dir='ltr'><strong>permanserunt,</strong></span> <span class='ocrx_word' id='word_1_326' title='bbox 1381 592 1613 637; x_wconf 79' lang='lat' dir='ltr'><strong>maximam</strong></span> 
     </span>
    </p>
   </div>
   <div class='ocr_carea' id='block_1_10' title="bbox 897 719 1654 3017">
    <p class='ocr_par' dir='ltr' id='par_1_11' title="bbox 897 719 1654 3017">
     <span class='ocr_line' id='line_1_63' title="bbox 903 719 1618 764; baseline 0 -10"><span class='ocrx_word' id='word_1_327' title='bbox 903 732 977 755; x_wconf 89' lang='lat' dir='ltr'><strong>rum</strong></span> <span class='ocrx_word' id='word_1_328' title='bbox 992 721 1034 754; x_wconf 91' lang='lat' dir='ltr'><strong>T.</strong></span> <span class='ocrx_word' id='word_1_329' title='bbox 1056 723 1084 754; x_wconf 91' lang='lat' dir='ltr'><strong>l.</strong></span> <span class='ocrx_word' id='word_1_330' title='bbox 1098 733 1133 764; x_wconf 87' lang='lat' dir='ltr'><strong>p.</strong></span> <span class='ocrx_word' id='word_1_331' title='bbox 1162 724 1217 761; x_wconf 82' lang='lat'><strong>43,</strong></span> <span class='ocrx_word' id='word_1_332' title='bbox 1239 720 1300 763; x_wconf 92' lang='lat' dir='ltr'><strong>qui</strong></span> <span class='ocrx_word' id='word_1_333' title='bbox 1315 719 1430 753; x_wconf 87' lang='lat' dir='ltr'><strong>missis</strong></span> <span class='ocrx_word' id='word_1_334' title='bbox 1457 720 1618 754; x_wconf 71' lang='lat' dir='ltr'><strong>omuibus</strong></span> 
     </span>
     <span class='ocr_line' id='line_1_64' title="bbox 897 765 1620 809; baseline -0.001 -10"><span class='ocrx_word' id='word_1_335' title='bbox 897 766 1115 809; x_wconf 76' lang='lat' dir='ltr'><strong>conjecturis,</strong></span> <span class='ocrx_word' id='word_1_336' title='bbox 1129 766 1263 806; x_wconf 78' lang='lat' dir='ltr'><strong>fatetur,</strong></span> <span class='ocrx_word' id='word_1_337' title='bbox 1279 769 1344 798; x_wconf 79' lang='lat' dir='ltr'><strong>nec</strong></span> <span class='ocrx_word' id='word_1_338' title='bbox 1359 775 1460 807; x_wconf 82' lang='lat' dir='ltr'><strong>posse</strong></span> <span class='ocrx_word' id='word_1_339' title='bbox 1477 765 1620 807; x_wconf 81' lang='lat' dir='ltr'><strong>religio-</strong></span> 
     </span>
     <span class='ocr_line' id='line_1_65' title="bbox 902 809 1619 852; baseline -0.006 -9"><span class='ocrx_word' id='word_1_340' title='bbox 902 821 980 843; x_wconf 89' lang='lat' dir='ltr'><strong>nem</strong></span> <span class='ocrx_word' id='word_1_341' title='bbox 997 811 1242 843; x_wconf 81' lang='lat' dir='ltr'><strong>Germanorum</strong></span> <span class='ocrx_word' id='word_1_342' title='bbox 1253 809 1432 852; x_wconf 82' lang='lat' dir='ltr'><strong>explicari,</strong></span> <span class='ocrx_word' id='word_1_343' title='bbox 1447 819 1510 840; x_wconf 90' lang='lat' dir='ltr'><strong>nec</strong></span> <span class='ocrx_word' id='word_1_344' title='bbox 1523 820 1619 851; x_wconf 81' lang='lat' dir='ltr'><strong>mag-</strong></span> 
     </span>
     <span class='ocr_line' id='line_1_66' title="bbox 900 853 1619 898; baseline -0.004 -11"><span class='ocrx_word' id='word_1_345' title='bbox 900 865 1031 898; x_wconf 83' lang='lat' dir='ltr'><strong>nopere</strong></span> <span class='ocrx_word' id='word_1_346' title='bbox 1056 855 1142 887; x_wconf 85' lang='lat' dir='ltr'><strong>utile</strong></span> <span class='ocrx_word' id='word_1_347' title='bbox 1167 854 1386 887; x_wconf 85' lang='lat' dir='ltr'><strong>videri.—De</strong></span> <span class='ocrx_word' id='word_1_348' title='bbox 1414 853 1512 885; x_wconf 89' lang='lat' dir='ltr'><strong>Luna</strong></span> <span class='ocrx_word' id='word_1_349' title='bbox 1528 854 1619 895; x_wconf 84' lang='lat' dir='ltr'><strong>apud</strong></span> 
     </span>
     <span class='ocr_line' id='line_1_67' title="bbox 901 898 1620 941; baseline -0.006 -9"><span class='ocrx_word' id='word_1_350' title='bbox 901 900 1090 933; x_wconf 80' lang='lat' dir='ltr'><strong>Germanos</strong></span> <span class='ocrx_word' id='word_1_351' title='bbox 1116 900 1210 932; x_wconf 80' lang='lat' dir='ltr'><strong>culta</strong></span> <span class='ocrx_word' id='word_1_352' title='bbox 1236 899 1266 931; x_wconf 79' lang='lat' dir='ltr'><strong>si</strong></span> <span class='ocrx_word' id='word_1_353' title='bbox 1284 898 1363 941; x_wconf 83' lang='lat' dir='ltr'><strong>quis</strong></span> <span class='ocrx_word' id='word_1_354' title='bbox 1386 898 1620 936; x_wconf 82' lang='lat' dir='ltr'><strong>collectanea,</strong></span> 
     </span>
     <span class='ocr_line' id='line_1_68' title="bbox 901 941 1621 986; baseline -0.006 -10"><span class='ocrx_word' id='word_1_355' title='bbox 901 954 972 977; x_wconf 72' lang='lat' dir='ltr'><strong>non</strong></span> <span class='ocrx_word' id='word_1_356' title='bbox 989 945 1075 976; x_wconf 87' lang='lat' dir='ltr'><strong>bene</strong></span> <span class='ocrx_word' id='word_1_357' title='bbox 1087 944 1233 986; x_wconf 78' lang='lat' dir='ltr'><strong>digesta,</strong></span> <span class='ocrx_word' id='word_1_358' title='bbox 1249 945 1363 986; x_wconf 81' lang='lat' dir='ltr'><strong>legere</strong></span> <span class='ocrx_word' id='word_1_359' title='bbox 1375 941 1621 984; x_wconf 53' lang='lat' dir='ltr'><strong>velitffeperiet</strong></span> 
     </span>
     <span class='ocr_line' id='line_1_69' title="bbox 911 986 1623 1031; baseline -0.004 -11"><span class='ocrx_word' id='word_1_360' title='bbox 911 990 1004 1031; x_wconf 83' lang='lat' dir='ltr'><strong>apud</strong></span> <span class='ocrx_word' id='word_1_361' title='bbox 1028 988 1216 1021; x_wconf 89' lang='lat' dir='ltr'><strong>Schedium</strong></span> <span class='ocrx_word' id='word_1_362' title='bbox 1238 989 1281 1020; x_wconf 89' lang='lat' dir='ltr'><strong>de</strong></span> <span class='ocrx_word' id='word_1_363' title='bbox 1306 987 1383 1020; x_wconf 91' lang='lat' dir='ltr'><strong>Diis</strong></span> <span class='ocrx_word' id='word_1_364' title='bbox 1400 986 1514 1019; x_wconf 84' lang='lat' dir='ltr'><strong>Germ.</strong></span> <span class='ocrx_word' id='word_1_365' title='bbox 1543 996 1623 1028; x_wconf 88' lang='lat' dir='ltr'><strong>cap.</strong></span> 
     </span>
     <span class='ocr_line' id='line_1_70' title="bbox 904 1029 1624 1076; baseline -0.006 -11"><span class='ocrx_word' id='word_1_366' title='bbox 904 1035 943 1065; x_wconf 90' lang='lat'><strong>9:</strong></span> <span class='ocrx_word' id='word_1_367' title='bbox 959 1033 1018 1065; x_wconf 91' lang='lat' dir='ltr'><strong>sed</strong></span> <span class='ocrx_word' id='word_1_368' title='bbox 1027 1044 1086 1065; x_wconf 84' lang='lat' dir='ltr'><strong>vix</strong></span> <span class='ocrx_word' id='word_1_369' title='bbox 1098 1033 1259 1076; x_wconf 81' lang='lat' dir='ltr'><strong>reperiet,</strong></span> <span class='ocrx_word' id='word_1_370' title='bbox 1270 1043 1339 1075; x_wconf 89' lang='lat' dir='ltr'><strong>quo</strong></span> <span class='ocrx_word' id='word_1_371' title='bbox 1350 1031 1459 1074; x_wconf 82' lang='lat' dir='ltr'><strong>possit</strong></span> <span class='ocrx_word' id='word_1_372' title='bbox 1469 1029 1545 1063; x_wconf 82' lang='lat' dir='ltr'><strong>niti.</strong></span> <span class='ocrx_word' id='word_1_373' title='bbox 1569 1030 1624 1062; x_wconf 82' lang='lat' dir='ltr'><strong>M.</strong></span> 
     </span>
     <span class='ocr_line' id='line_1_71' title="bbox 953 1076 1622 1120; baseline -0.003 -12"><span class='ocrx_word' id='word_1_374' title='bbox 953 1078 1114 1120; x_wconf 73' lang='lat' dir='ltr'><strong>Reliquos</strong></span> <span class='ocrx_word' id='word_1_375' title='bbox 1143 1088 1186 1110; x_wconf 81' lang='lat' dir='ltr'><strong>ne</strong></span> <span class='ocrx_word' id='word_1_376' title='bbox 1216 1078 1322 1119; x_wconf 72' lang='lat' dir='ltr'><strong>fama</strong></span> <span class='ocrx_word' id='word_1_377' title='bbox 1358 1076 1498 1118; x_wconf 71' lang='lat' dir='ltr'><strong>quidem</strong></span> <span class='ocrx_word' id='word_1_378' title='bbox 1525 1084 1622 1107; x_wconf 83' lang='lat' dir='ltr'><strong>acce-</strong></span> 
     </span>
     <span class='ocr_line' id='line_1_72' title="bbox 1032 1119 1622 1160; baseline -0.005 -7"><span class='ocrx_word' id='word_1_379' title='bbox 1032 1146 1039 1153; x_wconf 91' lang='lat'>.</span> <span class='ocrx_word' id='word_1_380' title='bbox 1085 1123 1129 1154; x_wconf 73' lang='lat' dir='ltr'><strong>Et</strong></span> <span class='ocrx_word' id='word_1_381' title='bbox 1142 1128 1259 1154; x_wconf 75' lang='lat' dir='ltr'><strong>tamen</strong></span> <span class='ocrx_word' id='word_1_382' title='bbox 1281 1120 1422 1153; x_wconf 80' lang='lat' dir='ltr'><strong>Tacitus</strong></span> <span class='ocrx_word' id='word_1_383' title='bbox 1444 1119 1622 1160; x_wconf 78' lang='lat' dir='ltr'><strong>(German</strong></span> 
     </span>
     <span class='ocr_line' id='line_1_73' title="bbox 906 1163 1623 1207; baseline -0.001 -11"><span class='ocrx_word' id='word_1_384' title='bbox 906 1175 983 1207; x_wconf 88' lang='lat' dir='ltr'><strong>cap.</strong></span> <span class='ocrx_word' id='word_1_385' title='bbox 1000 1164 1036 1205; x_wconf 74' lang='lat'><strong>9)</strong></span> <span class='ocrx_word' id='word_1_386' title='bbox 1063 1164 1277 1198; x_wconf 85' lang='lat' dir='ltr'><strong>Mercurium</strong></span> <span class='ocrx_word' id='word_1_387' title='bbox 1301 1171 1336 1197; x_wconf 81' lang='lat' dir='ltr'><strong>et</strong></span> <span class='ocrx_word' id='word_1_388' title='bbox 1362 1164 1488 1197; x_wconf 86' lang='lat' dir='ltr'><strong>Isidem</strong></span> <span class='ocrx_word' id='word_1_389' title='bbox 1502 1174 1523 1196; x_wconf 85' lang='lat' dir='ltr'><strong>a</strong></span> <span class='ocrx_word' id='word_1_390' title='bbox 1538 1163 1623 1195; x_wconf 82' lang='lat' dir='ltr'><strong>Ger-</strong></span> 
     </span>
     <span class='ocr_line' id='line_1_74' title="bbox 906 1207 1621 1252; baseline -0.001 -12"><span class='ocrx_word' id='word_1_391' title='bbox 906 1208 1018 1241; x_wconf 89' lang='lat' dir='ltr'><strong>manis</strong></span> <span class='ocrx_word' id='word_1_392' title='bbox 1032 1210 1104 1242; x_wconf 92' lang='lat' dir='ltr'><strong>coli</strong></span> <span class='ocrx_word' id='word_1_393' title='bbox 1120 1210 1291 1252; x_wconf 86' lang='lat' dir='ltr'><strong>perhibet,</strong></span> <span class='ocrx_word' id='word_1_394' title='bbox 1308 1209 1401 1241; x_wconf 81' lang='lat' dir='ltr'><strong>addit</strong></span> <span class='ocrx_word' id='word_1_395' title='bbox 1411 1208 1516 1240; x_wconf 91' lang='lat' dir='ltr'><strong>etiam</strong></span> <span class='ocrx_word' id='word_1_396' title='bbox 1531 1207 1621 1240; x_wconf 86' lang='lat' dir='ltr'><strong>Her-</strong></span> 
     </span>
     <span class='ocr_line' id='line_1_75' title="bbox 906 1252 1623 1288; baseline -0.003 -3"><span class='ocrx_word' id='word_1_397' title='bbox 906 1254 1022 1286; x_wconf 88' lang='lat' dir='ltr'><strong>culem</strong></span> <span class='ocrx_word' id='word_1_398' title='bbox 1052 1260 1087 1286; x_wconf 89' lang='lat' dir='ltr'><strong>et</strong></span> <span class='ocrx_word' id='word_1_399' title='bbox 1115 1255 1275 1288; x_wconf 84' lang='lat' dir='ltr'><strong>Martem.</strong></span> <span class='ocrx_word' id='word_1_400' title='bbox 1299 1253 1377 1285; x_wconf 84' lang='lat' dir='ltr'><strong>Non</strong></span> <span class='ocrx_word' id='word_1_401' title='bbox 1403 1254 1514 1284; x_wconf 84' lang='lat' dir='ltr'><strong>audeo</strong></span> <span class='ocrx_word' id='word_1_402' title='bbox 1545 1252 1623 1284; x_wconf 82' lang='lat' dir='ltr'><strong>haec</strong></span> 
     </span>
     <span class='ocr_line' id='line_1_76' title="bbox 905 1296 1621 1345; baseline 0 -18"><span class='ocrx_word' id='word_1_403' title='bbox 905 1298 1101 1337; x_wconf 77' lang='lat' dir='ltr'><strong>repudiare,</strong></span> <span class='ocrx_word' id='word_1_404' title='bbox 1136 1299 1201 1331; x_wconf 80' lang='lat' dir='ltr'><strong>sed</strong></span> <span class='ocrx_word' id='word_1_405' title='bbox 1229 1308 1293 1330; x_wconf 83' lang='lat' dir='ltr'><strong>nec</strong></span> <span class='ocrx_word' id='word_1_406' title='bbox 1323 1296 1477 1345; x_wconf 73' lang='lat' dir='ltr'><strong>sustineo</strong></span> <span class='ocrx_word' id='word_1_407' title='bbox 1506 1296 1621 1338; x_wconf 77' lang='lat' dir='ltr'><strong>expli-</strong></span> 
     </span>
     <span class='ocr_line' id='line_1_77' title="bbox 908 1339 1620 1380; baseline 0.003 -11"><span class='ocrx_word' id='word_1_408' title='bbox 908 1349 1002 1380; x_wconf 87' lang='lat' dir='ltr'><strong>care,</strong></span> <span class='ocrx_word' id='word_1_409' title='bbox 1038 1344 1103 1369; x_wconf 90' lang='lat' dir='ltr'><strong>ets1</strong></span> <span class='ocrx_word' id='word_1_410' title='bbox 1129 1346 1271 1380; x_wconf 84' lang='lat' dir='ltr'><strong>possunt</strong></span> <span class='ocrx_word' id='word_1_411' title='bbox 1297 1350 1364 1371; x_wconf 90' lang='lat' dir='ltr'><strong>non</strong></span> <span class='ocrx_word' id='word_1_412' title='bbox 1395 1339 1471 1371; x_wconf 87' lang='lat' dir='ltr'><strong>sine</strong></span> <span class='ocrx_word' id='word_1_413' title='bbox 1501 1350 1620 1380; x_wconf 83' lang='lat' dir='ltr'><strong>specie</strong></span> 
     </span>
     <span class='ocr_line' id='line_1_78' title="bbox 908 1381 1621 1425; baseline 0.004 -12"><span class='ocrx_word' id='word_1_414' title='bbox 908 1382 980 1413; x_wconf 87' lang='lat' dir='ltr'><strong>veri</strong></span> <span class='ocrx_word' id='word_1_415' title='bbox 1010 1381 1188 1423; x_wconf 87' lang='lat' dir='ltr'><strong>explicari</strong></span> <span class='ocrx_word' id='word_1_416' title='bbox 1242 1384 1331 1415; x_wconf 92' lang='lat' dir='ltr'><strong>Illud</strong></span> <span class='ocrx_word' id='word_1_417' title='bbox 1361 1383 1448 1415; x_wconf 91' lang='lat' dir='ltr'><strong>mihi</strong></span> <span class='ocrx_word' id='word_1_418' title='bbox 1486 1394 1621 1425; x_wconf 87' lang='lat' dir='ltr'><strong>semper</strong></span> 
     </span>
     <span class='ocr_line' id='line_1_79' title="bbox 908 1426 1620 1468; baseline 0.003 -11"><span class='ocrx_word' id='word_1_419' title='bbox 908 1426 1118 1464; x_wconf 82' lang='lat' dir='ltr'><strong>obversatur,</strong></span> <span class='ocrx_word' id='word_1_420' title='bbox 1159 1426 1251 1468; x_wconf 91' lang='lat' dir='ltr'><strong>quod</strong></span> <span class='ocrx_word' id='word_1_421' title='bbox 1278 1427 1384 1468; x_wconf 88' lang='lat' dir='ltr'><strong>paulo</strong></span> <span class='ocrx_word' id='word_1_422' title='bbox 1425 1431 1503 1458; x_wconf 78' lang='lat' dir='ltr'><strong>ante</strong></span> <span class='ocrx_word' id='word_1_423' title='bbox 1532 1427 1620 1466; x_wconf 80' lang='lat' dir='ltr'><strong>dixi,</strong></span> 
     </span>
     <span class='ocr_line' id='line_1_80' title="bbox 907 1469 1622 1511; baseline 0.004 -10"><span class='ocrx_word' id='word_1_424' title='bbox 907 1470 1014 1501; x_wconf 80' lang='lat' dir='ltr'><strong>multa</strong></span> <span class='ocrx_word' id='word_1_425' title='bbox 1041 1475 1118 1511; x_wconf 87' lang='lat' dir='ltr'><strong>post</strong></span> <span class='ocrx_word' id='word_1_426' title='bbox 1139 1469 1285 1502; x_wconf 77' lang='lat' dir='ltr'><strong>Caesaris</strong></span> <span class='ocrx_word' id='word_1_427' title='bbox 1313 1476 1453 1502; x_wconf 83' lang='lat' dir='ltr'><strong>aetatem</strong></span> <span class='ocrx_word' id='word_1_428' title='bbox 1478 1470 1622 1503; x_wconf 86' lang='lat' dir='ltr'><strong>Germa-</strong></span> 
     </span>
     <span class='ocr_line' id='line_1_81' title="bbox 908 1513 1618 1555; baseline 0.004 -11"><span class='ocrx_word' id='word_1_429' title='bbox 908 1514 973 1545; x_wconf 83' lang='lat' dir='ltr'><strong>niae</strong></span> <span class='ocrx_word' id='word_1_430' title='bbox 988 1514 1170 1555; x_wconf 80' lang='lat' dir='ltr'><strong>importata</strong></span> <span class='ocrx_word' id='word_1_431' title='bbox 1186 1513 1308 1552; x_wconf 84' lang='lat' dir='ltr'><strong>videri,</strong></span> <span class='ocrx_word' id='word_1_432' title='bbox 1324 1514 1433 1546; x_wconf 86' lang='lat' dir='ltr'><strong>multa</strong></span> <span class='ocrx_word' id='word_1_433' title='bbox 1450 1514 1533 1546; x_wconf 89' lang='lat' dir='ltr'><strong>item</strong></span> <span class='ocrx_word' id='word_1_434' title='bbox 1547 1525 1618 1547; x_wconf 86' lang='lat' dir='ltr'><strong>non</strong></span> 
     </span>
     <span class='ocr_line' id='line_1_82' title="bbox 907 1557 1622 1601; baseline 0.003 -12"><span class='ocrx_word' id='word_1_435' title='bbox 907 1558 1012 1589; x_wconf 89' lang='lat' dir='ltr'><strong>nullis</strong></span> <span class='ocrx_word' id='word_1_436' title='bbox 1028 1557 1219 1590; x_wconf 85' lang='lat' dir='ltr'><strong>Germaniae</strong></span> <span class='ocrx_word' id='word_1_437' title='bbox 1232 1558 1403 1600; x_wconf 80' lang='lat' dir='ltr'><strong>gentibus,</strong></span> <span class='ocrx_word' id='word_1_438' title='bbox 1417 1569 1499 1601; x_wconf 88' lang='lat' dir='ltr'><strong>quas</strong></span> <span class='ocrx_word' id='word_1_439' title='bbox 1506 1559 1622 1591; x_wconf 82' lang='lat' dir='ltr'><strong>Caesar</strong></span> 
     </span>
     <span class='ocr_line' id='line_1_83' title="bbox 908 1602 1619 1644; baseline 0.004 -11"><span class='ocrx_word' id='word_1_440' title='bbox 908 1612 975 1633; x_wconf 86' lang='lat' dir='ltr'><strong>non</strong></span> <span class='ocrx_word' id='word_1_441' title='bbox 1001 1602 1135 1641; x_wconf 90' lang='lat' dir='ltr'><strong>adierit,</strong></span> <span class='ocrx_word' id='word_1_442' title='bbox 1159 1612 1297 1644; x_wconf 83' lang='lat' dir='ltr'><strong>propria</strong></span> <span class='ocrx_word' id='word_1_443' title='bbox 1326 1602 1447 1641; x_wconf 84' lang='lat' dir='ltr'><strong>fuisse,</strong></span> <span class='ocrx_word' id='word_1_444' title='bbox 1467 1609 1505 1634; x_wconf 86' lang='lat' dir='ltr'><strong>ut</strong></span> <span class='ocrx_word' id='word_1_445' title='bbox 1519 1603 1619 1636; x_wconf 85' lang='lat' dir='ltr'><strong>Isidis</strong></span> 
     </span>
     <span class='ocr_line' id='line_1_84' title="bbox 905 1645 1620 1689; baseline 0.001 -12"><span class='ocrx_word' id='word_1_446' title='bbox 905 1646 1019 1677; x_wconf 81' lang='lat' dir='ltr'><strong>cultus</strong></span> <span class='ocrx_word' id='word_1_447' title='bbox 1049 1645 1237 1678; x_wconf 88' lang='lat' dir='ltr'><strong>Suevorum</strong></span> <span class='ocrx_word' id='word_1_448' title='bbox 1270 1646 1374 1687; x_wconf 84' lang='lat' dir='ltr'><strong>parti:</strong></span> <span class='ocrx_word' id='word_1_449' title='bbox 1403 1647 1491 1678; x_wconf 87' lang='lat' dir='ltr'><strong>unde</strong></span> <span class='ocrx_word' id='word_1_450' title='bbox 1521 1653 1620 1689; x_wconf 86' lang='lat' dir='ltr'><strong>puto,</strong></span> 
     </span>
     <span class='ocr_line' id='line_1_85' title="bbox 908 1689 1619 1729; baseline 0.004 -9"><span class='ocrx_word' id='word_1_451' title='bbox 908 1700 971 1721; x_wconf 80' lang='lat' dir='ltr'><strong>nec</strong></span> <span class='ocrx_word' id='word_1_452' title='bbox 987 1689 1158 1722; x_wconf 73' lang='lat' dir='ltr'><strong>Caesarem</strong></span> <span class='ocrx_word' id='word_1_453' title='bbox 1174 1701 1193 1722; x_wconf 89' lang='lat' dir='ltr'><strong>e</strong></span> <span class='ocrx_word' id='word_1_454' title='bbox 1215 1689 1354 1729; x_wconf 83' lang='lat' dir='ltr'><strong>Tacito,</strong></span> <span class='ocrx_word' id='word_1_455' title='bbox 1379 1700 1442 1722; x_wconf 89' lang='lat' dir='ltr'><strong>nec</strong></span> <span class='ocrx_word' id='word_1_456' title='bbox 1457 1690 1581 1722; x_wconf 85' lang='lat' dir='ltr'><strong>Tacitu</strong></span> <span class='ocrx_word' id='word_1_457' title='bbox 1597 1703 1619 1723; x_wconf 84' lang='lat' dir='ltr'><strong>e</strong></span> 
     </span>
     <span class='ocr_line' id='line_1_86' title="bbox 902 1733 1618 1776; baseline 0.001 -10"><span class='ocrx_word' id='word_1_458' title='bbox 902 1734 1042 1766; x_wconf 75' lang='lat' dir='ltr'><strong>Caesare</strong></span> <span class='ocrx_word' id='word_1_459' title='bbox 1059 1734 1175 1766; x_wconf 78' lang='lat' dir='ltr'><strong>ubivis</strong></span> <span class='ocrx_word' id='word_1_460' title='bbox 1191 1733 1370 1776; x_wconf 79' lang='lat' dir='ltr'><strong>explicari,</strong></span> <span class='ocrx_word' id='word_1_461' title='bbox 1395 1745 1459 1767; x_wconf 91' lang='lat' dir='ltr'><strong>nec</strong></span> <span class='ocrx_word' id='word_1_462' title='bbox 1473 1735 1618 1767; x_wconf 87' lang='lat' dir='ltr'><strong>alterum</strong></span> 
     </span>
     <span class='ocr_line' id='line_1_87' title="bbox 906 1777 1619 1821; baseline 0.001 -11"><span class='ocrx_word' id='word_1_463' title='bbox 906 1784 1049 1820; x_wconf 87' lang='lat' dir='ltr'><strong>propter</strong></span> <span class='ocrx_word' id='word_1_464' title='bbox 1062 1779 1204 1810; x_wconf 81' lang='lat' dir='ltr'><strong>alterum</strong></span> <span class='ocrx_word' id='word_1_465' title='bbox 1220 1778 1362 1820; x_wconf 87' lang='lat' dir='ltr'><strong>dignum</strong></span> <span class='ocrx_word' id='word_1_466' title='bbox 1375 1777 1619 1821; x_wconf 79' lang='lat' dir='ltr'><strong>indignumque</strong></span> 
     </span>
     <span class='ocr_line' id='line_1_88' title="bbox 906 1822 1619 1865; baseline 0.003 -11"><span class='ocrx_word' id='word_1_467' title='bbox 906 1823 973 1854; x_wconf 88' lang='lat' dir='ltr'><strong>fide</strong></span> <span class='ocrx_word' id='word_1_468' title='bbox 1002 1822 1071 1854; x_wconf 86' lang='lat' dir='ltr'><strong>dici</strong></span> <span class='ocrx_word' id='word_1_469' title='bbox 1096 1822 1285 1865; x_wconf 88' lang='lat' dir='ltr'><strong>haberique</strong></span> <span class='ocrx_word' id='word_1_470' title='bbox 1315 1833 1428 1864; x_wconf 88' lang='lat' dir='ltr'><strong>posse.</strong></span> <span class='ocrx_word' id='word_1_471' title='bbox 1484 1823 1619 1865; x_wconf 84' lang='lat' dir='ltr'><strong>Singuli</strong></span> 
     </span>
     <span class='ocr_line' id='line_1_89' title="bbox 908 1867 1622 1910; baseline 0.003 -12"><span class='ocrx_word' id='word_1_472' title='bbox 908 1872 987 1899; x_wconf 87' lang='lat' dir='ltr'><strong>sunt</strong></span> <span class='ocrx_word' id='word_1_473' title='bbox 1047 1867 1223 1906; x_wconf 82' lang='lat' dir='ltr'><strong>audiendi,</strong></span> <span class='ocrx_word' id='word_1_474' title='bbox 1279 1868 1622 1910; x_wconf 80' lang='lat' dir='ltr'><strong>agnoscendumque‚</strong></span> 
     </span>
     <span class='ocr_line' id='line_1_90' title="bbox 906 1911 1620 1952; baseline 0.003 -10"><span class='ocrx_word' id='word_1_475' title='bbox 906 1912 1013 1943; x_wconf 88' lang='lat' dir='ltr'><strong>multa</strong></span> <span class='ocrx_word' id='word_1_476' title='bbox 1031 1922 1092 1943; x_wconf 91' lang='lat' dir='ltr'><strong>nos</strong></span> <span class='ocrx_word' id='word_1_477' title='bbox 1107 1912 1224 1952; x_wconf 81' lang='lat' dir='ltr'><strong>latere,</strong></span> <span class='ocrx_word' id='word_1_478' title='bbox 1250 1911 1365 1943; x_wconf 89' lang='lat' dir='ltr'><strong>omnia</strong></span> <span class='ocrx_word' id='word_1_479' title='bbox 1392 1922 1472 1944; x_wconf 89' lang='lat' dir='ltr'><strong>vero</strong></span> <span class='ocrx_word' id='word_1_480' title='bbox 1498 1923 1520 1944; x_wconf 89' lang='lat' dir='ltr'><strong>a</strong></span> <span class='ocrx_word' id='word_1_481' title='bbox 1546 1913 1620 1944; x_wconf 86' lang='lat' dir='ltr'><strong>Ro-</strong></span> 
     </span>
     <span class='ocr_line' id='line_1_91' title="bbox 904 1955 1616 1997; baseline 0.001 -10"><span class='ocrx_word' id='word_1_482' title='bbox 904 1956 1016 1987; x_wconf 85' lang='lat' dir='ltr'><strong>manis</strong></span> <span class='ocrx_word' id='word_1_483' title='bbox 1036 1957 1194 1988; x_wconf 84' lang='lat' dir='ltr'><strong>Romana</strong></span> <span class='ocrx_word' id='word_1_484' title='bbox 1212 1955 1492 1997; x_wconf 87' lang='lat' dir='ltr'><strong>interpretatione</strong></span> <span class='ocrx_word' id='word_1_485' title='bbox 1515 1956 1616 1988; x_wconf 89' lang='lat' dir='ltr'><strong>tradi.</strong></span> 
     </span>
     <span class='ocr_line' id='line_1_92' title="bbox 907 2000 1618 2043; baseline 0.001 -12"><span class='ocrx_word' id='word_1_486' title='bbox 907 2000 986 2032; x_wconf 85' lang='lat' dir='ltr'><strong>Non</strong></span> <span class='ocrx_word' id='word_1_487' title='bbox 1031 2000 1216 2043; x_wconf 83' lang='lat' dir='ltr'><strong>poenitebit</strong></span> <span class='ocrx_word' id='word_1_488' title='bbox 1262 2011 1341 2032; x_wconf 86' lang='lat' dir='ltr'><strong>cum</strong></span> <span class='ocrx_word' id='word_1_489' title='bbox 1387 2000 1618 2042; x_wconf 76' lang='lat' dir='ltr'><strong>disputatione</strong></span> 
     </span>
     <span class='ocr_line' id='line_1_93' title="bbox 908 2044 1617 2087; baseline 0.001 -12"><span class='ocrx_word' id='word_1_490' title='bbox 908 2044 934 2075; x_wconf 91' lang='lat' dir='ltr'>F</span> <span class='ocrx_word' id='word_1_491' title='bbox 936 2045 1037 2083; x_wconf 80' lang='lat' dir='ltr'><strong>uldae,</strong></span> <span class='ocrx_word' id='word_1_492' title='bbox 1061 2055 1162 2087; x_wconf 90' lang='lat' dir='ltr'><strong>supra</strong></span> <span class='ocrx_word' id='word_1_493' title='bbox 1177 2045 1328 2083; x_wconf 84' lang='lat' dir='ltr'><strong>laudata,</strong></span> <span class='ocrx_word' id='word_1_494' title='bbox 1353 2045 1519 2084; x_wconf 79' lang='lat' dir='ltr'><strong>conferre,</strong></span> <span class='ocrx_word' id='word_1_495' title='bbox 1539 2055 1617 2086; x_wconf 84' lang='lat' dir='ltr'><strong>quae</strong></span> 
     </span>
     <span class='ocr_line' id='line_1_94' title="bbox 908 2088 1619 2131; baseline 0 -11"><span class='ocrx_word' id='word_1_496' title='bbox 908 2089 1089 2131; x_wconf 79' lang='lat' dir='ltr'><strong>Antpnius,</strong></span> <span class='ocrx_word' id='word_1_497' title='bbox 1117 2090 1156 2120; x_wconf 82' lang='lat' dir='ltr'><strong>de</strong></span> <span class='ocrx_word' id='word_1_498' title='bbox 1173 2088 1374 2131; x_wconf 79' lang='lat' dir='ltr'><strong>antiquitate</strong></span> <span class='ocrx_word' id='word_1_499' title='bbox 1391 2089 1502 2131; x_wconf 86' lang='lat' dir='ltr'><strong>patria</strong></span> <span class='ocrx_word' id='word_1_500' title='bbox 1517 2088 1619 2120; x_wconf 81' lang='lat' dir='ltr'><strong>meri—</strong></span> 
     </span>
     <span class='ocr_line' id='line_1_95' title="bbox 907 2132 1618 2175; baseline 0.001 -12"><span class='ocrx_word' id='word_1_501' title='bbox 907 2132 1075 2172; x_wconf 87' lang='lat' dir='ltr'><strong>tissimus,</strong></span> <span class='ocrx_word' id='word_1_502' title='bbox 1092 2132 1244 2175; x_wconf 92' lang='lat' dir='ltr'><strong>mihique</strong></span> <span class='ocrx_word' id='word_1_503' title='bbox 1259 2132 1503 2172; x_wconf 86' lang='lat' dir='ltr'><strong>amicissimus,</strong></span> <span class='ocrx_word' id='word_1_504' title='bbox 1515 2143 1618 2175; x_wconf 84' lang='lat' dir='ltr'><strong>super</strong></span> 
     </span>
     <span class='ocr_line' id='line_1_96' title="bbox 906 2177 1618 2220; baseline 0.003 -12"><span class='ocrx_word' id='word_1_505' title='bbox 906 2177 1071 2220; x_wconf 86' lang='lat' dir='ltr'><strong>religione</strong></span> <span class='ocrx_word' id='word_1_506' title='bbox 1096 2178 1347 2209; x_wconf 88' lang='lat' dir='ltr'><strong>Germanorum</strong></span> <span class='ocrx_word' id='word_1_507' title='bbox 1364 2177 1517 2220; x_wconf 87' lang='lat' dir='ltr'><strong>scripsit.</strong></span> <span class='ocrx_word' id='word_1_508' title='bbox 1562 2179 1618 2210; x_wconf 89' lang='lat' dir='ltr'><strong>In-</strong></span> 
     </span>
     <span class='ocr_line' id='line_1_97' title="bbox 906 2221 1616 2264; baseline 0.001 -11"><span class='ocrx_word' id='word_1_509' title='bbox 906 2227 994 2253; x_wconf 86' lang='lat' dir='ltr'><strong>serta</strong></span> <span class='ocrx_word' id='word_1_510' title='bbox 1007 2226 1058 2253; x_wconf 87' lang='lat' dir='ltr'><strong>est</strong></span> <span class='ocrx_word' id='word_1_511' title='bbox 1075 2221 1148 2264; x_wconf 91' lang='lat' dir='ltr'><strong>ejus</strong></span> <span class='ocrx_word' id='word_1_512' title='bbox 1164 2221 1358 2254; x_wconf 81' lang='lat' dir='ltr'><strong>dissertatio</strong></span> <span class='ocrx_word' id='word_1_513' title='bbox 1388 2222 1511 2254; x_wconf 90' lang='lat' dir='ltr'><strong>Museo</strong></span> <span class='ocrx_word' id='word_1_514' title='bbox 1533 2222 1616 2254; x_wconf 87' lang='lat' dir='ltr'><strong>Ger-</strong></span> 
     </span>
     <span class='ocr_line' id='line_1_98' title="bbox 906 2265 1615 2309; baseline 0.003 -13"><span class='ocrx_word' id='word_1_515' title='bbox 906 2265 1043 2297; x_wconf 86' lang='lat' dir='ltr'><strong>manico</strong></span> <span class='ocrx_word' id='word_1_516' title='bbox 1060 2265 1183 2305; x_wconf 89' lang='lat' dir='ltr'><strong>(mens.</strong></span> <span class='ocrx_word' id='word_1_517' title='bbox 1213 2266 1353 2298; x_wconf 86' lang='lat' dir='ltr'><strong>Januar.</strong></span> <span class='ocrx_word' id='word_1_518' title='bbox 1382 2268 1478 2305; x_wconf 81' lang='lat'><strong>1779,</strong></span> <span class='ocrx_word' id='word_1_519' title='bbox 1493 2277 1529 2309; x_wconf 84' lang='lat' dir='ltr'><strong>p.</strong></span> <span class='ocrx_word' id='word_1_520' title='bbox 1544 2267 1615 2306; x_wconf 80' lang='lat'><strong>25),</strong></span> 
     </span>
     <span class='ocr_line' id='line_1_99' title="bbox 906 2309 1618 2343; baseline 0.004 -3"><span class='ocrx_word' id='word_1_521' title='bbox 906 2319 939 2340; x_wconf 84' lang='lat' dir='ltr'><strong>et</strong></span> <span class='ocrx_word' id='word_1_522' title='bbox 964 2311 1078 2341; x_wconf 91' lang='lat' dir='ltr'><strong>locum</strong></span> <span class='ocrx_word' id='word_1_523' title='bbox 1101 2310 1143 2341; x_wconf 88' lang='lat' dir='ltr'><strong>de</strong></span> <span class='ocrx_word' id='word_1_524' title='bbox 1168 2309 1346 2342; x_wconf 84' lang='lat' dir='ltr'><strong>sacrificiis</strong></span> <span class='ocrx_word' id='word_1_525' title='bbox 1371 2311 1618 2343; x_wconf 80' lang='lat' dir='ltr'><strong>Germanorum</strong></span> 
     </span>
     <span class='ocr_line' id='line_1_100' title="bbox 907 2353 1618 2387; baseline 0.001 -2"><span class='ocrx_word' id='word_1_526' title='bbox 907 2353 994 2385; x_wconf 90' lang='lat' dir='ltr'><strong>bene</strong></span> <span class='ocrx_word' id='word_1_527' title='bbox 1021 2354 1178 2386; x_wconf 79' lang='lat' dir='ltr'><strong>illustrat.</strong></span> <span class='ocrx_word' id='word_1_528' title='bbox 1224 2354 1385 2387; x_wconf 88' lang='lat' dir='ltr'><strong>Ceterum</strong></span> <span class='ocrx_word' id='word_1_529' title='bbox 1408 2360 1442 2386; x_wconf 87' lang='lat' dir='ltr'><strong>et</strong></span> <span class='ocrx_word' id='word_1_530' title='bbox 1456 2355 1565 2387; x_wconf 86' lang='lat' dir='ltr'><strong>Fulda</strong></span> <span class='ocrx_word' id='word_1_531' title='bbox 1581 2360 1618 2386; x_wconf 80' lang='lat' dir='ltr'><strong>et.</strong></span> 
     </span>
     <span class='ocr_line' id='line_1_101' title="bbox 908 2397 1616 2441; baseline 0.006 -13"><span class='ocrx_word' id='word_1_532' title='bbox 908 2398 1078 2431; x_wconf 81' lang='lat' dir='ltr'><strong>Antonius</strong></span> <span class='ocrx_word' id='word_1_533' title='bbox 1101 2398 1187 2431; x_wconf 88' lang='lat' dir='ltr'><strong>illud</strong></span> <span class='ocrx_word' id='word_1_534' title='bbox 1215 2397 1372 2441; x_wconf 88' lang='lat' dir='ltr'><strong>inprimis</strong></span> <span class='ocrx_word' id='word_1_535' title='bbox 1398 2405 1616 2438; x_wconf 84' lang='lat' dir='ltr'><strong>monuerunt,</strong></span> 
     </span>
     <span class='ocr_line' id='line_1_102' title="bbox 906 2442 1616 2483; baseline 0 -9"><span class='ocrx_word' id='word_1_536' title='bbox 906 2442 1095 2474; x_wconf 87' lang='lat' dir='ltr'><strong>Germanos</strong></span> <span class='ocrx_word' id='word_1_537' title='bbox 1110 2453 1178 2475; x_wconf 88' lang='lat' dir='ltr'><strong>non</strong></span> <span class='ocrx_word' id='word_1_538' title='bbox 1201 2444 1304 2475; x_wconf 91' lang='lat' dir='ltr'><strong>modo</strong></span> <span class='ocrx_word' id='word_1_539' title='bbox 1327 2453 1348 2475; x_wconf 83' lang='lat' dir='ltr'><strong>a</strong></span> <span class='ocrx_word' id='word_1_540' title='bbox 1363 2443 1486 2483; x_wconf 85' lang='lat' dir='ltr'><strong>Gallis,</strong></span> <span class='ocrx_word' id='word_1_541' title='bbox 1508 2445 1565 2476; x_wconf 86' lang='lat' dir='ltr'><strong>sed</strong></span> <span class='ocrx_word' id='word_1_542' title='bbox 1581 2448 1616 2475; x_wconf 86' lang='lat' dir='ltr'><strong>et</strong></span> 
     </span>
     <span class='ocr_line' id='line_1_103' title="bbox 906 2486 1617 2530; baseline 0.001 -12"><span class='ocrx_word' id='word_1_543' title='bbox 906 2486 950 2517; x_wconf 91' lang='lat' dir='ltr'><strong>ab</strong></span> <span class='ocrx_word' id='word_1_544' title='bbox 968 2498 1003 2519; x_wconf 86' lang='lat' dir='ltr'><strong>se</strong></span> <span class='ocrx_word' id='word_1_545' title='bbox 1016 2487 1164 2519; x_wconf 88' lang='lat' dir='ltr'><strong>invicem</strong></span> <span class='ocrx_word' id='word_1_546' title='bbox 1178 2487 1323 2530; x_wconf 82' lang='lat' dir='ltr'><strong>origine,</strong></span> <span class='ocrx_word' id='word_1_547' title='bbox 1344 2487 1514 2526; x_wconf 60' lang='lat' dir='ltr'><strong>aetatibus,</strong></span> <span class='ocrx_word' id='word_1_548' title='bbox 1533 2497 1617 2529; x_wconf 85' lang='lat' dir='ltr'><strong>gen-</strong></span> 
     </span>
     <span class='ocr_line' id='line_1_104' title="bbox 908 2530 1616 2574; baseline 0.003 -13"><span class='ocrx_word' id='word_1_549' title='bbox 908 2530 1012 2571; x_wconf 83' lang='lat' dir='ltr'><strong>tibus,</strong></span> <span class='ocrx_word' id='word_1_550' title='bbox 1041 2531 1165 2564; x_wconf 87' lang='lat' dir='ltr'><strong>ritibus</strong></span> <span class='ocrx_word' id='word_1_551' title='bbox 1192 2531 1339 2574; x_wconf 75' lang='lat' dir='ltr'><strong>denique</strong></span> <span class='ocrx_word' id='word_1_552' title='bbox 1375 2531 1616 2564; x_wconf 89' lang='lat' dir='ltr'><strong>discernendos</strong></span> 
     </span>
     <span class='ocr_line' id='line_1_105' title="bbox 906 2575 1618 2617; baseline 0.003 -11"><span class='ocrx_word' id='word_1_553' title='bbox 906 2586 991 2615; x_wconf 83' lang='lat' dir='ltr'><strong>esse,</strong></span> <span class='ocrx_word' id='word_1_554' title='bbox 1016 2585 1079 2608; x_wconf 88' lang='lat' dir='ltr'><strong>nec</strong></span> <span class='ocrx_word' id='word_1_555' title='bbox 1095 2576 1277 2616; x_wconf 77' lang='lat' dir='ltr'><strong>Caesarem,</strong></span> <span class='ocrx_word' id='word_1_556' title='bbox 1305 2575 1334 2608; x_wconf 91' lang='lat' dir='ltr'><strong>si</strong></span> <span class='ocrx_word' id='word_1_557' title='bbox 1358 2577 1442 2617; x_wconf 90' lang='lat' dir='ltr'><strong>quid</strong></span> <span class='ocrx_word' id='word_1_558' title='bbox 1467 2577 1511 2608; x_wconf 89' lang='lat' dir='ltr'><strong>ab</strong></span> <span class='ocrx_word' id='word_1_559' title='bbox 1536 2575 1618 2608; x_wconf 86' lang='lat' dir='ltr'><strong>aliis</strong></span> 
     </span>
     <span class='ocr_line' id='line_1_106' title="bbox 906 2619 1617 2662; baseline 0 -11"><span class='ocrx_word' id='word_1_560' title='bbox 906 2619 1113 2659; x_wconf 85' lang='lat' dir='ltr'><strong>dissenserit,</strong></span> <span class='ocrx_word' id='word_1_561' title='bbox 1128 2619 1350 2662; x_wconf 85' lang='lat' dir='ltr'><strong>rejiciendum</strong></span> <span class='ocrx_word' id='word_1_562' title='bbox 1367 2626 1403 2652; x_wconf 90' lang='lat' dir='ltr'><strong>et</strong></span> <span class='ocrx_word' id='word_1_563' title='bbox 1414 2631 1433 2651; x_wconf 92' lang='lat' dir='ltr'><strong>e</strong></span> <span class='ocrx_word' id='word_1_564' title='bbox 1448 2619 1617 2651; x_wconf 84' lang='lat' dir='ltr'><strong>recentio-</strong></span> 
     </span>
     <span class='ocr_line' id='line_1_107' title="bbox 907 2644 1616 2717; baseline 0 -21"><span class='ocrx_word' id='word_1_565' title='bbox 907 2663 1003 2696; x_wconf 88' lang='lat' dir='ltr'><strong>ribus</strong></span> <span class='ocrx_word' id='word_1_566' title='bbox 1016 2644 1266 2717; x_wconf 58' lang='lat' dir='ltr'><strong>casti’gandum</strong></span> <span class='ocrx_word' id='word_1_567' title='bbox 1274 2675 1361 2704; x_wconf 89' lang='lat' dir='ltr'><strong>esse,</strong></span> <span class='ocrx_word' id='word_1_568' title='bbox 1389 2664 1551 2712; x_wconf 83' lang='lat' dir='ltr'><strong>quoniam</strong></span> <span class='ocrx_word' id='word_1_569' title='bbox 1573 2665 1616 2696; x_wconf 89' lang='lat' dir='ltr'><strong>de</strong></span> 
     </span>
     <span class='ocr_line' id='line_1_108' title="bbox 905 2708 1654 2759; baseline 0.001 -19"><span class='ocrx_word' id='word_1_570' title='bbox 905 2708 1098 2759; x_wconf 79' lang='lat' dir='ltr'><strong>antiquiore</strong></span> <span class='ocrx_word' id='word_1_571' title='bbox 1123 2715 1157 2741; x_wconf 83' lang='lat' dir='ltr'><strong>et</strong></span> <span class='ocrx_word' id='word_1_572' title='bbox 1181 2708 1307 2758; x_wconf 35' lang='lat' dir='ltr'><strong>origin—i</strong></span> <span class='ocrx_word' id='word_1_573' title='bbox 1329 2718 1501 2751; x_wconf 81' lang='lat' dir='ltr'><strong>propiore,</strong></span> <span class='ocrx_word' id='word_1_574' title='bbox 1533 2710 1617 2741; x_wconf 81' lang='lat' dir='ltr'><strong>Ger·</strong></span> <span class='ocrx_word' id='word_1_575' title='bbox 1651 2726 1654 2727; x_wconf 29' lang='grc' dir='ltr'><em>ν</em></span> 
     </span>
     <span class='ocr_line' id='line_1_109' title="bbox 908 2751 1616 2796; baseline 0.004 -11"><span class='ocrx_word' id='word_1_576' title='bbox 908 2755 1083 2796; x_wconf 84' lang='lat' dir='ltr'><strong>manisque</strong></span> <span class='ocrx_word' id='word_1_577' title='bbox 1097 2753 1187 2786; x_wconf 83' lang='lat' dir='ltr'><strong>veris</strong></span> <span class='ocrx_word' id='word_1_578' title='bbox 1201 2759 1234 2785; x_wconf 90' lang='lat' dir='ltr'><strong>et</strong></span> <span class='ocrx_word' id='word_1_579' title='bbox 1246 2753 1369 2795; x_wconf 87' lang='lat' dir='ltr'><strong>priscis</strong></span> <span class='ocrx_word' id='word_1_580' title='bbox 1385 2752 1520 2795; x_wconf 87' lang='lat' dir='ltr'><strong>propria</strong></span> <span class='ocrx_word' id='word_1_581' title='bbox 1536 2751 1616 2788; x_wconf 84' lang='lat' dir='ltr'><strong>reli-</strong></span> 
     </span>
     <span class='ocr_line' id='line_1_110' title="bbox 906 2797 1614 2840; baseline 0.004 -11"><span class='ocrx_word' id='word_1_582' title='bbox 906 2798 1010 2840; x_wconf 81' lang='lat' dir='ltr'><strong>gione</strong></span> <span class='ocrx_word' id='word_1_583' title='bbox 1027 2797 1211 2840; x_wconf 87' lang='lat' dir='ltr'><strong>scripserit.</strong></span> <span class='ocrx_word' id='word_1_584' title='bbox 1256 2798 1328 2830; x_wconf 89' lang='lat' dir='ltr'><strong>Nec</strong></span> <span class='ocrx_word' id='word_1_585' title='bbox 1346 2797 1436 2829; x_wconf 86' lang='lat' dir='ltr'><strong>male</strong></span> <span class='ocrx_word' id='word_1_586' title='bbox 1457 2799 1534 2840; x_wconf 84' lang='lat' dir='ltr'><strong>quis</strong></span> <span class='ocrx_word' id='word_1_587' title='bbox 1547 2804 1614 2834; x_wconf 83' lang='lat' dir='ltr'><strong>tres</strong></span> 
     </span>
     <span class='ocr_line' id='line_1_111' title="bbox 906 2843 1615 2884; baseline 0.006 -10"><span class='ocrx_word' id='word_1_588' title='bbox 906 2843 1150 2874; x_wconf 88' lang='lat' dir='ltr'><strong>Germanorum</strong></span> <span class='ocrx_word' id='word_1_589' title='bbox 1165 2841 1395 2884; x_wconf 86' lang='lat' dir='ltr'><strong>antiquiorum</strong></span> <span class='ocrx_word' id='word_1_590' title='bbox 1406 2847 1522 2876; x_wconf 86' lang='lat' dir='ltr'><strong>aetates</strong></span> <span class='ocrx_word' id='word_1_591' title='bbox 1533 2855 1615 2878; x_wconf 90' lang='lat' dir='ltr'><strong>con-</strong></span> 
     </span>
     <span class='ocr_line' id='line_1_112' title="bbox 909 2886 1613 2932; baseline 0.007 -14"><span class='ocrx_word' id='word_1_592' title='bbox 909 2887 1037 2926; x_wconf 77' lang='lat' dir='ltr'><strong>stituat,</strong></span> <span class='ocrx_word' id='word_1_593' title='bbox 1050 2896 1155 2918; x_wconf 88' lang='lat' dir='ltr'><strong>unam</strong></span> <span class='ocrx_word' id='word_1_594' title='bbox 1167 2891 1246 2918; x_wconf 85' lang='lat' dir='ltr'><strong>ante</strong></span> <span class='ocrx_word' id='word_1_595' title='bbox 1256 2886 1445 2927; x_wconf 76' lang='lat' dir='ltr'><strong>Caesarem5</strong></span> <span class='ocrx_word' id='word_1_596' title='bbox 1461 2888 1613 2932; x_wconf 80' lang='lat' dir='ltr'><strong>alteram,</strong></span> 
     </span>
     <span class='ocr_line' id='line_1_113' title="bbox 906 2930 1614 2974; baseline 0.008 -12"><span class='ocrx_word' id='word_1_597' title='bbox 906 2942 984 2974; x_wconf 84' lang='lat' dir='ltr'><strong>quae</strong></span> <span class='ocrx_word' id='word_1_598' title='bbox 1004 2931 1150 2963; x_wconf 69' lang='lat' dir='ltr'><strong>Caesaris</strong></span> <span class='ocrx_word' id='word_1_599' title='bbox 1169 2930 1336 2964; x_wconf 87' lang='lat' dir='ltr'><strong>memoria</strong></span> <span class='ocrx_word' id='word_1_600' title='bbox 1362 2930 1444 2973; x_wconf 82' lang='lat' dir='ltr'><strong>fuit3</strong></span> <span class='ocrx_word' id='word_1_601' title='bbox 1475 2935 1614 2968; x_wconf 80' lang='lat' dir='ltr'><strong>tertiam</strong></span> 
     </span>
     <span class='ocr_line' id='line_1_114' title="bbox 904 2975 1294 3017; baseline 0 -9"><span class='ocrx_word' id='word_1_602' title='bbox 904 2975 1029 3009; x_wconf 84' lang='lat' dir='ltr'><strong>Tacito</strong></span> <span class='ocrx_word' id='word_1_603' title='bbox 1044 2975 1220 3017; x_wconf 81' lang='lat' dir='ltr'><strong>aequalem.</strong></span> <span class='ocrx_word' id='word_1_604' title='bbox 1244 2977 1294 3009; x_wconf 87' lang='lat' dir='ltr'><strong>M.</strong></span> 
     </span>
    </p>
   </div>
   <div class='ocr_carea' id='block_1_11' title="bbox 964 3021 1603 3064">
    <p class='ocr_par' dir='ltr' id='par_1_12' title="bbox 964 3021 1603 3064">
     <span class='ocr_line' id='line_1_115' title="bbox 964 3021 1603 3064; baseline 0.006 -9"><span class='ocrx_word' id='word_1_605' title='bbox 964 3021 1147 3063; x_wconf 75' lang='lat' dir='ltr'><strong>Inpuberes</strong></span> <span class='ocrx_word' id='word_1_606' title='bbox 1188 3026 1475 3064; x_wconf 75' lang='lat' dir='ltr'><strong>praemanserunt,</strong></span> <span class='ocrx_word' id='word_1_607' title='bbox 1523 3035 1603 3059; x_wconf 86' lang='lat' dir='ltr'><strong>cum</strong></span> 
     </span>
    </p>
   </div>
  </div>
 </body>
</html>
