1946 3261
0 2045 10 2197 s--uas

586 204 703 248 LIB.
737 204 821 248 III.
886 206 1024 250 CAP.
1058 205 1246 249 35—37.
1597 204 1683 248 369

195 336 337 371 castra
361 329 496 372 Cassii
517 330 758 382 advolavit,
792 332 868 390 qui
905 333 1067 375 circum
1097 331 1361 375 Thessaliam
1391 348 1478 375 esse
1508 347 1684 377 consue-

196 398 334 430 verat.
399 389 511 432 Tum
550 391 704 434 timore
743 391 1004 450 perterritus
1041 391 1229 441 Cassius,
1269 392 1444 450 cognito
1469 392 1682 451 Scipionis

195 448 402 498 adventu,
426 449 612 507 visisque
635 451 871 507 equitibus,
890 467 998 507 quos
1024 450 1237 508 Scipionis
1259 467 1346 493 esse
1360 450 1681 503 arbitrabatur,

194 506 248 548 ad
269 516 433 550 montes
454 525 497 550 se
519 510 752 558 convertit,
783 510 858 567 qui
881 509 1144 552 Thessaliam
1166 508 1364 566 cingunt,
1390 518 1523 566 atque
1544 527 1597 553 ex
1616 510 1682 554 his

194 564 297 608 locis
321 566 604 608 Ambraciam
626 584 773 610 versus
811 569 894 610 iter
925 568 1067 611 facere
1102 567 1253 625 coepit.
1317 568 1380 609 At
1415 569 1680 626 Scipionem,

193 633 503 682 properantem
526 626 674 683 sequi,
718 627 875 669 litterae
912 635 1012 669 sunt
1047 634 1285 669 consecutae
1318 642 1343 668 a
1379 626 1445 667 M.
1472 626 1680 678 Favonio,

195 682 443 725 Domitium
480 699 578 725 cum
619 684 863 742 legionibus
900 685 1063 735 adesse,
1093 701 1232 743 neque
1253 701 1296 727 se
1320 683 1586 742 praesidium,
1609 688 1685 730 ubi

193 741 454 783 constitutus
475 750 600 792 esset,
623 742 711 785 sine
731 743 892 787 auxilio
917 745 1132 803 Scipionis
1151 753 1298 786 tenere
1320 759 1458 802 posse.
1512 745 1685 793 Quibus

190 799 347 841 litteris
369 800 575 857 acceptis,
594 801 821 844 consilium
842 803 991 861 Scipio
1007 804 1178 861 iterque
1193 811 1460 851 commutat;
1486 802 1686 846 Cassium

192 857 313 914 sequi
352 857 536 906 desistit,
580 857 772 903 Favonio
809 862 1020 905 auxilium
1056 863 1170 905 ferre
1209 861 1450 905 contendit.
1528 860 1686 919 Itaque

191 915 261 958 die
283 931 333 957 ac
354 923 480 957 nocte
500 916 749 960 continuato
773 920 926 962 itinere
948 921 1003 963 ad
1033 938 1132 964 eum
1155 921 1370 980 pervenit,
1407 929 1496 963 tam
1524 920 1685 978 obpor-

190 983 298 1017 tuno
345 981 560 1032 tempore,
602 983 652 1017 ut
700 976 826 1020 simul
869 980 1112 1022 Domitiani
1158 981 1371 1022 exercitus
1407 979 1552 1038 pulvis
1595 996 1686 1023 cer-

193 1039 373 1075 neretur
415 1041 459 1075 et
501 1033 631 1091 primi
673 1043 972 1080 antecursores
1014 1039 1228 1097 Scipionis
1267 1038 1537 1082 viderentur.
1615 1038 1686 1081 Ita

193 1091 574 1194 Cassiodinqlustria
598 1094 799 1144 Domitii,
840 1096 1031 1139 Favonio
1069 1098 1296 1153 Scipiones
1329 1098 1542 1148 celeritas,
1571 1097 1685 1140 salu-

193 1159 283 1193 tem
304 1167 329 1193 a
362 1159 411 1193 tu
432 1159 480 1193 1t.

249 1209 321 1252 37.
359 1210 523 1266 Scipio,
558 1208 743 1251 biduum
782 1207 932 1249 castris
971 1207 1137 1250 stativis
1176 1216 1372 1250 moratus
1412 1210 1468 1253 ad
1506 1212 1682 1264 flumen,

193 1268 312 1325 quod
349 1267 463 1308 inter
502 1282 601 1307 eum
640 1275 684 1308 et
725 1265 908 1307 Domitii
946 1275 1086 1309 castra
1128 1265 1310 1316 fluebat,
1355 1268 1686 1315 Haliacmonem

193 1326 327 1368 tertio
363 1324 433 1367 die
468 1324 606 1382 prima
639 1324 736 1366 luce
774 1323 1015 1366 exercitum
1049 1323 1162 1366 vado
1184 1325 1430 1369 transducit
1452 1335 1512 1378 et,
1536 1332 1687 1374 castris

193 1384 358 1443 positiS‚
402 1392 579 1440 postero
620 1382 691 1424 die
729 1398 852 1424 mane
887 1383 1030 1440 copias
1074 1391 1176 1425 ante
1217 1384 1404 1428 frontem
1444 1396 1687 1432 castrorum

195 1442 340 1486 struit.
405 1441 624 1484 Domitius
646 1450 740 1483 tum
763 1456 939 1498 quoque
962 1441 1041 1484 sibi
1071 1442 1362 1486 dubitandum
1384 1459 1470 1488 non
1493 1448 1685 1504 putavit,

195 1501 319 1560 quin,
356 1501 583 1560 productis
617 1500 874 1558 legionibus,
905 1500 1063 1558 proelio
1095 1501 1355 1545 decertaret.
1421 1504 1526 1556 Sed,
1550 1522 1687 1563 quum

196 1569 306 1603 esset
327 1561 441 1603 inter
464 1560 563 1603 bina
585 1567 725 1602 castra
747 1575 922 1617 campus
955 1559 1127 1602 circiter
1161 1560 1325 1603 milium
1361 1578 1563 1620 passuum
1596 1581 1685 1617 sex,

201 1620 421 1662 Domitius
457 1618 604 1661 castris
637 1618 845 1675 Scipionis
879 1617 1011 1660 aciem
1045 1634 1163 1660 suam
1185 1620 1395 1677 subjecit:
1429 1621 1502 1663 ille
1523 1638 1548 1664 a
1571 1624 1688 1666 vallo

196 1694 279 1720 non
317 1677 536 1720 discedere
571 1677 895 1734 perseveravit:
941 1685 1148 1728 attamen,
1184 1694 1297 1735 aegre
1335 1681 1514 1722 retentis
1538 1681 1688 1724 Domi-

196 1736 320 1779 tianis
357 1736 579 1787 militibus,
618 1745 682 1778 est
722 1736 901 1785 factum,
943 1751 994 1778 ne
1026 1736 1183 1794 proelio
1223 1738 1593 1789 contenderetur;
1643 1750 1689 1784 et

196 1796 394 1846 maxime,
436 1795 556 1854 quod
593 1795 708 1837 rivus
738 1794 981 1838 difficilibus
1013 1795 1132 1854 ripis,
1167 1797 1314 1839 castris
1350 1798 1559 1855 Scipionis
1590 1801 1688 1843 sub·
1743 1829 1746 1832 >

193 1854 349 1913 jectus,
375 1870 631 1913 progressus
659 1863 907 1896 nostrorum
944 1854 1208 1912 inpediebat.
1275 1857 1477 1905 Quorum
1499 1856 1691 1902 studium

197 1913 555 1971 alacritatemque
578 1913 796 1972 pugnandi
814 1929 949 1971 quum
970 1914 1240 1971 cognovisset
1265 1915 1427 1972 Scipio,
1446 1917 1689 1974 suspicatus

199 1972 310 2024 fore,
350 1981 400 2014 ut
438 1981 612 2031 postero
649 1972 715 2015 die
753 1981 830 2014 aut
867 1972 1023 2015 invitus
1070 1972 1273 2015 dimicare
1314 1983 1564 2031 cogeretur,
1611 1984 1688 2019 aut

201 2046 356 2088 magna
379 2047 477 2073 cum
499 2031 672 2073 infamia
706 2031 854 2073 castris
889 2048 931 2073 se
969 2032 1203 2082 continere,
1227 2031 1301 2088 qui
1325 2047 1481 2089 magna
1514 2050 1687 2093 exspec-

200 2089 363 2132 tatione
386 2090 582 2140 venisset,
606 2098 767 2131 temere
791 2106 1040 2147 progressus
1063 2099 1240 2148 turpem
1272 2089 1426 2142 habuit
1457 2092 1621 2136 exitum
1643 2104 1688 2137 et

200 2157 350 2198 noctu,
388 2164 440 2190 ne
476 2148 747 2192 conclamatis
779 2147 953 2205 quidem
976 2149 1099 2199 vasis,
1136 2152 1294 2191 flumen
1316 2149 1471 2192 transit
1491 2159 1624 2209 atque
1645 2153 1687 2196 in

200 2206 397 2249 eamdem
426 2215 614 2265 partem,
650 2223 702 2248 ex
735 2222 823 2264 qua
847 2217 1038 2260 venerat,
1061 2207 1175 2250 redit
1196 2207 1343 2266 ibique
1367 2224 1506 2268 prope
1528 2210 1685 2255 flumen

252 2359 452 2391 Cernerelur
472 2375 516 2380 —
532 2360 736 2391 videremur.
767 2359 918 2400 Synony-

205 2402 289 2440 mia,
299 2402 412 2444 qualis
423 2407 457 2433 et
467 2402 507 2434 G.
517 2405 548 2441 7,
560 2406 613 2435 30.
628 2405 738 2435 animo
746 2404 918 2445 providere

206 2452 240 2477 et
265 2449 467 2487 praesentire.
497 2446 577 2478 Sall.
605 2447 678 2479 Cat.
708 2450 756 2478 12.
785 2448 915 2486 haberi,

205 2491 294 2523 (luci.
324 2491 456 2522 Lucan.
474 2495 505 2530 5,
521 2494 597 2523 2¹14.
613 2494 747 2532 respice,
760 2502 869 2522 corne.

256 2536 382 2566 Castris
409 2537 546 2566 stativis.
595 2536 646 2566 De
672 2535 724 2566 his
748 2535 818 2566 vid.
833 2534 914 2576 Lip-

209 2578 278 2610 sius
295 2579 335 2609 de
352 2578 424 2609 mil.
442 2579 545 2610 Rom.
563 2583 595 2618 5,
628 2582 655 2610 l.
680 2579 779 2610 Talia
807 2580 910 2619 fuere,

207 2633 350 2664 quorum
374 2624 489 2654 rudera
518 2623 609 2654 haud
639 2623 685 2654 ita
710 2623 840 2664 pridem
855 2624 912 2654 de-

206 2672 333 2698 tectaa
350 2667 421 2698 viro
450 2667 584 2707 egregio
612 2667 831 2706 Hoffmanno,
859 2678 912 2698 ar-

208 2711 408 2743 chitecturae
451 2710 610 2742 militaris
649 2710 768 2751 perito,
808 2722 912 2752 prope

209 2755 386 2793 Neuwied,
401 2756 442 2786 de
459 2755 586 2796 quibus
602 2755 781 2786 v.Minola
796 2755 828 2786 in
845 2755 913 2787 Ue-

207 2799 362 2832 bersicht
386 2800 519 2839 dessen,
548 2809 619 2830 was
645 2798 719 2829 sich
737 2804 832 2830 unter
847 2800 911 2830 den

210 2843 362 2875 Riimem
384 2854 438 2875 am
464 2843 578 2874 Rhe-in
594 2843 756 2884 ereignet.
773 2848 806 2874 et
821 2844 913 2875 Mat-

207 2887 289 2920 thiae
302 2888 336 2921 in
352 2887 457 2921 Mem.
475 2888 516 2920 de
535 2888 568 2921 la
584 2888 662 2920 Soc.
679 2888 737 2920 des
754 2886 912 2921 Sciences

985 2359 1030 2390 du
1045 2359 1347 2393 Mont-Tonnerre.
1365 2367 1389 2393 t.
1412 2364 1440 2393 1.
1482 2362 1550 2395 Alii
1566 2365 1602 2395 in
1617 2375 1689 2396 eas-

984 2406 1042 2436 tris
1056 2407 1196 2437 statie-is.

1030 2450 1162 2481 Castra.
1191 2450 1246 2481 Sic
1263 2450 1365 2492 vulgo
1381 2451 1483 2482 bene.
1521 2451 1688 2483 Cellarius

982 2492 1074 2523 dedit
1089 2504 1212 2534 aqmen
1228 2507 1239 2531 ‚-
1263 2501 1397 2526 secutus
1413 2496 1546 2526 Morus.

1029 2538 1148 2578 Copias
1170 2555 1215 2560 —
1237 2542 1346 2571 struit.
1394 2539 1520 2580 Vulgo,
1541 2541 1689 2578 instruit,

981 2587 1097 2612 contra
1113 2583 1213 2613 codd.
1232 2584 1282 2614 M.
1308 2583 1417 2614 bonos
1432 2590 1465 2614 et
1481 2584 1556 2614 edd.
1575 2590 1640 2615 vet.

1027 2627 1209 2658 Domitius.
1252 2627 1328 2658 Hoc
1345 2637 1466 2658 nomen
1484 2627 1569 2658 bene
1591 2629 1685 2670 adje-

980 2668 1062 2700 cite
1078 2671 1176 2701 codd.
1193 2676 1226 2702 et
1241 2672 1319 2702 edd.
1344 2677 1411 2702 vet.
1435 2671 1526 2702 Oud.
1555 2670 1684 2704 viderat

976 2713 1046 2755 jam
1060 2714 1234 2745 Davisius.

1029 2759 1156 2790 Castris
1168 2776 1213 2781 -—-
1227 2759 1376 2799 subjecit,
1394 2757 1550 2800 proprius
1573 2766 1685 2792 castra

980 2802 1086 2833 duxit.
1117 2802 1170 2834 Cf.
1187 2804 1258 2833 Ind.
1290 2803 1342 2834 M.

1030 2847 1164 2878 Transit
1179 2865 1223 2870 —-
1237 2846 1333 2877 redit.
1380 2845 1449 2878 Alii
1464 2849 1610 2888 transiit,
1629 2859 1681 2881 re-

978 2890 1041 2922 diet
1082 2892 1147 2922 Pro
1163 2896 1263 2932 atque
1276 2888 1337 2922 alii
1353 2900 1474 2932 neque.

1436 2952 1508 2983 ΞΒ
