<?xml version="1.0" encoding="UTF-8"?>
<!DOCTYPE html PUBLIC "-//W3C//DTD XHTML 1.0 Transitional//EN"
    "http://www.w3.org/TR/xhtml1/DTD/xhtml1-transitional.dtd">
<html xmlns="http://www.w3.org/1999/xhtml" xml:lang="en" lang="en">
 <head>
  <title>
</title>
<meta http-equiv="Content-Type" content="text/html;charset=utf-8" />
  <meta name='ocr-system' content='tesseract 3.04.00' />
  <meta name='ocr-capabilities' content='ocr_page ocr_carea ocr_par ocr_line ocrx_word'/>
</head>
<body>
  <div class='ocr_page' id='page_1' title='image "./commentariidebel00caesuoft_0538.png"; bbox 0 0 1946 3261; ppageno 0'>
   <div class='ocr_carea' id='block_1_1' title="bbox 8 2121 13 2305">
    <p class='ocr_par' dir='ltr' id='par_1_1' title="bbox 8 2115 13 2305">
     <span class='ocr_line' id='line_1_1' title="bbox 8 2121 13 2215; baseline 0 0"><span class='ocrx_word' id='word_1_1' title='bbox 8 2121 13 2215; x_wconf 58' lang='grc' dir='ltr'><em>ὲ</em></span> 
     </span>
     <span class='ocr_line' id='line_1_2' title="bbox 8 2230 12 2305; baseline 0 0"><span class='ocrx_word' id='word_1_2' title='bbox 8 2230 12 2305; x_wconf 66' lang='lat'>2</span> 
     </span>
    </p>
   </div>
   <div class='ocr_carea' id='block_1_2' title="bbox 7 2480 14 2645">
    <p class='ocr_par' dir='ltr' id='par_1_2' title="bbox 7 2480 14 2645">
     <span class='ocr_line' id='line_1_3' title="bbox 7 2480 14 2645; textangle 90"><span class='ocrx_word' id='word_1_3' title='bbox 7 2480 14 2645; x_wconf 62' lang='lat'><em>„.-—-—-0.</em></span> 
     </span>
    </p>
   </div>
   <div class='ocr_carea' id='block_1_3' title="bbox 0 0 45 1469">
    <p class='ocr_par' dir='ltr' id='par_1_3' title="bbox 0 0 45 1469">
     <span class='ocr_line' id='line_1_4' title="bbox 0 0 45 1469; baseline 0 0"><span class='ocrx_word' id='word_1_4' title='bbox 0 0 45 1469; x_wconf 95' lang='lat' dir='ltr'> </span> 
     </span>
    </p>
   </div>
   <div class='ocr_carea' id='block_1_4' title="bbox 351 241 1603 316">
    <p class='ocr_par' dir='ltr' id='par_1_4' title="bbox 351 241 1603 316">
     <span class='ocr_line' id='line_1_5' title="bbox 351 241 1603 316; baseline 0.007 -9"><span class='ocrx_word' id='word_1_5' title='bbox 351 264 436 308; x_wconf 83' lang='lat'>498</span> <span class='ocrx_word' id='word_1_6' title='bbox 565 267 622 308; x_wconf 89' lang='lat' dir='ltr'>A.</span> <span class='ocrx_word' id='word_1_7' title='bbox 659 263 863 308; x_wconf 83' lang='lat' dir='ltr'>HIRTII</span> <span class='ocrx_word' id='word_1_8' title='bbox 894 264 978 308; x_wconf 86' lang='lat' dir='ltr'>DE</span> <span class='ocrx_word' id='word_1_9' title='bbox 1015 241 1217 310; x_wconf 82' lang='lat' dir='ltr'>BELLo</span> <span class='ocrx_word' id='word_1_10' title='bbox 1251 267 1603 316; x_wconf 82' lang='lat' dir='ltr'>AFRICANO.</span> 
     </span>
    </p>
   </div>
   <div class='ocr_carea' id='block_1_5' title="bbox 414 389 1838 453">
    <p class='ocr_par' dir='ltr' id='par_1_5' title="bbox 414 389 1838 453">
     <span class='ocr_line' id='line_1_6' title="bbox 414 389 1838 453; baseline 0.005 -22"><span class='ocrx_word' id='word_1_11' title='bbox 414 390 484 432; x_wconf 84' lang='lat'>38.</span> <span class='ocrx_word' id='word_1_12' title='bbox 522 389 756 447; x_wconf 87' lang='lat' dir='ltr'>Postquam</span> <span class='ocrx_word' id='word_1_13' title='bbox 791 391 934 434; x_wconf 81' lang='lat' dir='ltr'>Caesar</span> <span class='ocrx_word' id='word_1_14' title='bbox 963 392 1019 434; x_wconf 86' lang='lat' dir='ltr'>ad</span> <span class='ocrx_word' id='word_1_15' title='bbox 1046 392 1218 452; x_wconf 83' lang='lat' dir='ltr'>jugum,</span> <span class='ocrx_word' id='word_1_16' title='bbox 1246 394 1301 441; x_wconf 88' lang='lat' dir='ltr'>de</span> <span class='ocrx_word' id='word_1_17' title='bbox 1328 412 1416 453; x_wconf 92' lang='lat' dir='ltr'>quo</span> <span class='ocrx_word' id='word_1_18' title='bbox 1444 395 1588 446; x_wconf 90' lang='lat' dir='ltr'>docui,</span> <span class='ocrx_word' id='word_1_19' title='bbox 1618 393 1838 438; x_wconf 86' lang='lat' dir='ltr'>adscendit</span> 
     </span>
    </p>
   </div>
   <div class='ocr_carea' id='block_1_6' title="bbox 341 446 1840 511">
    <p class='ocr_par' dir='ltr' id='par_1_6' title="bbox 341 446 1840 511">
     <span class='ocr_line' id='line_1_7' title="bbox 341 446 1840 511; baseline 0.005 -23"><span class='ocrx_word' id='word_1_20' title='bbox 341 454 488 503; x_wconf 15' lang='lat' dir='ltr'>ratque</span> <span class='ocrx_word' id='word_1_21' title='bbox 509 446 551 489; x_wconf 92' lang='lat' dir='ltr'>in</span> <span class='ocrx_word' id='word_1_22' title='bbox 569 463 923 508; x_wconf 88' lang='lat' dir='ltr'>unumquemque</span> <span class='ocrx_word' id='word_1_23' title='bbox 945 452 1098 495; x_wconf 90' lang='lat' dir='ltr'>collem</span> <span class='ocrx_word' id='word_1_24' title='bbox 1120 462 1261 496; x_wconf 86' lang='lat' dir='ltr'>turres</span> <span class='ocrx_word' id='word_1_25' title='bbox 1279 454 1537 511; x_wconf 83' lang='lat' dir='ltr'>castellaque</span> <span class='ocrx_word' id='word_1_26' title='bbox 1556 453 1695 496; x_wconf 87' lang='lat' dir='ltr'>facere</span> <span class='ocrx_word' id='word_1_27' title='bbox 1708 454 1840 511; x_wconf 80' lang='lat' dir='ltr'>coepit</span> 
     </span>
    </p>
   </div>
   <div class='ocr_carea' id='block_1_7' title="bbox 355 505 1843 2089">
    <p class='ocr_par' dir='ltr' id='par_1_7' title="bbox 357 505 1842 1221">
     <span class='ocr_line' id='line_1_8' title="bbox 359 505 1840 570; baseline 0.005 -25"><span class='ocrx_word' id='word_1_28' title='bbox 359 505 507 562; x_wconf 88' lang='lat' dir='ltr'>(atque</span> <span class='ocrx_word' id='word_1_29' title='bbox 529 522 578 548; x_wconf 83' lang='lat' dir='ltr'>ea</span> <span class='ocrx_word' id='word_1_30' title='bbox 599 506 735 550; x_wconf 87' lang='lat' dir='ltr'>minus</span> <span class='ocrx_word' id='word_1_31' title='bbox 755 509 966 552; x_wconf 82' lang='lat' dir='ltr'>semihora</span> <span class='ocrx_word' id='word_1_32' title='bbox 986 511 1145 568; x_wconf 82' lang='lat' dir='ltr'>effecit)</span> <span class='ocrx_word' id='word_1_33' title='bbox 1171 520 1214 554; x_wconf 90' lang='lat' dir='ltr'>et</span> <span class='ocrx_word' id='word_1_34' title='bbox 1247 521 1476 570; x_wconf 82' lang='lat' dir='ltr'>postquam</span> <span class='ocrx_word' id='word_1_35' title='bbox 1508 528 1593 555; x_wconf 90' lang='lat' dir='ltr'>non</span> <span class='ocrx_word' id='word_1_36' title='bbox 1621 512 1682 554; x_wconf 88' lang='lat' dir='ltr'>ita</span> <span class='ocrx_word' id='word_1_37' title='bbox 1712 512 1840 569; x_wconf 84' lang='lat' dir='ltr'>longe</span> 
     </span>
     <span class='ocr_line' id='line_1_9' title="bbox 359 562 1842 637; baseline 0.006 -33"><span class='ocrx_word' id='word_1_38' title='bbox 359 563 415 604; x_wconf 90' lang='lat' dir='ltr'>ab</span> <span class='ocrx_word' id='word_1_39' title='bbox 435 562 591 608; x_wconf 90' lang='lat' dir='ltr'>ultimo</span> <span class='ocrx_word' id='word_1_40' title='bbox 611 565 722 608; x_wconf 90' lang='lat' dir='ltr'>colle</span> <span class='ocrx_word' id='word_1_41' title='bbox 745 567 941 626; x_wconf 86' lang='lat' dir='ltr'>turrique</span> <span class='ocrx_word' id='word_1_42' title='bbox 962 569 1062 619; x_wconf 84' lang='lat' dir='ltr'>fuit,</span> <span class='ocrx_word' id='word_1_43' title='bbox 1086 586 1181 626; x_wconf 82' lang='lat' dir='ltr'>quae</span> <span class='ocrx_word' id='word_1_44' title='bbox 1200 571 1394 629; x_wconf 85' lang='lat' dir='ltr'>proxima</span> <span class='ocrx_word' id='word_1_45' title='bbox 1414 572 1499 614; x_wconf 89' lang='lat' dir='ltr'>fuit</span> <span class='ocrx_word' id='word_1_46' title='bbox 1521 569 1842 637; x_wconf 55' lang='lat' dir='ltr'>castris-adver*</span> 
     </span>
     <span class='ocr_line' id='line_1_10' title="bbox 358 621 1842 695; baseline 0.005 -33"><span class='ocrx_word' id='word_1_47' title='bbox 358 621 587 674; x_wconf 83' lang='lat' dir='ltr'>sariorum,</span> <span class='ocrx_word' id='word_1_48' title='bbox 618 624 661 680; x_wconf 84' lang='lat' dir='ltr'>in</span> <span class='ocrx_word' id='word_1_49' title='bbox 693 640 781 681; x_wconf 89' lang='lat' dir='ltr'>qua</span> <span class='ocrx_word' id='word_1_50' title='bbox 812 626 940 669; x_wconf 89' lang='lat' dir='ltr'>docui</span> <span class='ocrx_word' id='word_1_51' title='bbox 971 644 1057 670; x_wconf 87' lang='lat' dir='ltr'>esse</span> <span class='ocrx_word' id='word_1_52' title='bbox 1087 630 1333 687; x_wconf 69' lang='lat' dir='ltr'>praesidium</span> <span class='ocrx_word' id='word_1_53' title='bbox 1353 631 1664 687; x_wconf 81' lang='lat' dir='ltr'>stationemque</span> <span class='ocrx_word' id='word_1_54' title='bbox 1687 629 1842 695; x_wconf 64' lang='lat' dir='ltr'>Numi-</span> 
     </span>
     <span class='ocr_line' id='line_1_11' title="bbox 358 677 1841 746; baseline 0.005 -26"><span class='ocrx_word' id='word_1_55' title='bbox 358 677 539 730; x_wconf 90' lang='lat' dir='ltr'>darum;</span> <span class='ocrx_word' id='word_1_56' title='bbox 565 683 816 741; x_wconf 69' lang='lat' dir='ltr'>‘paullisper</span> <span class='ocrx_word' id='word_1_57' title='bbox 853 695 1152 738; x_wconf 78' lang='lat' dir='ltr'>commoratus,</span> <span class='ocrx_word' id='word_1_58' title='bbox 1190 697 1502 746; x_wconf 84' lang='lat' dir='ltr'>perspectaque</span> <span class='ocrx_word' id='word_1_59' title='bbox 1543 697 1698 731; x_wconf 88' lang='lat' dir='ltr'>natura</span> <span class='ocrx_word' id='word_1_60' title='bbox 1740 687 1841 738; x_wconf 80' lang='lat' dir='ltr'>loci,</span> 
     </span>
     <span class='ocr_line' id='line_1_12' title="bbox 357 738 1840 805; baseline 0.005 -26"><span class='ocrx_word' id='word_1_61' title='bbox 357 738 557 794; x_wconf 88' lang='lat' dir='ltr'>equitatu</span> <span class='ocrx_word' id='word_1_62' title='bbox 598 742 641 783; x_wconf 92' lang='lat' dir='ltr'>in</span> <span class='ocrx_word' id='word_1_63' title='bbox 677 743 859 786; x_wconf 83' lang='lat' dir='ltr'>statione</span> <span class='ocrx_word' id='word_1_64' title='bbox 891 744 1113 802; x_wconf 84' lang='lat' dir='ltr'>disposito,</span> <span class='ocrx_word' id='word_1_65' title='bbox 1164 747 1404 805; x_wconf 81' lang='lat' dir='ltr'>legionibus</span> <span class='ocrx_word' id='word_1_66' title='bbox 1453 763 1561 805; x_wconf 89' lang='lat' dir='ltr'>opus</span> <span class='ocrx_word' id='word_1_67' title='bbox 1610 745 1840 794; x_wconf 82' lang='lat' dir='ltr'>adtribuit,</span> 
     </span>
     <span class='ocr_line' id='line_1_13' title="bbox 357 795 1840 870; baseline 0.005 -33"><span class='ocrx_word' id='word_1_68' title='bbox 357 795 668 856; x_wconf 82' lang='lat' dir='ltr'>brachiumque</span> <span class='ocrx_word' id='word_1_69' title='bbox 700 801 840 843; x_wconf 87' lang='lat' dir='ltr'>medio</span> <span class='ocrx_word' id='word_1_70' title='bbox 865 802 971 861; x_wconf 81' lang='lat' dir='ltr'>jugo</span> <span class='ocrx_word' id='word_1_71' title='bbox 1007 805 1062 847; x_wconf 88' lang='lat' dir='ltr'>ab</span> <span class='ocrx_word' id='word_1_72' title='bbox 1088 821 1139 848; x_wconf 90' lang='lat' dir='ltr'>eo</span> <span class='ocrx_word' id='word_1_73' title='bbox 1171 805 1281 856; x_wconf 85' lang='lat' dir='ltr'>loco,</span> <span class='ocrx_word' id='word_1_74' title='bbox 1310 806 1364 848; x_wconf 87' lang='lat' dir='ltr'>ad</span> <span class='ocrx_word' id='word_1_75' title='bbox 1406 822 1532 863; x_wconf 90' lang='lat' dir='ltr'>quem</span> <span class='ocrx_word' id='word_1_76' title='bbox 1567 811 1840 870; x_wconf 40' lang='lat' dir='ltr'>pervener-at,</span> 
     </span>
     <span class='ocr_line' id='line_1_14' title="bbox 358 857 1839 928; baseline 0.005 -32"><span class='ocrx_word' id='word_1_77' title='bbox 358 870 495 912; x_wconf 92' lang='lat' dir='ltr'>usque</span> <span class='ocrx_word' id='word_1_78' title='bbox 537 857 592 900; x_wconf 86' lang='lat' dir='ltr'>ad</span> <span class='ocrx_word' id='word_1_79' title='bbox 629 875 741 911; x_wconf 81' lang='lat' dir='ltr'>eum,</span> <span class='ocrx_word' id='word_1_80' title='bbox 773 861 887 910; x_wconf 86' lang='lat' dir='ltr'>unde</span> <span class='ocrx_word' id='word_1_81' title='bbox 915 878 1108 920; x_wconf 78' lang='lat' dir='ltr'>egressus</span> <span class='ocrx_word' id='word_1_82' title='bbox 1139 873 1247 915; x_wconf 86' lang='lat' dir='ltr'>erat,</span> <span class='ocrx_word' id='word_1_83' title='bbox 1270 865 1396 921; x_wconf 83' lang='lat' dir='ltr'>jubet</span> <span class='ocrx_word' id='word_1_84' title='bbox 1425 864 1557 921; x_wconf 83' lang='lat' dir='ltr'>dirigi</span> <span class='ocrx_word' id='word_1_85' title='bbox 1589 880 1638 905; x_wconf 92' lang='lat' dir='ltr'>ac</span> <span class='ocrx_word' id='word_1_86' title='bbox 1666 877 1839 928; x_wconf 66' lang='lat' dir='ltr'>muniri.</span> 
     </span>
     <span class='ocr_line' id='line_1_15' title="bbox 362 912 1842 986; baseline 0.005 -32"><span class='ocrx_word' id='word_1_87' title='bbox 362 912 493 962; x_wconf 82' lang='lat' dir='ltr'>Quod</span> <span class='ocrx_word' id='word_1_88' title='bbox 515 925 744 974; x_wconf 85' lang='lat' dir='ltr'>postquam</span> <span class='ocrx_word' id='word_1_89' title='bbox 769 920 917 977; x_wconf 86' lang='lat' dir='ltr'>Scipio</span> <span class='ocrx_word' id='word_1_90' title='bbox 945 921 1244 980; x_wconf 82' lang='lat' dir='ltr'>Labienusque</span> <span class='ocrx_word' id='word_1_91' title='bbox 1272 922 1687 972; x_wconf 82' lang='lat' dir='ltr'>animadverterunt,</span> <span class='ocrx_word' id='word_1_92' title='bbox 1722 935 1842 986; x_wconf 68' lang='lat' dir='ltr'>equi-</span> 
     </span>
     <span class='ocr_line' id='line_1_16' title="bbox 357 974 1842 1038; baseline 0.007 -26"><span class='ocrx_word' id='word_1_93' title='bbox 357 979 455 1013; x_wconf 78' lang='lat' dir='ltr'>tatu</span> <span class='ocrx_word' id='word_1_94' title='bbox 477 974 592 1016; x_wconf 90' lang='lat' dir='ltr'>omni</span> <span class='ocrx_word' id='word_1_95' title='bbox 615 992 667 1017; x_wconf 79' lang='lat' dir='ltr'>ex</span> <span class='ocrx_word' id='word_1_96' title='bbox 689 978 836 1020; x_wconf 81' lang='lat' dir='ltr'>castris</span> <span class='ocrx_word' id='word_1_97' title='bbox 863 980 1019 1022; x_wconf 85' lang='lat' dir='ltr'>educto</span> <span class='ocrx_word' id='word_1_98' title='bbox 1046 982 1221 1038; x_wconf 81' lang='lat' dir='ltr'>acieque</span> <span class='ocrx_word' id='word_1_99' title='bbox 1243 981 1431 1038; x_wconf 81' lang='lat' dir='ltr'>equestri</span> <span class='ocrx_word' id='word_1_100' title='bbox 1457 980 1683 1030; x_wconf 84' lang='lat' dir='ltr'>instruc-ta,</span> <span class='ocrx_word' id='word_1_101' title='bbox 1712 995 1737 1021; x_wconf 86' lang='lat' dir='ltr'>a</span> <span class='ocrx_word' id='word_1_102' title='bbox 1757 992 1842 1020; x_wconf 81' lang='lat' dir='ltr'>suls</span> 
     </span>
     <span class='ocr_line' id='line_1_17' title="bbox 357 1031 1840 1098; baseline 0.005 -27"><span class='ocrx_word' id='word_1_103' title='bbox 357 1031 668 1076; x_wconf 86' lang='lat' dir='ltr'>munitionibus</span> <span class='ocrx_word' id='word_1_104' title='bbox 689 1035 860 1078; x_wconf 86' lang='lat' dir='ltr'>circiter</span> <span class='ocrx_word' id='word_1_105' title='bbox 876 1053 1021 1093; x_wconf 84' lang='lat' dir='ltr'>passus</span> <span class='ocrx_word' id='word_1_106' title='bbox 1040 1040 1138 1081; x_wconf 91' lang='lat' dir='ltr'>mile</span> <span class='ocrx_word' id='word_1_107' title='bbox 1156 1040 1496 1098; x_wconf 82' lang='lat' dir='ltr'>progrediuntur</span> <span class='ocrx_word' id='word_1_108' title='bbox 1513 1039 1840 1096; x_wconf 90' lang='lat' dir='ltr'>pedestremque</span> 
     </span>
     <span class='ocr_line' id='line_1_18' title="bbox 358 1088 1837 1156; baseline 0.007 -27"><span class='ocrx_word' id='word_1_109' title='bbox 358 1088 526 1146; x_wconf 85' lang='lat' dir='ltr'>copiam</span> <span class='ocrx_word' id='word_1_110' title='bbox 548 1091 590 1133; x_wconf 90' lang='lat' dir='ltr'>in</span> <span class='ocrx_word' id='word_1_111' title='bbox 621 1093 807 1136; x_wconf 88' lang='lat' dir='ltr'>secunda</span> <span class='ocrx_word' id='word_1_112' title='bbox 826 1096 931 1146; x_wconf 80' lang='lat' dir='ltr'>acie,</span> <span class='ocrx_word' id='word_1_113' title='bbox 963 1097 1101 1140; x_wconf 88' lang='lat' dir='ltr'>minus</span> <span class='ocrx_word' id='word_1_114' title='bbox 1122 1114 1269 1156; x_wconf 87' lang='lat' dir='ltr'>passus</span> <span class='ocrx_word' id='word_1_115' title='bbox 1293 1099 1373 1142; x_wconf 84' lang='lat' dir='ltr'>CD</span> <span class='ocrx_word' id='word_1_116' title='bbox 1392 1115 1417 1141; x_wconf 87' lang='lat' dir='ltr'>a</span> <span class='ocrx_word' id='word_1_117' title='bbox 1438 1097 1585 1140; x_wconf 81' lang='lat' dir='ltr'>castris</span> <span class='ocrx_word' id='word_1_118' title='bbox 1606 1097 1706 1148; x_wconf 87' lang='lat' dir='ltr'>suis,</span> <span class='ocrx_word' id='word_1_119' title='bbox 1740 1111 1837 1138; x_wconf 90' lang='lat' dir='ltr'>con-</span> 
     </span>
     <span class='ocr_line' id='line_1_19' title="bbox 359 1154 1713 1221; baseline 0.006 -33"><span class='ocrx_word' id='word_1_120' title='bbox 359 1154 562 1191; x_wconf 82' lang='lat' dir='ltr'>stituunt.</span> <span class='ocrx_word' id='word_1_121' title='bbox 1705 1210 1713 1221; x_wconf 34' lang='grc' dir='ltr'>ι</span> 
     </span>
    </p>

    <p class='ocr_par' dir='ltr' id='par_1_8' title="bbox 355 1206 1843 2089">
     <span class='ocr_line' id='line_1_20' title="bbox 415 1206 1842 1278; baseline 0.004 -31"><span class='ocrx_word' id='word_1_122' title='bbox 415 1206 486 1248; x_wconf 83' lang='lat'>39.</span> <span class='ocrx_word' id='word_1_123' title='bbox 523 1208 665 1249; x_wconf 73' lang='lat' dir='ltr'>Caesar</span> <span class='ocrx_word' id='word_1_124' title='bbox 687 1208 728 1251; x_wconf 93' lang='lat' dir='ltr'>in</span> <span class='ocrx_word' id='word_1_125' title='bbox 751 1226 881 1268; x_wconf 86' lang='lat' dir='ltr'>opere</span> <span class='ocrx_word' id='word_1_126' title='bbox 909 1213 1064 1256; x_wconf 86' lang='lat' dir='ltr'>milites</span> <span class='ocrx_word' id='word_1_127' title='bbox 1089 1213 1314 1257; x_wconf 84' lang='lat' dir='ltr'>adhortari</span> <span class='ocrx_word' id='word_1_128' title='bbox 1339 1230 1479 1271; x_wconf 90' lang='lat' dir='ltr'>neque</span> <span class='ocrx_word' id='word_1_129' title='bbox 1501 1214 1842 1278; x_wconf 79' lang='lat' dir='ltr'>adversamorum</span> 
     </span>
     <span class='ocr_line' id='line_1_21' title="bbox 359 1263 1841 1330; baseline 0.005 -25"><span class='ocrx_word' id='word_1_130' title='bbox 359 1263 491 1320; x_wconf 85' lang='lat' dir='ltr'>copiis</span> <span class='ocrx_word' id='word_1_131' title='bbox 511 1267 688 1309; x_wconf 89' lang='lat' dir='ltr'>moveri.</span> <span class='ocrx_word' id='word_1_132' title='bbox 753 1270 898 1318; x_wconf 77' lang='lat' dir='ltr'>Quum</span> <span class='ocrx_word' id='word_1_133' title='bbox 924 1272 1012 1328; x_wconf 73' lang='lat' dir='ltr'>jam</span> <span class='ocrx_word' id='word_1_134' title='bbox 1044 1289 1129 1315; x_wconf 87' lang='lat' dir='ltr'>non</span> <span class='ocrx_word' id='word_1_135' title='bbox 1160 1273 1341 1330; x_wconf 85' lang='lat' dir='ltr'>amplius</span> <span class='ocrx_word' id='word_1_136' title='bbox 1372 1289 1573 1330; x_wconf 86' lang='lat' dir='ltr'>passuum</span> <span class='ocrx_word' id='word_1_137' title='bbox 1606 1271 1703 1313; x_wconf 83' lang='lat' dir='ltr'>Ml)</span> <span class='ocrx_word' id='word_1_138' title='bbox 1727 1279 1841 1312; x_wconf 84' lang='lat' dir='ltr'>mter</span> 
     </span>
     <span class='ocr_line' id='line_1_22' title="bbox 356 1320 1842 1385; baseline 0.005 -23"><span class='ocrx_word' id='word_1_139' title='bbox 356 1320 543 1365; x_wconf 88' lang='lat' dir='ltr'>hostium</span> <span class='ocrx_word' id='word_1_140' title='bbox 566 1324 700 1367; x_wconf 89' lang='lat' dir='ltr'>aciem</span> <span class='ocrx_word' id='word_1_141' title='bbox 727 1343 909 1385; x_wconf 88' lang='lat' dir='ltr'>suasque</span> <span class='ocrx_word' id='word_1_142' title='bbox 932 1331 1189 1373; x_wconf 83' lang='lat' dir='ltr'>munitiones</span> <span class='ocrx_word' id='word_1_143' title='bbox 1216 1348 1301 1373; x_wconf 86' lang='lat' dir='ltr'>esse</span> <span class='ocrx_word' id='word_1_144' title='bbox 1328 1329 1699 1373; x_wconf 85' lang='lat' dir='ltr'>animadvertisset</span> <span class='ocrx_word' id='word_1_145' title='bbox 1720 1328 1842 1371; x_wconf 85' lang='lat' dir='ltr'>intel-</span> 
     </span>
     <span class='ocr_line' id='line_1_23' title="bbox 355 1378 1841 1446; baseline 0.007 -27"><span class='ocrx_word' id='word_1_146' title='bbox 355 1378 627 1438; x_wconf 79' lang='lat' dir='ltr'>lexissetque‚</span> <span class='ocrx_word' id='word_1_147' title='bbox 650 1383 706 1425; x_wconf 87' lang='lat' dir='ltr'>ad</span> <span class='ocrx_word' id='word_1_148' title='bbox 727 1385 999 1443; x_wconf 86' lang='lat' dir='ltr'>inpediendos</span> <span class='ocrx_word' id='word_1_149' title='bbox 1018 1390 1174 1431; x_wconf 89' lang='lat' dir='ltr'>milites</span> <span class='ocrx_word' id='word_1_150' title='bbox 1194 1406 1290 1432; x_wconf 90' lang='lat' dir='ltr'>suos</span> <span class='ocrx_word' id='word_1_151' title='bbox 1309 1398 1353 1431; x_wconf 90' lang='lat' dir='ltr'>et</span> <span class='ocrx_word' id='word_1_152' title='bbox 1381 1390 1436 1433; x_wconf 81' lang='lat' dir='ltr'>ab</span> <span class='ocrx_word' id='word_1_153' title='bbox 1461 1404 1591 1446; x_wconf 87' lang='lat' dir='ltr'>opere</span> <span class='ocrx_word' id='word_1_154' title='bbox 1623 1387 1841 1445; x_wconf 86' lang='lat' dir='ltr'>depellen-</span> 
     </span>
     <span class='ocr_line' id='line_1_24' title="bbox 355 1436 1842 1505; baseline 0.006 -26"><span class='ocrx_word' id='word_1_155' title='bbox 355 1436 431 1479; x_wconf 87' lang='lat' dir='ltr'>dos</span> <span class='ocrx_word' id='word_1_156' title='bbox 452 1438 617 1482; x_wconf 85' lang='lat' dir='ltr'>hostem</span> <span class='ocrx_word' id='word_1_157' title='bbox 637 1443 812 1499; x_wconf 85' lang='lat' dir='ltr'>propius</span> <span class='ocrx_word' id='word_1_158' title='bbox 833 1445 1051 1498; x_wconf 81' lang='lat' dir='ltr'>accedere,</span> <span class='ocrx_word' id='word_1_159' title='bbox 1082 1462 1336 1505; x_wconf 85' lang='lat' dir='ltr'>necesseque</span> <span class='ocrx_word' id='word_1_160' title='bbox 1368 1447 1564 1496; x_wconf 79' lang='lat' dir='ltr'>haberet,</span> <span class='ocrx_word' id='word_1_161' title='bbox 1596 1446 1785 1504; x_wconf 82' lang='lat' dir='ltr'>legiones</span> <span class='ocrx_word' id='word_1_162' title='bbox 1815 1461 1842 1493; x_wconf 76' lang='lat' dir='ltr'>a</span> 
     </span>
     <span class='ocr_line' id='line_1_25' title="bbox 355 1497 1843 1563; baseline 0.006 -26"><span class='ocrx_word' id='word_1_163' title='bbox 355 1497 666 1542; x_wconf 86' lang='lat' dir='ltr'>munitionibus</span> <span class='ocrx_word' id='word_1_164' title='bbox 706 1501 946 1546; x_wconf 85' lang='lat' dir='ltr'>deducere:</span> <span class='ocrx_word' id='word_1_165' title='bbox 997 1505 1180 1563; x_wconf 82' lang='lat' dir='ltr'>imperat</span> <span class='ocrx_word' id='word_1_166' title='bbox 1219 1515 1373 1548; x_wconf 79' lang='lat' dir='ltr'>turmae</span> <span class='ocrx_word' id='word_1_167' title='bbox 1424 1507 1736 1563; x_wconf 85' lang='lat' dir='ltr'>Hispanorum,</span> <span class='ocrx_word' id='word_1_168' title='bbox 1787 1503 1843 1546; x_wconf 88' lang='lat' dir='ltr'>ad</span> 
     </span>
     <span class='ocr_line' id='line_1_26' title="bbox 357 1556 1840 1623; baseline 0.005 -27"><span class='ocrx_word' id='word_1_169' title='bbox 357 1556 603 1612; x_wconf 77' lang='lat' dir='ltr'>proximum</span> <span class='ocrx_word' id='word_1_170' title='bbox 645 1559 796 1602; x_wconf 89' lang='lat' dir='ltr'>collem</span> <span class='ocrx_word' id='word_1_171' title='bbox 835 1577 1020 1621; x_wconf 87' lang='lat' dir='ltr'>propere</span> <span class='ocrx_word' id='word_1_172' title='bbox 1050 1565 1330 1608; x_wconf 85' lang='lat' dir='ltr'>adcurrerent</span> <span class='ocrx_word' id='word_1_173' title='bbox 1371 1564 1702 1623; x_wconf 77' lang='lat' dir='ltr'>praesidiumque</span> <span class='ocrx_word' id='word_1_174' title='bbox 1742 1562 1840 1605; x_wconf 86' lang='lat' dir='ltr'>inde</span> 
     </span>
     <span class='ocr_line' id='line_1_27' title="bbox 355 1613 1841 1688; baseline 0.006 -34"><span class='ocrx_word' id='word_1_175' title='bbox 355 1613 638 1658; x_wconf 87' lang='lat' dir='ltr'>deturbarent</span> <span class='ocrx_word' id='word_1_176' title='bbox 658 1617 890 1676; x_wconf 85' lang='lat' dir='ltr'>locumque</span> <span class='ocrx_word' id='word_1_177' title='bbox 911 1632 1115 1680; x_wconf 86' lang='lat' dir='ltr'>caperent</span> <span class='ocrx_word' id='word_1_178' title='bbox 1135 1640 1144 1673; x_wconf 90' lang='lat'><em>;</em></span> <span class='ocrx_word' id='word_1_179' title='bbox 1184 1624 1419 1681; x_wconf 88' lang='lat' dir='ltr'>eodemque</span> <span class='ocrx_word' id='word_1_180' title='bbox 1433 1624 1560 1681; x_wconf 78' lang='lat' dir='ltr'>jubet</span> <span class='ocrx_word' id='word_1_181' title='bbox 1581 1622 1686 1665; x_wconf 88' lang='lat' dir='ltr'>levis</span> <span class='ocrx_word' id='word_1_182' title='bbox 1705 1636 1841 1688; x_wconf 79' lang='lat' dir='ltr'>arma-</span> 
     </span>
     <span class='ocr_line' id='line_1_28' title="bbox 358 1679 1841 1734; baseline 0.004 -20"><span class='ocrx_word' id='word_1_183' title='bbox 358 1680 468 1714; x_wconf 77' lang='lat' dir='ltr'>turae</span> <span class='ocrx_word' id='word_1_184' title='bbox 489 1688 645 1729; x_wconf 82' lang='lat' dir='ltr'>paucos</span> <span class='ocrx_word' id='word_1_185' title='bbox 666 1679 869 1734; x_wconf 89' lang='lat' dir='ltr'>consequi</span> <span class='ocrx_word' id='word_1_186' title='bbox 891 1681 1093 1724; x_wconf 88' lang='lat' dir='ltr'>subsidio.</span> <span class='ocrx_word' id='word_1_187' title='bbox 1159 1683 1245 1731; x_wconf 79' lang='lat' dir='ltr'>Qui</span> <span class='ocrx_word' id='word_1_188' title='bbox 1267 1683 1380 1724; x_wconf 88' lang='lat' dir='ltr'>missi</span> <span class='ocrx_word' id='word_1_189' title='bbox 1396 1682 1607 1730; x_wconf 82' lang='lat' dir='ltr'>celeriter,</span> <span class='ocrx_word' id='word_1_190' title='bbox 1632 1679 1841 1722; x_wconf 81' lang='lat' dir='ltr'>Numidas</span> 
     </span>
     <span class='ocr_line' id='line_1_29' title="bbox 358 1729 1839 1797; baseline 0.006 -27"><span class='ocrx_word' id='word_1_191' title='bbox 358 1729 532 1788; x_wconf 54' lang='lat' dir='ltr'>adorti„</span> <span class='ocrx_word' id='word_1_192' title='bbox 545 1733 703 1789; x_wconf 86' lang='lat' dir='ltr'>partim</span> <span class='ocrx_word' id='word_1_193' title='bbox 722 1735 842 1777; x_wconf 88' lang='lat' dir='ltr'>vivos</span> <span class='ocrx_word' id='word_1_194' title='bbox 859 1739 1051 1795; x_wconf 83' lang='lat' dir='ltr'>capiunt,</span> <span class='ocrx_word' id='word_1_195' title='bbox 1073 1741 1301 1783; x_wconf 81' lang='lat' dir='ltr'>nonnullos</span> <span class='ocrx_word' id='word_1_196' title='bbox 1322 1741 1490 1797; x_wconf 87' lang='lat' dir='ltr'>equites</span> <span class='ocrx_word' id='word_1_197' title='bbox 1507 1739 1721 1797; x_wconf 81' lang='lat' dir='ltr'>fugientes</span> <span class='ocrx_word' id='word_1_198' title='bbox 1742 1753 1839 1780; x_wconf 93' lang='lat' dir='ltr'>con-</span> 
     </span>
     <span class='ocr_line' id='line_1_30' title="bbox 358 1789 1841 1862; baseline 0.005 -33"><span class='ocrx_word' id='word_1_199' title='bbox 358 1789 700 1833; x_wconf 86' lang='lat' dir='ltr'>vulneraverunt</span> <span class='ocrx_word' id='word_1_200' title='bbox 736 1793 918 1852; x_wconf 86' lang='lat' dir='ltr'>locoque</span> <span class='ocrx_word' id='word_1_201' title='bbox 947 1806 1046 1839; x_wconf 87' lang='lat' dir='ltr'>sunt</span> <span class='ocrx_word' id='word_1_202' title='bbox 1081 1799 1223 1855; x_wconf 89' lang='lat' dir='ltr'>potiti.</span> <span class='ocrx_word' id='word_1_203' title='bbox 1288 1799 1521 1854; x_wconf 84' lang='lat' dir='ltr'>Postquam</span> <span class='ocrx_word' id='word_1_204' title='bbox 1548 1797 1593 1839; x_wconf 86' lang='lat' dir='ltr'>id</span> <span class='ocrx_word' id='word_1_205' title='bbox 1627 1796 1841 1862; x_wconf 73' lang='lat' dir='ltr'>Labienus</span> 
     </span>
     <span class='ocr_line' id='line_1_31' title="bbox 356 1847 1840 1920; baseline 0.005 -32"><span class='ocrx_word' id='word_1_206' title='bbox 356 1847 678 1899; x_wconf 85' lang='lat' dir='ltr'>animadvertit,</span> <span class='ocrx_word' id='word_1_207' title='bbox 716 1867 805 1908; x_wconf 87' lang='lat' dir='ltr'>quo</span> <span class='ocrx_word' id='word_1_208' title='bbox 845 1855 1025 1897; x_wconf 87' lang='lat' dir='ltr'>celerius</span> <span class='ocrx_word' id='word_1_209' title='bbox 1065 1855 1111 1899; x_wconf 93' lang='lat' dir='ltr'>iis</span> <span class='ocrx_word' id='word_1_210' title='bbox 1143 1856 1350 1899; x_wconf 82' lang='lat' dir='ltr'>auxilium</span> <span class='ocrx_word' id='word_1_211' title='bbox 1391 1858 1539 1905; x_wconf 86' lang='lat' dir='ltr'>ferret,</span> <span class='ocrx_word' id='word_1_212' title='bbox 1573 1871 1626 1896; x_wconf 79' lang='lat' dir='ltr'>ex</span> <span class='ocrx_word' id='word_1_213' title='bbox 1659 1870 1747 1896; x_wconf 80' lang='lat' dir='ltr'>ame</span> <span class='ocrx_word' id='word_1_214' title='bbox 1779 1870 1840 1920; x_wconf 77' lang='lat' dir='ltr'>ln-</span> 
     </span>
     <span class='ocr_line' id='line_1_32' title="bbox 358 1908 1842 1978; baseline 0.005 -33"><span class='ocrx_word' id='word_1_215' title='bbox 358 1913 524 1948; x_wconf 86' lang='lat' dir='ltr'>structa</span> <span class='ocrx_word' id='word_1_216' title='bbox 564 1908 784 1964; x_wconf 87' lang='lat' dir='ltr'>equitatus</span> <span class='ocrx_word' id='word_1_217' title='bbox 817 1913 881 1953; x_wconf 81' lang='lat' dir='ltr'>sui</span> <span class='ocrx_word' id='word_1_218' title='bbox 921 1929 1057 1970; x_wconf 89' lang='lat' dir='ltr'>prope</span> <span class='ocrx_word' id='word_1_219' title='bbox 1094 1923 1235 1957; x_wconf 84' lang='lat' dir='ltr'>totum</span> <span class='ocrx_word' id='word_1_220' title='bbox 1271 1915 1474 1957; x_wconf 83' lang='lat' dir='ltr'>dextrum</span> <span class='ocrx_word' id='word_1_221' title='bbox 1509 1929 1642 1955; x_wconf 87' lang='lat' dir='ltr'>cornu</span> <span class='ocrx_word' id='word_1_222' title='bbox 1679 1921 1842 1978; x_wconf 70' lang='lat' dir='ltr'>avertit</span> 
     </span>
     <span class='ocr_line' id='line_1_33' title="bbox 358 1965 1841 2030; baseline 0.006 -27"><span class='ocrx_word' id='word_1_223' title='bbox 358 1971 491 2019; x_wconf 86' lang='lat' dir='ltr'>atque</span> <span class='ocrx_word' id='word_1_224' title='bbox 524 1965 606 2007; x_wconf 90' lang='lat' dir='ltr'>suis</span> <span class='ocrx_word' id='word_1_225' title='bbox 642 1967 908 2024; x_wconf 78' lang='lat' dir='ltr'>fugientibus</span> <span class='ocrx_word' id='word_1_226' title='bbox 944 1973 1164 2030; x_wconf 83' lang='lat' dir='ltr'>subpetias</span> <span class='ocrx_word' id='word_1_227' title='bbox 1202 1974 1263 2015; x_wconf 83' lang='lat' dir='ltr'>ire</span> <span class='ocrx_word' id='word_1_228' title='bbox 1300 1972 1537 2015; x_wconf 82' lang='lat' dir='ltr'>contendit.</span> <span class='ocrx_word' id='word_1_229' title='bbox 1602 1970 1730 2020; x_wconf 80' lang='lat' dir='ltr'>Quod</span> <span class='ocrx_word' id='word_1_230' title='bbox 1764 1971 1841 2012; x_wconf 87' lang='lat' dir='ltr'>ub1</span> 
     </span>
     <span class='ocr_line' id='line_1_34' title="bbox 362 2021 1837 2089; baseline 0.005 -26"><span class='ocrx_word' id='word_1_231' title='bbox 362 2021 505 2065; x_wconf 77' lang='lat' dir='ltr'>Caesar</span> <span class='ocrx_word' id='word_1_232' title='bbox 525 2027 762 2083; x_wconf 80' lang='lat' dir='ltr'>conspexit,</span> <span class='ocrx_word' id='word_1_233' title='bbox 787 2028 1027 2073; x_wconf 80' lang='lat' dir='ltr'>Labienum</span> <span class='ocrx_word' id='word_1_234' title='bbox 1047 2032 1103 2073; x_wconf 81' lang='lat' dir='ltr'>ab</span> <span class='ocrx_word' id='word_1_235' title='bbox 1124 2032 1208 2075; x_wconf 86' lang='lat' dir='ltr'>suis</span> <span class='ocrx_word' id='word_1_236' title='bbox 1230 2032 1363 2089; x_wconf 89' lang='lat' dir='ltr'>copiis</span> <span class='ocrx_word' id='word_1_237' title='bbox 1383 2031 1551 2089; x_wconf 82' lang='lat' dir='ltr'>longius</span> <span class='ocrx_word' id='word_1_238' title='bbox 1566 2030 1653 2088; x_wconf 81' lang='lat' dir='ltr'>jam</span> <span class='ocrx_word' id='word_1_239' title='bbox 1673 2029 1837 2072; x_wconf 90' lang='lat' dir='ltr'>absces-</span> 
     </span>
    </p>
   </div>
   <div class='ocr_carea' id='block_1_8' title="bbox 364 2148 1838 2239">
    <p class='ocr_par' dir='ltr' id='par_1_9' title="bbox 364 2148 1838 2239">
     <span class='ocr_line' id='line_1_35' title="bbox 408 2148 1617 2197; baseline 0.008 -21"><span class='ocrx_word' id='word_1_240' title='bbox 408 2148 513 2187; x_wconf 71' lang='lat' dir='ltr'>Atqzoe</span> <span class='ocrx_word' id='word_1_241' title='bbox 528 2150 561 2179; x_wconf 69' lang='lat' dir='ltr'>in</span> <span class='ocrx_word' id='word_1_242' title='bbox 578 2159 720 2192; x_wconf 76' lang='lat' dir='ltr'>unumq.</span> <span class='ocrx_word' id='word_1_243' title='bbox 746 2151 876 2184; x_wconf 88' lang='lat' dir='ltr'>Vocem</span> <span class='ocrx_word' id='word_1_244' title='bbox 893 2159 992 2195; x_wconf 70' lang='lat' dir='ltr'>atque</span> <span class='ocrx_word' id='word_1_245' title='bbox 1005 2155 1059 2187; x_wconf 92' lang='lat' dir='ltr'>hic</span> <span class='ocrx_word' id='word_1_246' title='bbox 1180 2155 1305 2194; x_wconf 70' lang='lat' dir='ltr'>Effecit.</span> <span class='ocrx_word' id='word_1_247' title='bbox 1329 2156 1419 2187; x_wconf 76' lang='lat' dir='ltr'>Male</span> <span class='ocrx_word' id='word_1_248' title='bbox 1437 2155 1495 2187; x_wconf 83' lang='lat' dir='ltr'>alii</span> <span class='ocrx_word' id='word_1_249' title='bbox 1510 2157 1617 2197; x_wconf 60' lang='lat' dir='ltr'>efficit.</span> 
     </span>
     <span class='ocr_line' id='line_1_36' title="bbox 364 2191 1838 2239; baseline 0.009 -20"><span class='ocrx_word' id='word_1_250' title='bbox 364 2195 477 2220; x_wconf 84' lang='lat' dir='ltr'>notare</span> <span class='ocrx_word' id='word_1_251' title='bbox 504 2191 626 2227; x_wconf 74' lang='lat' dir='ltr'>statim,</span> <span class='ocrx_word' id='word_1_252' title='bbox 652 2200 688 2224; x_wconf 84' lang='lat' dir='ltr'>ut</span> <span class='ocrx_word' id='word_1_253' title='bbox 714 2195 797 2226; x_wconf 80' lang='lat' dir='ltr'>alias</span> <span class='ocrx_word' id='word_1_254' title='bbox 827 2207 1066 2239; x_wconf 77' lang='lat' dir='ltr'>nonnunquam</span> <span class='ocrx_word' id='word_1_255' title='bbox 1181 2204 1308 2232; x_wconf 53' lang='lat' dir='ltr'>Castris</span> <span class='ocrx_word' id='word_1_256' title='bbox 1325 2202 1605 2232; x_wconf 68' lang='lat' dir='ltr'>adversariorum.</span> <span class='ocrx_word' id='word_1_257' title='bbox 1631 2199 1717 2231; x_wconf 86' lang='lat' dir='ltr'>Heic</span> <span class='ocrx_word' id='word_1_258' title='bbox 1728 2205 1838 2232; x_wconf 71' lang='lat' dir='ltr'>castra</span> 
     </span>
    </p>
   </div>
   <div class='ocr_carea' id='block_1_9' title="bbox 362 2233 1072 2979">
    <p class='ocr_par' dir='ltr' id='par_1_10' title="bbox 362 2233 1068 2398">
     <span class='ocr_line' id='line_1_37' title="bbox 363 2233 1066 2277; baseline 0.016 -14"><span class='ocrx_word' id='word_1_259' title='bbox 363 2233 411 2271; x_wconf 83' lang='lat' dir='ltr'>(v.</span> <span class='ocrx_word' id='word_1_260' title='bbox 428 2235 468 2264; x_wconf 80' lang='lat' dir='ltr'>ad</span> <span class='ocrx_word' id='word_1_261' title='bbox 485 2233 524 2264; x_wconf 93' lang='lat' dir='ltr'>C.</span> <span class='ocrx_word' id='word_1_262' title='bbox 542 2238 573 2273; x_wconf 79' lang='lat'>2,</span> <span class='ocrx_word' id='word_1_263' title='bbox 591 2237 647 2275; x_wconf 76' lang='lat'>452)</span> <span class='ocrx_word' id='word_1_264' title='bbox 659 2243 749 2277; x_wconf 79' lang='lat' dir='ltr'>putat</span> <span class='ocrx_word' id='word_1_265' title='bbox 763 2240 879 2271; x_wconf 82' lang='lat' dir='ltr'>Davis.</span> <span class='ocrx_word' id='word_1_266' title='bbox 893 2241 945 2272; x_wconf 78' lang='lat' dir='ltr'>vel</span> <span class='ocrx_word' id='word_1_267' title='bbox 958 2242 1066 2274; x_wconf 84' lang='lat' dir='ltr'>deleri</span> 
     </span>
     <span class='ocr_line' id='line_1_38' title="bbox 362 2277 1067 2325; baseline 0.014 -19"><span class='ocrx_word' id='word_1_268' title='bbox 362 2277 469 2318; x_wconf 80' lang='lat' dir='ltr'>jubet,</span> <span class='ocrx_word' id='word_1_269' title='bbox 495 2278 598 2310; x_wconf 76' lang='lat' dir='ltr'>falsus</span> <span class='ocrx_word' id='word_1_270' title='bbox 625 2291 678 2319; x_wconf 67' lang='lat' dir='ltr'>eo,</span> <span class='ocrx_word' id='word_1_271' title='bbox 705 2283 793 2321; x_wconf 86' lang='lat' dir='ltr'>quod</span> <span class='ocrx_word' id='word_1_272' title='bbox 822 2293 885 2315; x_wconf 86' lang='lat' dir='ltr'>non</span> <span class='ocrx_word' id='word_1_273' title='bbox 908 2286 1067 2325; x_wconf 78' lang='lat' dir='ltr'>adtendit,</span> 
     </span>
     <span class='ocr_line' id='line_1_39' title="bbox 363 2320 1068 2372; baseline 0.017 -23"><span class='ocrx_word' id='word_1_274' title='bbox 363 2320 510 2364; x_wconf 52' lang='lat' dir='ltr'>vebs-actv</span> <span class='ocrx_word' id='word_1_275' title='bbox 525 2322 713 2355; x_wconf 82' lang='lat' dir='ltr'>continuari</span> <span class='ocrx_word' id='word_1_276' title='bbox 726 2327 766 2356; x_wconf 81' lang='lat' dir='ltr'>ad</span> <span class='ocrx_word' id='word_1_277' title='bbox 780 2328 879 2358; x_wconf 77' lang='lat' dir='ltr'>verba</span> <span class='ocrx_word' id='word_1_278' title='bbox 889 2331 1068 2372; x_wconf 65' lang='lat' dir='ltr'>paullisper</span> 
     </span>
     <span class='ocr_line' id='line_1_40' title="bbox 363 2371 595 2398; baseline 0.013 -3"><span class='ocrx_word' id='word_1_279' title='bbox 363 2371 595 2398; x_wconf 79' lang='lat' dir='ltr'>commoratus.</span> 
     </span>
    </p>

    <p class='ocr_par' dir='ltr' id='par_1_11' title="bbox 364 2410 1072 2979">
     <span class='ocr_line' id='line_1_41' title="bbox 410 2410 1070 2454; baseline 0.014 -15"><span class='ocrx_word' id='word_1_280' title='bbox 410 2410 518 2450; x_wconf 78' lang='lat' dir='ltr'>Atque</span> <span class='ocrx_word' id='word_1_281' title='bbox 549 2421 588 2442; x_wconf 77' lang='lat' dir='ltr'>ea</span> <span class='ocrx_word' id='word_1_282' title='bbox 615 2413 726 2442; x_wconf 70' lang='lat' dir='ltr'>minus</span> <span class='ocrx_word' id='word_1_283' title='bbox 762 2416 927 2445; x_wconf 71' lang='lat' dir='ltr'>semihora</span> <span class='ocrx_word' id='word_1_284' title='bbox 961 2416 1070 2454; x_wconf 53' lang='lat' dir='ltr'>officit.</span> 
     </span>
     <span class='ocr_line' id='line_1_42' title="bbox 365 2452 1069 2498; baseline 0.011 -16"><span class='ocrx_word' id='word_1_285' title='bbox 365 2452 442 2483; x_wconf 85' lang='lat' dir='ltr'>Hoc</span> <span class='ocrx_word' id='word_1_286' title='bbox 479 2456 726 2494; x_wconf 87' lang='lat' dir='ltr'>propemodum</span> <span class='ocrx_word' id='word_1_287' title='bbox 772 2457 970 2489; x_wconf 75' lang='lat' dir='ltr'>incredibile</span> <span class='ocrx_word' id='word_1_288' title='bbox 1008 2466 1069 2498; x_wconf 83' lang='lat' dir='ltr'>cst,</span> 
     </span>
     <span class='ocr_line' id='line_1_43' title="bbox 365 2495 1070 2541; baseline 0.013 -16"><span class='ocrx_word' id='word_1_289' title='bbox 365 2495 499 2527; x_wconf 82' lang='lat' dir='ltr'>etiamsi</span> <span class='ocrx_word' id='word_1_290' title='bbox 515 2497 645 2539; x_wconf 79' lang='lat' dir='ltr'>singula</span> <span class='ocrx_word' id='word_1_291' title='bbox 658 2500 794 2532; x_wconf 76' lang='lat' dir='ltr'>castella</span> <span class='ocrx_word' id='word_1_292' title='bbox 817 2501 954 2541; x_wconf 72' lang='lat' dir='ltr'>singulis</span> <span class='ocrx_word' id='word_1_293' title='bbox 970 2504 1070 2534; x_wconf 82' lang='lat' dir='ltr'>semi-</span> 
     </span>
     <span class='ocr_line' id='line_1_44' title="bbox 365 2539 1071 2586; baseline 0.013 -17"><span class='ocrx_word' id='word_1_294' title='bbox 365 2539 458 2570; x_wconf 81' lang='lat' dir='ltr'>horis</span> <span class='ocrx_word' id='word_1_295' title='bbox 473 2540 590 2572; x_wconf 73' lang='lat' dir='ltr'>effecta</span> <span class='ocrx_word' id='word_1_296' title='bbox 612 2541 774 2582; x_wconf 78' lang='lat' dir='ltr'>dicamus,</span> <span class='ocrx_word' id='word_1_297' title='bbox 797 2544 930 2575; x_wconf 80' lang='lat' dir='ltr'>etiamsi</span> <span class='ocrx_word' id='word_1_298' title='bbox 955 2557 1071 2586; x_wconf 81' lang='lat' dir='ltr'>perve-</span> 
     </span>
     <span class='ocr_line' id='line_1_45' title="bbox 364 2588 1070 2631; baseline 0.013 -18"><span class='ocrx_word' id='word_1_299' title='bbox 364 2588 452 2614; x_wconf 85' lang='lat' dir='ltr'>teres</span> <span class='ocrx_word' id='word_1_300' title='bbox 477 2589 592 2623; x_wconf 71' lang='lat' dir='ltr'>turres,</span> <span class='ocrx_word' id='word_1_301' title='bbox 621 2596 695 2626; x_wconf 69' lang='lat' dir='ltr'>quae</span> <span class='ocrx_word' id='word_1_302' title='bbox 716 2589 787 2627; x_wconf 74' lang='lat' dir='ltr'>jam</span> <span class='ocrx_word' id='word_1_303' title='bbox 812 2588 958 2626; x_wconf 81' lang='lat' dir='ltr'>aderant,</span> <span class='ocrx_word' id='word_1_304' title='bbox 984 2602 1070 2631; x_wconf 84' lang='lat' dir='ltr'>quo-</span> 
     </span>
     <span class='ocr_line' id='line_1_46' title="bbox 367 2628 1072 2675; baseline 0.011 -18"><span class='ocrx_word' id='word_1_305' title='bbox 367 2628 547 2658; x_wconf 76' lang='lat' dir='ltr'>dammodo</span> <span class='ocrx_word' id='word_1_306' title='bbox 564 2629 780 2662; x_wconf 72' lang='lat' dir='ltr'>reaedificatas</span> <span class='ocrx_word' id='word_1_307' title='bbox 793 2637 986 2673; x_wconf 80' lang='lat' dir='ltr'>aptatasque</span> <span class='ocrx_word' id='word_1_308' title='bbox 1009 2645 1072 2675; x_wconf 88' lang='lat' dir='ltr'>pu-</span> 
     </span>
     <span class='ocr_line' id='line_1_47' title="bbox 367 2672 1069 2714; baseline 0.011 -13"><span class='ocrx_word' id='word_1_309' title='bbox 367 2677 489 2702; x_wconf 76' lang='lat' dir='ltr'>temuS.</span> <span class='ocrx_word' id='word_1_310' title='bbox 521 2672 749 2705; x_wconf 77' lang='lat' dir='ltr'>Guischardus</span> <span class='ocrx_word' id='word_1_311' title='bbox 764 2676 885 2714; x_wconf 64' lang='lat' dir='ltr'>(Mem.</span> <span class='ocrx_word' id='word_1_312' title='bbox 899 2677 971 2707; x_wconf 81' lang='lat' dir='ltr'>mil.</span> <span class='ocrx_word' id='word_1_313' title='bbox 992 2677 1069 2709; x_wconf 81' lang='lat' dir='ltr'>Vol.</span> 
     </span>
     <span class='ocr_line' id='line_1_48' title="bbox 372 2717 1070 2759; baseline 0.011 -15"><span class='ocrx_word' id='word_1_314' title='bbox 372 2720 405 2745; x_wconf 75' lang='grc'>2.</span> <span class='ocrx_word' id='word_1_315' title='bbox 424 2725 458 2755; x_wconf 87' lang='lat' dir='ltr'>p.</span> <span class='ocrx_word' id='word_1_316' title='bbox 476 2718 550 2746; x_wconf 70' lang='lat'>228.</span> <span class='ocrx_word' id='word_1_317' title='bbox 566 2717 619 2746; x_wconf 81' lang='lat' dir='ltr'>vel</span> <span class='ocrx_word' id='word_1_318' title='bbox 635 2717 674 2747; x_wconf 75' lang='lat' dir='ltr'>T.</span> <span class='ocrx_word' id='word_1_319' title='bbox 692 2722 722 2748; x_wconf 75' lang='grc'>’2.</span> <span class='ocrx_word' id='word_1_320' title='bbox 739 2729 771 2759; x_wconf 86' lang='lat' dir='ltr'>p.</span> <span class='ocrx_word' id='word_1_321' title='bbox 791 2721 869 2759; x_wconf 70' lang='lat'>314)</span> <span class='ocrx_word' id='word_1_322' title='bbox 882 2719 953 2751; x_wconf 83' lang='lat' dir='ltr'>haec</span> <span class='ocrx_word' id='word_1_323' title='bbox 968 2722 1070 2752; x_wconf 78' lang='lat' dir='ltr'>verba</span> 
     </span>
     <span class='ocr_line' id='line_1_49' title="bbox 372 2760 1071 2804; baseline 0.011 -17"><span class='ocrx_word' id='word_1_324' title='bbox 372 2763 482 2788; x_wconf 79' lang='lat' dir='ltr'>censet</span> <span class='ocrx_word' id='word_1_325' title='bbox 495 2760 628 2796; x_wconf 81' lang='lat' dir='ltr'>adsuta,</span> <span class='ocrx_word' id='word_1_326' title='bbox 642 2771 707 2791; x_wconf 87' lang='lat' dir='ltr'>non</span> <span class='ocrx_word' id='word_1_327' title='bbox 721 2763 823 2794; x_wconf 88' lang='lat' dir='ltr'>modo</span> <span class='ocrx_word' id='word_1_328' title='bbox 838 2769 972 2804; x_wconf 82' lang='lat' dir='ltr'>propter</span> <span class='ocrx_word' id='word_1_329' title='bbox 985 2764 1071 2794; x_wconf 79' lang='lat' dir='ltr'>diffi-</span> 
     </span>
     <span class='ocr_line' id='line_1_50' title="bbox 372 2802 1069 2848; baseline 0.01 -17"><span class='ocrx_word' id='word_1_330' title='bbox 372 2802 530 2832; x_wconf 76' lang='lat' dir='ltr'>cultatem</span> <span class='ocrx_word' id='word_1_331' title='bbox 576 2804 827 2837; x_wconf 82' lang='lat' dir='ltr'>efficiendorum</span> <span class='ocrx_word' id='word_1_332' title='bbox 879 2807 1069 2848; x_wconf 85' lang='lat' dir='ltr'>hujusmodi</span> 
     </span>
     <span class='ocr_line' id='line_1_51' title="bbox 374 2847 1070 2891; baseline 0.011 -17"><span class='ocrx_word' id='word_1_333' title='bbox 374 2855 534 2885; x_wconf 88' lang='lat' dir='ltr'>operum:</span> <span class='ocrx_word' id='word_1_334' title='bbox 559 2847 616 2878; x_wconf 88' lang='lat' dir='ltr'>sed</span> <span class='ocrx_word' id='word_1_335' title='bbox 632 2854 665 2878; x_wconf 88' lang='lat' dir='ltr'>et</span> <span class='ocrx_word' id='word_1_336' title='bbox 679 2848 766 2888; x_wconf 77' lang='lat' dir='ltr'>ideo,</span> <span class='ocrx_word' id='word_1_337' title='bbox 781 2849 859 2890; x_wconf 85' lang='lat' dir='ltr'>quia</span> <span class='ocrx_word' id='word_1_338' title='bbox 877 2851 942 2882; x_wconf 91' lang='lat' dir='ltr'>hoc</span> <span class='ocrx_word' id='word_1_339' title='bbox 961 2852 1070 2891; x_wconf 76' lang='lat' dir='ltr'>spatio</span> 
     </span>
     <span class='ocr_line' id='line_1_52' title="bbox 371 2889 1072 2935; baseline 0.014 -18"><span class='ocrx_word' id='word_1_340' title='bbox 371 2898 414 2919; x_wconf 89' lang='lat' dir='ltr'>ne</span> <span class='ocrx_word' id='word_1_341' title='bbox 430 2889 473 2918; x_wconf 86' lang='lat' dir='ltr'>ad</span> <span class='ocrx_word' id='word_1_342' title='bbox 488 2890 612 2921; x_wconf 86' lang='lat' dir='ltr'>collem</span> <span class='ocrx_word' id='word_1_343' title='bbox 623 2891 761 2932; x_wconf 81' lang='lat' dir='ltr'>quidem</span> <span class='ocrx_word' id='word_1_344' title='bbox 775 2893 941 2934; x_wconf 79' lang='lat' dir='ltr'>perveniri</span> <span class='ocrx_word' id='word_1_345' title='bbox 952 2901 1072 2935; x_wconf 82' lang='lat' dir='ltr'>potue-</span> 
     </span>
     <span class='ocr_line' id='line_1_53' title="bbox 373 2931 1003 2979; baseline 0.013 -16"><span class='ocrx_word' id='word_1_346' title='bbox 373 2931 428 2971; x_wconf 75' lang='lat' dir='ltr'>rit,</span> <span class='ocrx_word' id='word_1_347' title='bbox 442 2932 564 2965; x_wconf 81' lang='lat' dir='ltr'>nedum</span> <span class='ocrx_word' id='word_1_348' title='bbox 580 2939 670 2970; x_wconf 80' lang='lat' dir='ltr'>tanta</span> <span class='ocrx_word' id='word_1_349' title='bbox 684 2946 786 2978; x_wconf 79' lang='lat' dir='ltr'>opera</span> <span class='ocrx_word' id='word_1_350' title='bbox 801 2937 930 2979; x_wconf 78' lang='lat' dir='ltr'>perfici.</span> <span class='ocrx_word' id='word_1_351' title='bbox 951 2940 1003 2973; x_wconf 89' lang='lat' dir='ltr'>M.</span> 
     </span>
    </p>
   </div>
   <div class='ocr_carea' id='block_1_10' title="bbox 1133 2242 1839 2886">
    <p class='ocr_par' dir='ltr' id='par_1_12' title="bbox 1133 2242 1839 2459">
     <span class='ocr_line' id='line_1_54' title="bbox 1136 2242 1837 2275; baseline -0.001 -1"><span class='ocrx_word' id='word_1_352' title='bbox 1136 2253 1232 2275; x_wconf 85' lang='lat' dir='ltr'>sensu</span> <span class='ocrx_word' id='word_1_353' title='bbox 1271 2242 1383 2275; x_wconf 79' lang='lat' dir='ltr'>latiori</span> <span class='ocrx_word' id='word_1_354' title='bbox 1413 2242 1498 2274; x_wconf 84' lang='lat' dir='ltr'>sumi</span> <span class='ocrx_word' id='word_1_355' title='bbox 1531 2243 1603 2274; x_wconf 89' lang='lat' dir='ltr'>vult</span> <span class='ocrx_word' id='word_1_356' title='bbox 1634 2243 1837 2274; x_wconf 83' lang='lat' dir='ltr'>Guischard.</span> 
     </span>
     <span class='ocr_line' id='line_1_55' title="bbox 1136 2287 1837 2328; baseline -0.001 -10"><span class='ocrx_word' id='word_1_357' title='bbox 1136 2287 1243 2318; x_wconf 73' lang='lat' dir='ltr'>Mem.</span> <span class='ocrx_word' id='word_1_358' title='bbox 1269 2287 1341 2319; x_wconf 83' lang='lat' dir='ltr'>mil.</span> <span class='ocrx_word' id='word_1_359' title='bbox 1366 2287 1441 2319; x_wconf 77' lang='lat' dir='ltr'>Vol.</span> <span class='ocrx_word' id='word_1_360' title='bbox 1465 2291 1497 2317; x_wconf 75' lang='lat'>9.</span> <span class='ocrx_word' id='word_1_361' title='bbox 1523 2297 1556 2327; x_wconf 90' lang='lat' dir='ltr'>p.</span> <span class='ocrx_word' id='word_1_362' title='bbox 1584 2288 1658 2317; x_wconf 74' lang='lat'>226.</span> <span class='ocrx_word' id='word_1_363' title='bbox 1683 2297 1742 2328; x_wconf 79' lang='lat' dir='ltr'>pro</span> <span class='ocrx_word' id='word_1_364' title='bbox 1765 2291 1837 2317; x_wconf 84' lang='lat' dir='ltr'>toto</span> 
     </span>
     <span class='ocr_line' id='line_1_56' title="bbox 1135 2330 1839 2371; baseline -0.003 -9"><span class='ocrx_word' id='word_1_365' title='bbox 1135 2331 1266 2362; x_wconf 78' lang='lat' dir='ltr'>ambitu</span> <span class='ocrx_word' id='word_1_366' title='bbox 1283 2338 1439 2362; x_wconf 78' lang='lat' dir='ltr'>teri-amm</span> <span class='ocrx_word' id='word_1_367' title='bbox 1455 2331 1498 2361; x_wconf 83' lang='lat' dir='ltr'>ab</span> <span class='ocrx_word' id='word_1_368' title='bbox 1515 2330 1671 2361; x_wconf 81' lang='lat' dir='ltr'>hostibus</span> <span class='ocrx_word' id='word_1_369' title='bbox 1692 2340 1839 2371; x_wconf 82' lang='lat' dir='ltr'>occupa-</span> 
     </span>
     <span class='ocr_line' id='line_1_57' title="bbox 1133 2374 1837 2415; baseline 0 -10"><span class='ocrx_word' id='word_1_370' title='bbox 1133 2380 1242 2406; x_wconf 82' lang='lat' dir='ltr'>tarum</span> <span class='ocrx_word' id='word_1_371' title='bbox 1273 2380 1306 2405; x_wconf 89' lang='lat' dir='ltr'>et</span> <span class='ocrx_word' id='word_1_372' title='bbox 1336 2374 1515 2415; x_wconf 66' lang='lat' dir='ltr'>speciatim*</span> <span class='ocrx_word' id='word_1_373' title='bbox 1549 2384 1588 2405; x_wconf 85' lang='lat' dir='ltr'>ea</span> <span class='ocrx_word' id='word_1_374' title='bbox 1624 2379 1728 2415; x_wconf 83' lang='lat' dir='ltr'>parte,</span> <span class='ocrx_word' id='word_1_375' title='bbox 1763 2383 1837 2415; x_wconf 85' lang='lat' dir='ltr'>quae</span> 
     </span>
     <span class='ocr_line' id='line_1_58' title="bbox 1137 2417 1521 2459; baseline 0 -10"><span class='ocrx_word' id='word_1_376' title='bbox 1137 2419 1291 2459; x_wconf 81' lang='lat' dir='ltr'>proxima</span> <span class='ocrx_word' id='word_1_377' title='bbox 1308 2418 1371 2449; x_wconf 79' lang='lat' dir='ltr'>fuit</span> <span class='ocrx_word' id='word_1_378' title='bbox 1386 2417 1521 2449; x_wconf 66' lang='lat' dir='ltr'>Caesari.</span> 
     </span>
    </p>

    <p class='ocr_par' dir='ltr' id='par_1_13' title="bbox 1183 2461 1635 2493">
     <span class='ocr_line' id='line_1_59' title="bbox 1183 2461 1635 2493; baseline -0.007 0"><span class='ocrx_word' id='word_1_379' title='bbox 1183 2464 1378 2493; x_wconf 58' lang='lat' dir='ltr'>Braelzizmz.</span> <span class='ocrx_word' id='word_1_380' title='bbox 1402 2462 1473 2493; x_wconf 68' lang='lat' dir='ltr'>vid.</span> <span class='ocrx_word' id='word_1_381' title='bbox 1490 2462 1561 2493; x_wconf 82' lang='lat' dir='ltr'>lnd.</span> <span class='ocrx_word' id='word_1_382' title='bbox 1585 2461 1635 2491; x_wconf 88' lang='lat' dir='ltr'>M.</span> 
     </span>
    </p>

    <p class='ocr_par' dir='ltr' id='par_1_14' title="bbox 1139 2503 1837 2587">
     <span class='ocr_line' id='line_1_60' title="bbox 1185 2503 1837 2545; baseline -0.005 -8"><span class='ocrx_word' id='word_1_383' title='bbox 1185 2506 1263 2537; x_wconf 51' lang='lat' dir='ltr'>Pell.</span> <span class='ocrx_word' id='word_1_384' title='bbox 1293 2508 1430 2545; x_wconf 71' lang='lat' dir='ltr'>copiam.</span> <span class='ocrx_word' id='word_1_385' title='bbox 1487 2505 1540 2537; x_wconf 84' lang='lat' dir='ltr'>Sic</span> <span class='ocrx_word' id='word_1_386' title='bbox 1575 2503 1668 2545; x_wconf 84' lang='lat' dir='ltr'>Virg.</span> <span class='ocrx_word' id='word_1_387' title='bbox 1698 2507 1731 2541; x_wconf 80' lang='lat'>2,</span> <span class='ocrx_word' id='word_1_388' title='bbox 1762 2504 1837 2535; x_wconf 79' lang='lat'>564.</span> 
     </span>
     <span class='ocr_line' id='line_1_61' title="bbox 1139 2548 1541 2587; baseline -0.002 -7"><span class='ocrx_word' id='word_1_389' title='bbox 1139 2548 1242 2580; x_wconf 84' lang='lat' dir='ltr'>Silius</span> <span class='ocrx_word' id='word_1_390' title='bbox 1260 2551 1309 2587; x_wconf 76' lang='lat'>11,</span> <span class='ocrx_word' id='word_1_391' title='bbox 1328 2550 1541 2580; x_wconf 65' lang='lat' dir='ltr'>957.v.1nd.</span> 
     </span>
    </p>

    <p class='ocr_par' dir='ltr' id='par_1_15' title="bbox 1135 2589 1836 2813">
     <span class='ocr_line' id='line_1_62' title="bbox 1183 2589 1835 2633; baseline -0.005 -10"><span class='ocrx_word' id='word_1_392' title='bbox 1183 2593 1233 2623; x_wconf 68' lang='lat' dir='ltr'>Ad</span> <span class='ocrx_word' id='word_1_393' title='bbox 1248 2604 1344 2633; x_wconf 60' lang='lat' dir='ltr'>prout.</span> <span class='ocrx_word' id='word_1_394' title='bbox 1354 2604 1382 2624; x_wconf 82' lang='lat' dir='ltr'>c.</span> <span class='ocrx_word' id='word_1_395' title='bbox 1391 2603 1486 2633; x_wconf 84' lang='lat' dir='ltr'>prop.</span> <span class='ocrx_word' id='word_1_396' title='bbox 1496 2593 1726 2624; x_wconf 73' lang='lat' dir='ltr'>adcurrerent.</span> <span class='ocrx_word' id='word_1_397' title='bbox 1751 2589 1835 2621; x_wconf 87' lang='lat' dir='ltr'>Vul-</span> 
     </span>
     <span class='ocr_line' id='line_1_63' title="bbox 1135 2634 1834 2676; baseline -0.004 -10"><span class='ocrx_word' id='word_1_398' title='bbox 1135 2647 1179 2676; x_wconf 68' lang='lat' dir='ltr'>go</span> <span class='ocrx_word' id='word_1_399' title='bbox 1204 2643 1240 2667; x_wconf 76' lang='lat' dir='ltr'>ut</span> <span class='ocrx_word' id='word_1_400' title='bbox 1266 2638 1323 2668; x_wconf 74' lang='lat' dir='ltr'>ad.</span> <span class='ocrx_word' id='word_1_401' title='bbox 1369 2636 1432 2667; x_wconf 85' lang='lat' dir='ltr'>Sed</span> <span class='ocrx_word' id='word_1_402' title='bbox 1459 2635 1654 2676; x_wconf 77' lang='lat' dir='ltr'>conjunctio</span> <span class='ocrx_word' id='word_1_403' title='bbox 1680 2634 1712 2665; x_wconf 90' lang='lat' dir='ltr'>in</span> <span class='ocrx_word' id='word_1_404' title='bbox 1736 2634 1834 2665; x_wconf 90' lang='lat' dir='ltr'>codd.</span> 
     </span>
     <span class='ocr_line' id='line_1_64' title="bbox 1136 2675 1835 2711; baseline -0.001 -2"><span class='ocrx_word' id='word_1_405' title='bbox 1136 2679 1224 2710; x_wconf 86' lang='lat' dir='ltr'>Scal.</span> <span class='ocrx_word' id='word_1_406' title='bbox 1238 2686 1270 2711; x_wconf 85' lang='lat' dir='ltr'>et</span> <span class='ocrx_word' id='word_1_407' title='bbox 1289 2679 1383 2711; x_wconf 86' lang='lat' dir='ltr'>Leid.</span> <span class='ocrx_word' id='word_1_408' title='bbox 1404 2675 1567 2710; x_wconf 57' lang='lat' dir='ltr'>].de‘sscit.</span> <span class='ocrx_word' id='word_1_409' title='bbox 1591 2678 1640 2710; x_wconf 83' lang='lat' dir='ltr'>Cf.</span> <span class='ocrx_word' id='word_1_410' title='bbox 1655 2682 1724 2709; x_wconf 88' lang='lat' dir='ltr'>not.</span> <span class='ocrx_word' id='word_1_411' title='bbox 1738 2677 1781 2708; x_wconf 91' lang='lat' dir='ltr'>ad</span> <span class='ocrx_word' id='word_1_412' title='bbox 1793 2677 1835 2708; x_wconf 90' lang='lat' dir='ltr'>G.</span> 
     </span>
     <span class='ocr_line' id='line_1_65' title="bbox 1135 2721 1836 2761; baseline -0.004 -7"><span class='ocrx_word' id='word_1_413' title='bbox 1135 2726 1166 2760; x_wconf 85' lang='lat'>4,</span> <span class='ocrx_word' id='word_1_414' title='bbox 1203 2725 1249 2754; x_wconf 80' lang='lat'>16.</span> <span class='ocrx_word' id='word_1_415' title='bbox 1286 2725 1350 2754; x_wconf 87' lang='lat' dir='ltr'>Pro</span> <span class='ocrx_word' id='word_1_416' title='bbox 1379 2724 1606 2761; x_wconf 75' lang='lat' dir='ltr'>adcurrerent,</span> <span class='ocrx_word' id='word_1_417' title='bbox 1637 2721 1695 2753; x_wconf 87' lang='lat' dir='ltr'>alii</span> <span class='ocrx_word' id='word_1_418' title='bbox 1722 2731 1836 2752; x_wconf 74' lang='lat' dir='ltr'>occur·</span> 
     </span>
     <span class='ocr_line' id='line_1_66' title="bbox 1135 2767 1713 2813; baseline 0.003 -16"><span class='ocrx_word' id='word_1_419' title='bbox 1135 2773 1256 2798; x_wconf 70' lang='lat' dir='ltr'>rorent.</span> <span class='ocrx_word' id='word_1_420' title='bbox 1279 2767 1331 2798; x_wconf 76' lang='lat' dir='ltr'>Cs-</span> <span class='ocrx_word' id='word_1_421' title='bbox 1348 2768 1418 2798; x_wconf 85' lang='lat' dir='ltr'>lnd.</span> <span class='ocrx_word' id='word_1_422' title='bbox 1707 2807 1713 2813; x_wconf 47' lang='grc'><strong>,</strong></span> 
     </span>
    </p>

    <p class='ocr_par' dir='ltr' id='par_1_16' title="bbox 1137 2807 1833 2886">
     <span class='ocr_line' id='line_1_67' title="bbox 1180 2807 1833 2849; baseline -0.003 -8"><span class='ocrx_word' id='word_1_423' title='bbox 1180 2812 1259 2842; x_wconf 72' lang='grc' dir='ltr'>,ιάηι</span> <span class='ocrx_word' id='word_1_424' title='bbox 1275 2812 1474 2843; x_wconf 54' lang='lat' dir='ltr'>abscessisse.</span> <span class='ocrx_word' id='word_1_425' title='bbox 1527 2809 1683 2842; x_wconf 84' lang='lat' dir='ltr'>Oudend.</span> <span class='ocrx_word' id='word_1_426' title='bbox 1705 2807 1739 2839; x_wconf 76' lang='lat' dir='ltr'>ld</span> <span class='ocrx_word' id='word_1_427' title='bbox 1753 2810 1833 2849; x_wconf 85' lang='lat' dir='ltr'>jam</span> 
     </span>
     <span class='ocr_line' id='line_1_68' title="bbox 1137 2853 1409 2886; baseline 0 0"><span class='ocrx_word' id='word_1_428' title='bbox 1137 2853 1266 2886; x_wconf 83' lang='lat' dir='ltr'>addidit</span> <span class='ocrx_word' id='word_1_429' title='bbox 1281 2866 1298 2886; x_wconf 88' lang='lat' dir='ltr'>e</span> <span class='ocrx_word' id='word_1_430' title='bbox 1311 2855 1409 2886; x_wconf 88' lang='lat' dir='ltr'>codd.</span> 
     </span>
    </p>
   </div>
  </div>
 </body>
</html>
