1946 3261
723 159 842 204 LIB.
877 158 962 203 ΙΙῙ.
1025 156 1164 200 CAP.
1197 156 1330 199 2-4.
1673 154 1763 198 345

280 288 399 346 quod
420 288 549 332 multi
575 287 754 332 Gallicis
774 296 843 332 tot
873 286 1000 330 bellis
1021 284 1288 333 defecerant,
1317 280 1583 339 longumque
1603 279 1688 322 iter
1709 296 1763 322 ex

285 348 496 406 Hispania
518 364 723 406 magnum
746 362 972 391 numerum
1002 344 1288 392 deminuerat,
1306 350 1350 384 et
1372 340 1517 397 gravis
1531 349 1765 382 autumnus

280 407 324 449 in
360 407 524 465 Apulia
560 408 808 464 circumque
849 403 1145 451 Brundisium,
1187 418 1240 443 ex
1279 399 1574 443 saluberrimis
1606 398 1764 441 Galliae

280 475 325 508 et
350 466 572 525 Hispaniae
601 466 866 523 regionibus,
905 478 1072 507 omnem
1109 460 1351 503 exercitum
1386 457 1636 501 valetudine
1672 465 1763 500 ten-

280 533 465 567 taverat.

339 585 381 625 3.
418 584 664 642 Pompeius,
702 599 891 626 annuum
932 579 1122 638 spatium
1171 576 1226 618 ad
1272 574 1584 633 comparandas
1623 573 1765 631 copias

282 651 448 691 nactus,
471 643 588 701 quod
612 659 799 685 vacuum
820 659 845 684 a
867 640 984 683 bello
1016 646 1148 694 atque
1177 635 1233 677 ab
1253 632 1376 676 hoste
1398 633 1585 675 otiosum
1603 632 1765 682 fuerat,

281 717 482 759 magnam
515 718 569 743 ex
606 702 709 743 Asia
733 700 1084 760 Cycladibusque
1124 693 1288 742 insulis,
1327 692 1537 750 Corcyra,
1571 690 1766 741 Athenis,

286 759 444 809 Ponto,
471 760 693 819 Bithynia,
719 761 862 818 Syria,
888 755 1054 803 Cilicia,
1087 752 1288 795 Phoenice
1307 759 1352 793 et
1375 750 1573 808 AEgypto
1592 749 1767 792 classem

281 828 523 877 coegerat;
566 835 766 876 magnam
802 815 1003 858 omnibus
1038 812 1143 855 locis
1179 809 1470 853 aedificandam
1505 817 1768 857 curaverat;

283 893 485 937 magnam
521 879 777 936 imperatam
817 875 945 924 Asiae,
981 872 1136 931 Syriae,
1177 869 1461 927 Regibusque
1497 866 1695 910 omnibus
1725 876 1770 910 et

286 937 493 996 Dynastis
515 946 559 980 et
582 934 830 979 Tetrarchis
861 942 905 976 et
940 931 1089 976 liberis
1127 928 1300 972 Achaiae
1337 927 1511 986 populis
1544 926 1770 984 pecuniam

286 1006 491 1054 exegerat
510 1012 520 1046 ;
551 1010 749 1052 magnam
771 994 998 1037 societates
1019 1006 1171 1032 earum
1189 987 1530 1048 provinciarum,
1552 1001 1659 1043 quas
1680 985 1771 1044 ipse

286 1055 532 1104 obtinebat,
555 1054 636 1097 sibi
655 1069 883 1096 numerare
905 1058 1122 1109 coegerat.

344 1115 387 1156 4.
423 1114 633 1172 Legiones
653 1114 854 1156 effecerat
873 1112 1034 1154 civium
1052 1109 1351 1151 Romanorum
1372 1121 1527 1148 novem
1545 1120 1555 1152 ς
1579 1103 1773 1161 quinque

286 1190 340 1216 ex
373 1173 503 1216 Italia
532 1189 641 1231 quas
674 1172 1014 1218 transduxerat3
1057 1184 1187 1210 unam
1224 1183 1277 1209 ex
1316 1165 1466 1209 Sicilia
1501 1173 1772 1212 veteranam,

287 1248 435 1289 quam,
473 1233 631 1274 factam
668 1248 722 1274 ex
761 1231 947 1279 duabus,
987 1227 1215 1287 gemellam
1254 1225 1541 1284 adpellabat;
1572 1238 1699 1265 unam
1720 1238 1774 1264 ex

293 1292 428 1334 Creta
455 1300 500 1333 et
526 1291 799 1340 Macedonia,
834 1306 886 1332 ex
910 1288 1123 1331 veteranis
1154 1285 1383 1334 militibus,
1418 1283 1512 1342 qui,
1554 1282 1714 1324 dimissi
1749 1297 1775 1323 a

290 1350 584 1408 superioribus
628 1348 987 1408 Imperatoribus,
1026 1344 1069 1389 in
1106 1346 1154 1388 iis
1186 1344 1421 1402 provinciis
1455 1341 1774 1389 consederant;

288 1409 399 1451 duas
420 1426 473 1451 ex
495 1409 614 1458 Asia,
636 1425 744 1466 quas
765 1407 977 1451 Lentulus
996 1405 1159 1449 Consul
1176 1401 1505 1445 conscribendas
1526 1407 1774 1442 curaverat.

294 1468 514 1511 Praeterea
555 1484 762 1526 magnum
796 1482 1025 1510 numerum
1053 1480 1107 1506 ex
1128 1462 1362 1509 Thessalia,
1396 1460 1585 1508 Boeotia,
1609 1457 1778 1500 Achaia

291 1528 535 1585 Epiroque,
557 1527 851 1585 subplementi
868 1525 1053 1576 nomine,
1070 1524 1113 1564 iu
1131 1522 1319 1579 legiones
1341 1520 1641 1562 distribuerat.
1695 1517 1778 1559 His

294 1587 564 1629 Antonianos
606 1586 765 1627 milites
803 1585 1103 1627 admiscuerat.
1186 1582 1353 1622 Praeter
1388 1578 1462 1619 has
1497 1577 1778 1633 exspectabat

293 1661 389 1687 cum
425 1645 629 1703 Scipione
660 1661 713 1687 ex
737 1645 866 1702 Syria
900 1643 1092 1700 legiones
1111 1640 1219 1682 duas
1239 1656 1250 1688 ;
1283 1636 1529 1695 sagittarios
1549 1652 1601 1677 ex
1625 1635 1778 1684 Creta,

293 1703 619 1754 Lacedaemone,
645 1706 790 1747 Ponto
811 1711 945 1760 atque
970 1701 1098 1759 Syria
1117 1697 1382 1755 reliquisque
1404 1695 1672 1742 civitatibus,
1695 1693 1781 1735 tria.

294 1763 412 1806 milia
457 1778 647 1806 numero·
688 1762 910 1810 habebam
964 1759 1239 1802 funditorum
1282 1755 1478 1799 cohortes
1518 1752 1783 1797 sexcenarias

1075 1864 1176 1889 anim,
1193 1863 1262 1894 quo
1279 1851 1406 1883 Consul
1424 1850 1543 1888 fuerat,
1560 1849 1628 1880 vid.
1643 1848 1684 1880 ad
1700 1858 1729 1878 c.
1754 1849 1782 1878 l.

1077 1898 1231 1929 Verbum
1260 1897 1384 1927 Concu!
1412 1895 1549 1926 fortasse
1578 1894 1611 1924 in
1638 1891 1784 1933 quibus-

301 1858 530 1890 incommodis
542 1858 737 1890 deminutus
747 1864 849 1889 esset.
864 1874 909 1880 —
925 1858 1005 1889 Plu-

299 1903 406 1934 tarch.
430 1904 463 1934 in
481 1903 568 1935 Caes.
593 1914 624 1934 c.
651 1905 690 1933 37
724 1903 836 1935 refert.
866 1902 1005 1939 milites,

300 1948 476 1979 confectos
486 1949 604 1980 labore
618 1947 1009 1987 vulneribusqiu·,aeger-

299 1991 385 2022 rime
398 1992 527 2030 tulisse,
541 1993 632 2033 quod
650 1993 796 2023 nondum
807 1990 905 2032 quies
922 1986 1008 2032 ibsis

301 2035 532 2076 indulgeretur
547 2047 567 2067 a
583 2036 726 2073 emate,
751 2035 893 2076 ideoque
918 2036 1009 2066 lente

303 2080 502 2111 convenisse
519 2079 763 2111 Brundisium:
792 2081 849 2110 sed
874 2079 932 2110 ubi
960 2080 1009 2110 in-

299 2123 521 2162 tellexissent,
559 2124 727 2158 Caesarem
756 2123 824 2164 jam
856 2124 1012 2161 solvisse,

302 2168 510 2200 verecundia
519 2169 639 2210 plenos
651 2178 751 2199 unum
766 2167 846 2198 illud
861 2174 1013 2209 optasse,

305 2217 342 2243 ut
357 2223 433 2244 eum
449 2223 528 2244 mox
547 2212 642 2254 sequi
660 2219 806 2253 possent.
839 2212 888 2242 M.

352 2257 409 2289 Ex
421 2258 535 2289 salub.
553 2256 812 2296 —reqiom'bzffi
830 2261 905 2296 post
920 2266 1013 2286 com-

306 2302 530 2334 morationem
557 2301 591 2332 in
617 2299 850 2332 saluberrimis
865 2299 1014 2341 regioni-

304 2345 382 2379 bus.
413 2348 463 2378 M.

359 2393 523 2422 Annuum
548 2392 695 2431 spate'um
710 2389 756 2420 ab
773 2399 815 2419 eo
833 2388 911 2419 inde
928 2394 1013 2419 tem-

308 2447 403 2478 pore,
427 2446 495 2476 quo
521 2434 635 2465 Caesar
650 2444 669 2464 e
684 2432 798 2465 Gallia
824 2431 855 2463 iu
879 2433 1012 2464 Italiam

306 2491 387 2512 cum
403 2477 554 2510 exercitu
571 2485 720 2509 venerat.
738 2477 809 2508 vid.
835 2476 911 2509 init.
929 2475 1012 2507 libri

310 2523 424 2567 primi.
455 2524 505 2554 M.

356 2570 532 2600 Societates
574 2566 852 2608 publicanorum.

308 2622 470 2644 mannus.

358 2658 482 2688 Sicilia.
507 2654 672 2686 Ciaccou.
709 2653 889 2694 legendum
919 2656 1015 2693 putat

313 2702 444 2739 Cilicia,
460 2699 587 2730 collato
613 2709 691 2729 cum
715 2708 745 2728 c.
774 2700 829 2728 88.
870 2697 933 2728 Sed
965 2695 1015 2726 ibi

313 2755 424 2777 sermo
440 2744 479 2775 de
497 2742 676 2775 Ciliciensi
708 2741 843 2783 legione
872 2741 1017 2772 adducta

311 2800 333 2821 a
351 2788 525 2830 Scipione.
559 2786 602 2818 V.
619 2786 749 2817 Lucan.
768 2788 799 2821 7,
815 2788 890 2816 22²2.
903 2785 959 2816 hic
971 2785 1013 2815 de

312 2834 461 2876 legione,
475 2842 577 2873 quam
587 2831 676 2862 Cato
687 2832 856 2861 duxerate
871 2828 1003 2860 Sicilia.

359 2879 520 2910 Lentulus
550 2876 686 2913 Consul,
719 2875 754 2906 h.
783 2885 814 2907 e.
846 2873 1018 2916 superiore

908 2564 947 2594 H
948 2568 1013 2596 oto-

1076 1943 1153 1973 (lam
1168 1942 1244 1973 edd.
1261 1940 1423 1971 omissum
1442 1947 1504 1975 est,
1519 1937 1600 1979 quia
1615 1942 1784 1978 putarunt,

1076 1987 1118 2017 de
1136 1987 1202 2017 lioc
1222 1995 1311 2016 anno
1325 1983 1395 2020 agi.
1410 1994 1479 2024 quo
1494 1982 1606 2013 Caesar
1619 1987 1653 2012 et
1668 1980 1782 2011 Servi-

1079 2031 1146 2062 lius
1161 2030 1326 2061 Consules
1343 2029 1488 2059 fuorunt.
1535 2026 1598 2057 Sed
1621 2026 1661 2056 de
1678 2035 1781 2065 supe-

1075 2075 1162 2106 riore
1179 2083 1268 2105 anno
1283 2082 1392 2104 sermo
1408 2076 1470 2103 est.
1500 2071 1549 2102 M.

1126 2120 1328 2150 Antonianos
1344 2117 1476 2147 milites.
1515 2114 1568 2146 Cf.
1585 2124 1660 2154 cap.
1683 2115 1733 2150 10,
1748 2117 1782 2143 et

1082 2166 1135 2194 67.
1182 2163 1320 2193 Sueton.
1350 2160 1382 2191 in
1414 2160 1484 2191 Jul.
1511 2170 1593 2200 cap.
1625 2159 1668 2188 36
1698 2157 1783 2188 inter

1080 2207 1205 2244 clades.
1230 2216 1312 2247 quas
1338 2204 1440 2243 legati
1468 2202 1612 2235 Caesaris
1640 2212 1784 2241 accepe-

1080 2257 1168 2284 runt.
1190 2250 1301 2283 refert.
1324 2250 1362 2280 C.
1379 2249 1564 2280 Antonium
1588 2246 1622 2277 iu
1648 2245 1782 2286 Illyrico

1081 2296 1139 2335 (ad
1154 2295 1348 2335 Corcyram,
1361 2293 1405 2324 cf.
1418 2305 1445 2324 c·
1465 2294 1517 2332 10)
1533 2292 1564 2323 in
1577 2289 1784 2322 adversario-

1079 2351 1154 2371 rum
1170 2339 1346 2370 devenisse
1369 2342 1583 2378 potestatem.
1628 2332 1784 2365 Narravit

1082 2384 1153 2415 Dio
1168 2383 1263 2415 Cass.
1282 2385 1336 2420 41,
1354 2385 1407 2413 40.
1425 2381 1484 2412 ubi
1502 2380 1567 2411 vid.
1592 2377 1783 2409 Fabricius.

1084 2428 1228 2460 Orosius
1254 2429 1284 2461 6,
1310 2429 1372 2457 15:
1415 2427 1588 2463 Avtmzim,
1617 2433 1723 2463 quum
1751 2431 1785 2452 se

1084 2474 1218 2504 Octavio
1256 2483 1333 2503 cum
1367 2470 1555 2512 quindecim
1597 2466 1785 2498 cohortibus

1081 2517 1270 2554 dedidisset,
1299 2525 1412 2547 omnes
1439 2514 1485 2545 aaz
1511 2512 1705 2552 Pompeium
1728 2510 1785 2540 de-

1083 2562 1275 2593 ductisunt.
1303 2559 1405 2590 Conf.
1421 2555 1627 2589 Ciacconius
1642 2555 1685 2584 ad
1703 2553 1783 2585 libr.

1083 2606 1267 2636 secundum
1282 2610 1365 2635 extr.
1390 2603 1439 2633 M.

1127 2650 1343 2688 Saqittarms.
1358 2646 1427 2678 Alii
1440 2645 1700 2685 saffittariomcm.
1720 2640 1784 2672 Sed

1080 2699 1113 2725 et
1139 2693 1259 2725 Livius
1289 2695 1342 2729 35,
1366 2694 1421 2721 90.
1448 2689 1574 2731 pedites
1596 2687 1785 2723 XVmilia,

1082 2737 1144 2769 ubi
1159 2743 1271 2768 tamen
1295 2736 1446 2767 Gronov.
1474 2731 1601 2763 mavult
1621 2730 1784 2771 peditum.

1083 2782 1138 2814 Cf.
1154 2787 1187 2812 et
1202 2780 1359 2812 Perizon.
1375 2779 1417 2810 ad
1434 2777 1545 2808 Sanct.
1560 2774 1648 2806 Min.
1663 2775 1695 2811 4,
1714 2776 1746 2805 8.

1134 2827 1285 2858 cohortes
1298 2833 1426 2854 sea-cen.
1442 2823 1541 2853 (luas.
1558 2819 1693 2851 Cohors
1710 2828 1785 2849 sex-

1086 2869 1222 2904 cenaria
1251 2874 1312 2907 est,
1344 2877 1420 2910 quae
1449 2869 1577 2898 constat
1605 2861 1785 2895 sexcentis.
