1946 3261
509 205 594 248 AD
630 202 891 249 BELLUM
927 202 1284 248 GALLICUM.
1554 199 1638 242 605

156 331 200 381 3,
223 330 293 374 24.
330 331 465 374 tutius
501 346 589 374 esse
629 333 936 376 arbitrabatur.
1033 331 1179 375 Bentl.
1222 328 1347 373 malit
1389 327 1541 375 satin-3²,
1591 335 1640 368 ut

217 391 394 455 Gfraecus
415 393 582 440 βέλτιον.
647 393 755 434 Mox
794 391 905 434 idem
936 391 1114 449 praefert
1147 390 1323 447 agmine
1356 396 1400 430 et
1433 385 1640 444 opinione

218 456 400 491 timoris.

160 509 204 557 3,
227 508 298 550 26.
331 507 509 551 intritae.
572 507 794 551 Bentleius
816 507 1045 565 vulgatum
1071 506 1221 562 reponi
1242 505 1406 548 suadet.

160 566 204 616 4,
228 567 267 608 2.
301 564 606 623 inportatitiis.
659 568 818 608 Servat
842 565 988 607 Bentl.
1010 563 1242 620 inportatis
1263 573 1306 606 et
1327 564 1445 605 delet
1467 562 1549 604 liis.

159 625 203 675 4,
227 626 269 667 3.
302 632 344 666 et
359 624 496 681 paulo
519 639 649 680 quam
668 633 750 667 etc.
805 623 950 666 Bentl.
974 623 1052 665 dat
1073 630 1113 664 et
1129 622 1285 679 paullo
1320 636 1447 679 quam
1465 628 1567 663 sunt
1586 620 1640 663 ei.

219 698 323 739 gen.
356 682 487 724 ceteri
517 683 606 738 (vel
641 683 808 740 ceteris)
844 681 1136 731 humaniores,
1160 680 1312 723 omissa
1334 679 1506 738 copula.
1570 680 1642 721 Sic

220 750 265 783 et
289 742 482 784 Graecus.

162 800 207 850 4,
229 800 271 842 5.
305 800 549 843 rumoribus
561 800 767 843 serviant.
824 800 1040 858 Displicet
1062 799 1269 857 repetitio
1289 797 1405 840 vocis
1428 796 1643 846 BentleiO,

222 860 300 917 qui
332 860 534 902 substitui
568 859 664 902 vult
686 859 965 902 sermunculi-s
985 859 1056 900 vel
1075 856 1460 900 susurrationibus.
1482 857 1642 914 inepte.

223 918 324 960 satis
360 928 511 961 notum
550 918 708 961 habere
748 918 940 961 debebat
981 916 1096 959 hunc
1134 916 1402 975 repetitionis
1439 932 1563 959 usum
1604 914 1647 956 in

227 978 408 1020 Caesare.
481 978 551 1020 Cf.
579 978 692 1020 Oud.
717 977 772 1019 ad
807 978 932 1019 Suet.
959 976 1049 1019 Tit.
1073 991 1107 1018 c.
1127 976 1167 1018 6.
1229 975 1352 1017 Idem
1373 976 1428 1018 ad
1447 991 1485 1017 e.
1509 976 1552 1025 4,
1580 973 1646 1017 16.

225 1035 542 1078 observandum
558 1045 709 1078 contra
732 1035 993 1079 Bentleium.

166 1095 210 1145 4,
239 1094 406 1196 IZ.8De
434 1102 569 1151 ponte
600 1094 744 1137 Rheni
773 1095 830 1138 cf.
868 1095 1045 1153 Magius
1065 1094 1108 1136 in
1143 1095 1277 1137 Grut.
1311 1093 1444 1152 lamp.
1469 1091 1512 1141 5,
1533 1091 1575 1134 2.
1602 1105 1647 1148 p.

169 1212 260 1255 Pro
279 1211 465 1268 pariete.
530 1213 631 1255 Non
667 1213 912 1256 satisfacere
946 1212 1025 1255 sibi
1058 1212 1290 1270 profitetur
1332 1211 1449 1253 Oud.
1490 1209 1534 1252 in
1573 1207 1646 1250 ad-

227 1271 376 1314 dendis
398 1287 464 1321 ea,
489 1287 587 1330 quae
607 1271 663 1313 ad
682 1271 722 1313 h.
748 1272 776 1313 l.
799 1272 1053 1320 tradiderat,
1098 1288 1173 1314 neo
1209 1281 1353 1314 tamen
1390 1269 1523 1312 habet
1558 1282 1649 1309 cer-

229 1330 359 1373 tiora.
424 1330 672 1372 Lectionem
708 1331 832 1373 istam
868 1346 952 1387 pro
984 1330 1155 1388 pariete
1196 1336 1449 1388 propugnat
1485 1335 1529 1369 et
1551 1326 1648 1370 Vie-

230 1390 369 1432 torius
390 1391 442 1431 V.
468 1391 519 1431 L.
543 1389 616 1438 32,
647 1390 713 1432 IS.

171 1448 216 1499 4,
244 1449 307 1490 18.
341 1449 410 1491 De
431 1448 541 1498 loco,
577 1463 664 1506 quo
703 1456 878 1507 pontem
910 1449 1078 1492 struxit
1116 1449 1275 1497 Caesar,
1298 1464 1341 1490 v.
1368 1445 1537 1488 Minola
1557 1444 1587 1487 l.
1612 1460 1647 1487 c.

231 1507 288 1550 ad
312 1508 368 1550 G.
401 1508 436 1556 1,
458 1508 531 1549 31.

172 1566 216 1617 4,
240 1567 308 1608 21.
344 1567 618 1616 Volusenum,
643 1581 754 1609 cum.
819 1567 885 1609 Ut
906 1566 999 1609 heic
1019 1565 1193 1609 distinxi
1223 1564 1414 1624 phrasin,
1443 1565 1502 1605 ita
1523 1563 1651 1620 plane

228 1626 357 1683 jubet
380 1625 619 1675 Bentleius,
654 1625 731 1683 qui
766 1634 975 1684 praeterea
996 1625 1120 1668 addit
1141 1640 1237 1667 eum
1268 1638 1363 1666 cum
1394 1648 1452 1656 —
1472 1623 1543 1665 sed
1572 1621 1652 1663 hoc

231 1699 316 1727 non
337 1700 458 1742 opus.

170 1744 214 1794 4,
237 1743 310 1786 22.
344 1743 566 1800 Quicquid
590 1751 716 1801 praet.
756 1744 934 1786 navium
962 1743 1196 1799 longarum
1226 1741 1420 1784 habebat.
1481 1739 1541 1782 Tb
1561 1740 1655 1782 lori-

228 1817 388 1859 garum
407 1802 541 1844 deleri
563 1802 659 1845 vult
676 1802 876 1845 Jurinius
899 1819 906 1843 :
942 1819 1017 1845 nee
1032 1804 1210 1845 Graecus
1226 1800 1376 1844 habet.
1395 1825 1455 1833 —-
1473 1799 1581 1841 Mox
1601 1798 1655 1841 de

226 1869 362 1918 portu
385 1861 500 1904 Iccio
521 1878 562 1904 v.
586 1870 630 1904 et
650 1861 821 1904 Fabric.
846 1861 952 1904 bibl.
973 1862 1067 1903 Lat.
1094 1860 1195 1902 Vol.
1223 1861 1258 1902 1.

172 1922 216 1972 4,
240 1921 312 1963 23.
342 1920 559 1964 montibus
590 1920 805 1977 angustis.
858 1921 885 1962 J
893 1921 1055 1963 urinius
1074 1919 1250 1977 conjicit
1270 1918 1481 1974 abruptis.
1544 1917 1655 1959 Fere

232 1980 290 2021 sic
313 1980 477 2022 Celsus.

173 2039 217 2089 4,
240 2039 313 2081 25.
340 2038 561 2096 proximis
580 2038 741 2095 primis
755 2038 950 2081 navibus.
1017 2037 1135 2080 Oud.
1155 2036 1284 2079 etiam
1306 2036 1349 2078 in
1365 2033 1573 2078 addendis
1594 2034 1654 2076 al-

232 2106 370 2140 teram
392 2098 574 2143 istarum
595 2113 751 2141 vocum
769 2097 978 2154 glossema
997 2104 1154 2140 censet.
1217 2096 1243 2138 J
1250 2094 1413 2137 urinius
1441 2094 1657 2152 conjectat

230 2156 429 2214 proximi
448 2172 502 2199 ea*
517 2156 676 2214 primis
694 2156 891 2200 navibus.

174 2217 218 2267 4,
242 2216 312 2259 26.
347 2215 396 2258 in
429 2216 664 2259 universos,
729 2214 870 2258 Addit
905 2215 934 2258 .J
942 2216 1051 2258 urin.
1084 2213 1147 2257 his
1180 2213 1343 2273 obponi
1374 2211 1522 2270 paullo
1557 2219 1658 2254 ante

235 2274 498 2332 singulares.

176 2334 221 2385 4,
244 2334 315 2376 28.
349 2335 526 2377 adversa
547 2342 685 2378 nocte.
747 2334 863 2377 Bene
881 2333 1118 2392 exponitur
1137 2333 1180 2376 in
1211 2331 1307 2376 [nd.
1332 2330 1514 2373 Frustra
1534 2329 1562 2372 J
1570 2329 1652 2372 uri—

238 2394 333 2436 nius
349 2393 471 2435 malit
492 2393 767 2450 intempesta.
1369 2395 1374 2398 ’

179 2451 223 2502 4,
246 2452 315 2494 29.
351 2451 427 2509 qui
441 2452 543 2494 dies.
598 2453 671 2495 Sic
696 2453 856 2495 Horat.
882 2451 962 2494 ode
984 2453 1027 2502 4,
1054 2452 1119 2503 11,
1146 2452 1211 2494 14.

179 2510 225 2562 4,
246 2511 319 2554 32.
354 2510 669 2568 adpellabatur.
692 2512 749 2554 al.
774 2511 1032 2568 aclpellatur.

179 2570 223 2621 4,
247 2570 319 2613 33.
353 2584 503 2612 currus
519 2570 759 2612 conlocarit.
807 2569 1120 2627 Adstipulatur
1140 2569 1168 2611 J
1173 2566 1355 2616 urinius,
1379 2564 1498 2607 Oud.
1519 2564 1563 2606 in
1583 2563 1654 2606 acl-

239 2628 390 2671 dendis
413 2628 574 2686 probat
592 2628 862 2672 Hotomanni
881 2629 1171 2686 conjecturam
1193 2642 1236 2669 se
1257 2633 1297 2668 et
1316 2637 1479 2668 currus.

179 2688 224 2738 4,
249 2686 321 2730 35.
353 2687 557 2744 adflictis.
587 2687 616 2729 J
623 2688 736 2731 urin.
758 2688 936 2745 praefert
958 2688 1077 2744 vulg.
1101 2685 1313 2741 aedificiis,
1335 2692 1386 2725 ut
1406 2699 1443 2726 e.
1464 2681 1534 2725 38.

185 2748 229 2798 5,
253 2748 295 2791 8.
321 2747 428 2804 pari
460 2760 637 2788 mame-ro
657 2771 716 2781 —
737 2761 874 2803 quem.
935 2746 1080 2788 Jurin.
1114 2744 1222 2788 velit
1259 2750 1390 2800 atque
1423 2740 1491 2784 vel
1528 2747 1660 2797 atque

276 2821 384 2849 uem.

185 2822 323 2917 5,qll.
359 2863 699 2910 C'assivellauno.
764 2864 896 2924 Apud
932 2863 1120 2911 Dionem
1156 2862 1230 2913 40,
1263 2861 1307 2906 2.
1337 2859 1449 2904 male
1471 2866 1566 2902 erat
1594 2857 1662 2901 καὶ
