1946 3261
654 158 770 203 LIB.
835 159 973 204 CAP.
1006 158 1194 203 86—83.
1572 156 1656 201 529

158 282 438 329 Uticensibus
459 295 642 346 propter
663 287 917 331 beneficium
946 287 1053 345 legis
1074 288 1102 330 J
1110 287 1205 330 uliae
1226 300 1383 345 parum
1401 285 1488 330 suis
1509 286 1642 345 parti-

153 342 233 385 bus
255 345 441 402 praesidii
466 363 555 388 esse
578 347 914 396 existimaverat,
947 347 1119 405 plebem
1147 347 1351 388 inermem
1373 346 1536 406 oppido
1556 345 1640 404 eje-

151 411 271 444 cerat
290 412 336 446 et
356 413 456 447 ante
479 415 650 463 portam
673 405 880 448 Bellicam
912 406 1061 447 castris
1083 406 1279 461 fossaque
1313 405 1497 462 parvula
1515 405 1637 447 dum-

152 468 276 503 taxat
295 463 526 516 munierat,
547 464 693 520 ibique
721 464 926 506 custodiis
944 463 1238 512 circumdatis,
1268 463 1465 507 habitare
1486 479 1637 522 coege-

151 527 243 561 rat:
275 530 472 564 senatum
496 530 643 564 autem
663 523 812 579 oppidi
843 522 1038 564 custodia
1057 521 1248 563 tenebat.
1311 521 1476 565 Eorum
1496 531 1639 565 castra

149 576 178 617 ii
200 580 367 636 equites
387 580 529 622 adorti
549 596 800 637 expugnare
820 588 1064 639 coeperunt,
1084 579 1180 621 ideo
1201 579 1321 636 quod
1341 597 1412 623 eos
1434 581 1638 640 partibus

152 635 330 679 Caesaris
362 637 514 680 favisse
545 638 753 688 sciebant,
792 648 857 690 ut,
891 640 950 681 eis
983 637 1236 687 interfectis,
1267 654 1417 681 eorum
1448 640 1638 697 pernicie

147 692 345 737 dolorem
378 711 502 737 suum
543 695 870 738 ulciscerentur.
934 698 1177 745 Uticenses,
1213 696 1356 738 animo
1392 697 1540 740 addito
1582 715 1636 741 ex

150 751 330 794 Caesaris
364 753 564 801 victoria,
597 753 816 811 lapidibus
854 755 1130 812 fustibusque
1166 755 1333 811 equites
1365 756 1635 813 repulerunt.

147 808 302 867 Itaque
324 820 606 870 posteaquam
627 821 765 854 castra
786 827 871 855 non
893 820 1128 869 potuerant
1149 813 1298 870 potiri,
1333 814 1509 857 Uticam
1527 830 1570 857 se
1592 815 1636 858 in

147 868 359 927 oppidum
391 871 668 928 conjecerunt
699 879 833 928 atque
860 871 922 913 ibi
955 871 1114 913 multos
1142 871 1370 914 Uticenses
1405 873 1636 916 interfece—

146 936 251 970 runt
271 927 509 986 domosque
529 945 679 972 eorum
702 937 1066 988 expugnaverunt
1097 945 1148 971 ac
1167 928 1464 987 diripuerunt.
1528 932 1635 982 Qui-

145 986 227 1029 bus
260 1002 397 1044 quum
433 988 545 1030 Cato
577 987 835 1046 persuadere
862 988 983 1031 nulla
1013 988 1182 1031 ratione
1213 988 1376 1045 quiret,
1409 999 1460 1033 ut
1486 1006 1633 1034 secum

143 1045 359 1103 oppidum
375 1046 657 1089 defenderent
676 1056 720 1090 et
738 1047 851 1090 caede
869 1047 1117 1105 rapinisque
1137 1047 1416 1097 desisterent;
1448 1058 1508 1098 et,
1527 1050 1634 1106 quid

139 1104 223 1146 sibi
244 1105 422 1155 vellent,
444 1105 593 1153 sciret;
627 1093 822 1149 se²dandae
849 1122 1001 1149 eorum
1028 1106 1358 1164 inportunitatis
1385 1108 1528 1165 gratia
1549 1109 1632 1151 sin—

141 1162 255 1220 gulis
293 1163 374 1206 HS
405 1165 441 1207 C
475 1164 639 1207 divisit.
701 1164 822 1207 Idem
856 1164 983 1207 Sulla
1017 1165 1204 1207 Faustus
1239 1164 1342 1208 fecit
1382 1181 1432 1208 ac
1471 1167 1524 1209 de
1553 1183 1633 1210 sua

141 1222 325 1280 pecunia
351 1223 536 1282 largitus
562 1232 645 1266 est:
687 1240 857 1281 unaque
888 1239 987 1266 cum
1013 1223 1063 1267 iis
1094 1224 1152 1267 ab
1182 1224 1314 1267 Utica
1342 1224 1634 1283 proficiscitur

140 1289 273 1339 atque
294 1281 337 1324 in
360 1283 563 1340 Regnum
586 1283 647 1325 ire
668 1282 907 1325 contendit.

200 1340 272 1383 88.
308 1340 567 1398 Complures
587 1342 759 1384 interim
779 1358 830 1383 ex
852 1342 959 1399 fuga
978 1342 1155 1384 Uticam
1173 1341 1446 1400 perveniunt.
1511 1344 1633 1394 Quos

144 1414 288 1442 omnes
322 1399 434 1442 Cato
469 1410 746 1450 convocatos,
782 1416 867 1442 una
902 1416 998 1443 cum
1038 1401 1254 1451 trecentis,
1292 1402 1367 1459 qui
1399 1403 1631 1460 pecuniam

144 1458 339 1516 Scipioni
372 1457 428 1500 ad
449 1458 613 1502 bellum
640 1458 883 1502 faciendum
905 1459 1196 1509 contulerant,
1226 1460 1444 1511 hortatur,
1475 1469 1525 1504 ut
1545 1478 1631 1505 ser-

140 1516 247 1559 vitia
293 1517 647 1560 manumitterent
698 1517 997 1576 oppidumque
1046 1518 1345 1562 defenderent.
1428 1521 1629 1570 Quorum

139 1591 275 1634 quum
296 1585 467 1634 partem
485 1576 718 1625 adsentire,
739 1577 897 1634 partim
916 1577 1104 1620 animum
1125 1586 1399 1636 mentemque
1421 1581 1630 1636 perterri-

136 1643 226 1676 tam
244 1644 378 1693 atque
404 1635 448 1678 in
469 1636 615 1693 fugam
637 1635 892 1678 destinatam
922 1635 1082 1678 habere
1104 1635 1409 1686 intellexisset;
1440 1639 1628 1697 amplius

137 1692 192 1735 de
209 1709 260 1735 ea
280 1710 326 1737 re
342 1710 470 1752 agere
491 1694 660 1737 destitit
674 1710 891 1752 navesque
913 1695 962 1738 iis
977 1694 1212 1745 adtribuit,
1234 1704 1298 1749 ut,
1319 1696 1363 1739 in
1382 1711 1489 1754 quas
1510 1698 1624 1755 quis-

908 1805 964 1880 Ιέἰε
990 1810 1069 1881 Ξῖηι
1100 1804 1134 1835 in
1162 1804 1337 1837 Plutarch.
1366 1804 1486 1838 Caton.
1510 1817 1541 1839 c.
1563 1810 1618 1840 62.

933 1853 964 1882 3.
1033 1874 1040 1880 .

183 1805 280 1839 Quod
303 1805 504 1837 Uticensibus
518 1823 562 1828 —
575 1816 701 1846 parum
724 1807 759 1835 in
774 1807 842 1835 sne's

133 1850 284 1891 partibus
298 1866 344 1872 -
358 1849 440 1889 Leg.
458 1850 544 1891 quod
566 1851 602 1880 in
630 1851 765 1880 t·t1·c.—
779 1861 841 1890 pa-

135 1903 214 1924 rum
228 1896 299 1925 suis
312 1895 476 1935 partibus.
524 1893 620 1924 Hanc
636 1893 841 1925 admonitio-

135 1947 213 1969 nem
258 1937 377 1969 Faerni
430 1938 572 1979 protulit
614 1937 838 1977 Ciacconius;

134 1981 292 2013 Clarkius
314 1988 348 2013 et
372 1981 462 2013 Oud.
481 1981 641 2023 probant3
672 1987 705 2012 et
730 1981 842 2022 loqui-

135 2029 191 2056 tur
217 2025 291 2066 ipsa
316 2036 382 2057 res.
414 2026 463 2056 M.
507 2025 543 2056 In
572 2035 607 2056 re
637 2031 704 2056 tam
732 2025 841 2056 maui-

133 2068 217 2100 sesta
233 2069 315 2110 quid
331 2068 462 2100 adtinet
481 2079 625 2100 errorem
643 2079 773 2100 servare
790 2069 840 2100 in-

133 2114 284 2145 tactum?
308 2113 509 2155 transposita
527 2112 769 2154 praepositione
787 2114 839 2145 ul-

133 2169 194 2189 cus
210 2157 337 2189 sanavi.
381 2157 603 2200 Lipsiusjam
620 2163 764 2188 notarat.

180 2203 321 2244 Propter
339 2202 522 2242 benefileq.
548 2202 648 2233 Julioe
673 2202 714 2232 de
733 2201 838 2232 liber-

130 2252 212 2283 tate,
238 2245 434 2278 civitatibus
460 2245 716 2286 provinciarum
740 2253 837 2276 antea

132 2289 252 2322 liberis
266 2291 504 2322 conservanda.
530 2288 606 2320 Cic.
624 2289 657 2320 in
674 2289 788 2320 Pison.
806 2300 836 2319 c.

135 2337 192 2366 16:
233 2335 321 2376 Leye
353 2336 494 2366 Coesarte
517 2336 708 2373 justissima
737 2337 838 2374 alque

129 2381 256 2419 optima
268 2379 386 2419 populi
394 2378 490 2409 liberi
501 2379 600 2418 plane
611 2383 639 2409 et
654 2388 729 2408 vere
740 2382 837 2408 erant.

129 2423 235 2454 liberi.
282 2421 336 2453 Sic
362 2427 438 2462 post
464 2421 705 2452 Rhellicanum
727 2420 838 2452 Cella-

131 2466 200 2497 rius
223 2466 256 2497 h.
271 2466 293 2496 l.
310 2464 474 2507 explicat.
517 2465 699 2506 Sperabant
724 2465 837 2505 ig‘itur.

127 2516 164 2542 ut
189 2509 366 2541 Fabricius
393 2510 436 2540 ad
453 2508 557 2540 Dion.
584 2509 677 2540 Cass.
703 2510 757 2547 43,
787 2511 837 2546 10,

131 2553 226 2592 dicit,
249 2565 283 2585 se
306 2554 498 2585 libertatem
521 2553 595 2594 lege
610 2552 753 2584 Caesaris
770 2563 838 2583 ser-

129 2604 280 2630 vaturos.
305 2599 354 2629 M.

175 2644 453 2674 Emistimaverat.
483 2640 554 2673 Alii
565 2642 766 2672 e.vistima7·et
782 2639 834 2671 vel

127 2687 349 2719 existimabat.

175 2732 401 2773 Empuqnare.

130 2775 295 2816 Jurinius.

174 2820 295 2851 Castra
309 2837 353 2842 —
364 2821 477 2861 potiri.
523 2816 591 2851 Alii
606 2819 732 2850 casm-is.

174 2863 285 2898 Quum
305 2865 383 2897 Calo
395 2882 438 2888 --
453 2864 572 2905 quiret.
610 2861 775 2900 Quaedam
791 2862 832 2894 de

464 2728 583 2760 Potius
627 2728 835 2770 obpuynare.

956 1895 1021 1925 HS
1041 1897 1077 1927 C.
1124 1894 1200 1926 Non
1226 1899 1277 1924 est
1304 1893 1338 1926 in
1353 1893 1500 1936 antiquis
1515 1895 1617 1928 libris

911 1939 1000 1976 HS;
1023 1939 1081 1970 vix
1095 1944 1207 1969 tamen
1223 1937 1369 1980 intelligi
1385 1944 1496 1980 potest
1506 1940 1618 1979 aliud,

904 1992 1007 2022 quam
1023 1984 1182 2014 sestertios
1203 1986 1347 2021 centum,
1373 1982 1475 2023 idque
1493 1984 1618 2015 confir-

906 2032 976 2057 mat
995 2027 1109 2057 Petav.
1125 2026 1246 2063 codex,
1269 2025 1303 2056 in
1324 2036 1392 2066 quo
1415 2028 1450 2058 C.
1466 2032 1616 2060 sestertia

904 2069 1035 2110 legitur,
1057 2070 1150 2110 quod
1171 2075 1281 2100 tamen
1304 2070 1444 2101 modum
1465 2072 1618 2105 excedit.

903 2114 954 2144 Μ.
1000 2113 1053 2143 cf.
1072 2118 1140 2144 not.
1156 2114 1198 2144 ad
1211 2112 1265 2144 Af.
1283 2115 1337 2144 48.

950 2158 994 2188 In
1022 2158 1188 2198 Reqnum.
1241 2158 1286 2188 H.
1312 2158 1334 2188 l.
1364 2157 1521 2199 Regnum
1547 2171 1611 2201 pro

904 2201 1025 2242 Regno
1053 2201 1152 2232 Jubae
1179 2201 1250 2231 κατ’
1272 2201 1374 2241 ἐξοχὴν
1399 2203 1550 2243 ponitur,
1572 2211 1609 2236 ut

900 2256 931 2275 c.
951 2246 1004 2276 92.
1025 2247 1076 2275 93.
1103 2246 1220 2276 Daris.
1268 2245 1356 2286 Ergo
1384 2255 1492 2288 neque
1519 2249 1611 2289 Req-

900 2299 984 2320 num
1016 2290 1112 2321 Juboe
1148 2289 1339 2330 legendum,
1368 2299 1479 2331 neque
1510 2292 1611 2323 Jubae

901 2343 962 2372 pro
980 2335 1028 2363 ire
1045 2334 1239 2374 ponendum
1255 2339 1318 2364 est.
1355 2333 1454 2366 Conf.
1470 2336 1513 2367 ad
1528 2346 1608 2377 cap.

903 2380 956 2407 95.
982 2377 1032 2408 M.

947 2422 1035 2453 Cum
1047 2423 1206 2454 trecentis.
1224 2422 1329 2454 Erant
1343 2423 1490 2455 Romani
1502 2423 1608 2462 cives,

901 2463 934 2494 in
952 2464 1064 2496 Africa
1087 2472 1308 2497 mercaturam
1333 2473 1366 2497 et
1386 2467 1496 2499 foenus
1511 2479 1610 2500 exer-

900 2515 1023 2548 centes,
1036 2520 1181 2551 quorum
1195 2510 1338 2542 consilio
1353 2517 1387 2542 et
1400 2522 1505 2553 opera
1521 2512 1608 2544 Cato

900 2553 1070 2585 utebatur.
1114 2553 1166 2584 Cf.
1189 2565 1220 2584 e.
1238 2556 1292 2586 90.
1340 2556 1511 2587 Plutarch.
1528 2556 1606 2588 Cat.

900 2607 975 2638 cap.
989 2600 1042 2635 59,
1061 2600 1112 2629 61.
1141 2599 1265 2630 Cellar.
1313 2597 1462 2630 Omnino
1478 2600 1610 2632 Plutar-

899 2641 983 2672 chus
1008 2641 1069 2673 illo
1092 2642 1171 2673 loco
1192 2641 1302 2673 studia
1317 2650 1524 2685 conatusque
1539 2643 1606 2675 Ca·

899 2686 989 2716 tonis
1001 2690 1035 2715 et
1048 2696 1184 2716 omnem
1205 2695 1276 2716 rem
1292 2685 1473 2727 diligenter
1488 2698 1604 2729 perse-

899 2734 997 2762 cutus
1013 2735 1074 2761 est.
1098 2730 1148 2760 M.

945 2775 990 2805 In
1009 2773 1145 2815 fuqam.
1193 2772 1309 2815 Vulgo
1341 2774 1433 2806 male
1453 2777 1490 2807 in
1504 2775 1612 2820 fuya.-

899 2823 1016 2853 contra
1031 2818 1129 2851 codd.
1144 2817 1256 2851 bonos
1269 2824 1302 2850 et
1317 2819 1395 2851 edd.
1410 2825 1478 2852 vet.

1344 2924 1426 2959 ΞΜ
