1946 3261
702 200 818 247 LIB.
855 196 890 247 Ι.
956 204 1094 249 CAP.
1131 200 1319 250 'lo-13.
1666 211 1751 254 269

263 326 367 372 (uio
402 342 488 373 non
524 327 646 380 dare,
686 347 827 391 neque
863 348 1129 376 accessurum
1165 334 1380 392 polliceri,
1414 350 1614 395 magnam
1636 339 1753 396 pacis

260 345 603 447 desperationem
626 391 865 436 adferebat.
930 392 1087 449 Itaque
1107 393 1165 434 ab
1197 394 1396 437 Arimino
1421 395 1486 437 M.
1512 397 1751 440 Antonium

261 463 360 490 cum
378 447 631 492 cohortibus
654 451 694 494 V
718 453 945 495 Arretium
961 451 1123 494 mittit:
1149 451 1241 510 ipse
1261 453 1446 496 Arimini
1465 471 1564 498 cum
1582 455 1753 500 duabus

259 507 455 550 subsistit
472 508 621 566 ibique
642 509 851 553 dilectum
865 509 1049 569 liaberep'
1068 510 1278 560 instituit;
1307 511 1551 569 Pisaurum,
1567 515 1751 567 Fanum,

263 567 489 609 Anconam
507 567 687 624 singulis
709 569 961 613 cohortibus
983 578 1184 629 occupat.

325 624 391 666 12.
417 624 591 669 Interea
623 627 787 671 certior
822 630 976 679 factus,
1004 629 1214 686 Iguvium
1239 629 1478 673 Thermum
1514 632 1751 679 Praetorem

259 682 514 727 cohortibus
537 685 732 743 quinque
751 696 915 738 tenere,
937 685 1149 748 oppidum
1171 689 1341 731 munire
1362 689 1642 748 omniumque
1661 711 1751 738 esse

260 742 548 801 Iguvinorum
581 746 792 803 optimam
829 763 936 805 erga
971 764 1015 790 se
1054 747 1342 797 voluntatem,
1380 748 1617 792 Curionem
1655 768 1752 797 cum

259 801 403 845 tribus
423 801 692 854 cohortibus,
724 822 832 864 quas
855 806 1022 849 Pisauri
1055 815 1100 849 et
1135 807 1322 859 Arimini
1354 804 1561 857 habebat,
1599 810 1750 854 mittit.

262 859 402 919 Cujus
421 860 613 904 adventu
635 865 829 921 cognito,
844 864 1009 906 diffisus
1030 864 1257 923 municipii
1276 864 1504 909 voluntate
1520 866 1753 921 Thermus,

259 919 459 964 cohortes
480 936 533 963 ex
556 921 668 963 urbe
694 921 842 965 educit
863 932 908 965 et
932 922 1159 981 profugit:
1193 924 1354 967 milites
1378 924 1420 967 in
1443 924 1599 970 itinere
1621 929 1680 972 ab
1701 947 1753 973 eo

259 978 489 1023 discedunt
521 995 572 1022 ac
608 979 786 1023 domum
823 990 1125 1025 revertuntur.
1191 983 1328 1026 Curio
1360 985 1552 1028 omnium
1587 1004 1753 1033 summa

258 1037 485 1082 Voluntate
519 1038 728 1097 Iguvium
752 1041 921 1099 recipit.
987 1041 1160 1091 Quibus
1189 1043 1319 1086 rebus
1347 1044 1550 1103 cognitiS,
1572 1047 1754 1093 confisus

258 1099 592 1158 municipiorum
612 1099 916 1143 voluntatibus
938 1100 1100 1150 Caesar,
1131 1100 1331 1145 cohortes
1363 1102 1544 1162 legionis
1564 1105 1677 1149 XIII
1700 1125 1754 1152 ex

259 1157 469 1216 praesidiis
495 1158 674 1202 deducit
704 1160 1032 1218 Auximumque
1055 1160 1371 1219 proficiscitur:
1407 1163 1525 1220 quod
1540 1166 1753 1225 oppidum

265 1217 417 1261 Attius
460 1218 715 1262 cohortibus
758 1219 1021 1262 introductis
1069 1220 1262 1271 tenebat,
1317 1221 1616 1284 dilectumque
1658 1235 1754 1270 toto
1806 1274 1808 1278 y

264 1275 424 1320 Piceno
446 1278 748 1321 circummissis
771 1279 1059 1322 senatoribus
1080 1279 1285 1324 habebat.

327 1336 392 1378 13.
438 1336 647 1379 Adventu
691 1337 871 1381 Caesaris
917 1340 1108 1396 cognito,
1162 1340 1433 1385 Decuriones
1475 1342 1653 1386 Auximi
1696 1346 1751 1388 ad

263 1395 437 1438 Attium
463 1395 630 1438 Varum
661 1397 910 1456 frequentes
940 1398 1224 1441 conveniunt:
1259 1399 1437 1450 docent,
1462 1408 1492 1427 “
1511 1402 1575 1444 sui
1599 1403 1753 1461 judicii

261 1461 291 1480 “
317 1471 407 1497 rem
444 1470 527 1498 non
565 1472 675 1504 esse;
722 1471 861 1515 neque
895 1474 953 1506 se,
994 1473 1136 1516 neque
1171 1459 1360 1516 reliquos
1391 1460 1627 1520 municipes
1660 1465 1752 1522 pati

260 1521 289 1540 “
314 1530 452 1572 posse,
478 1515 531 1557 C.
553 1515 785 1566 Ctesarem,
810 1515 1069 1574 Imperator,
1085 1534 1126 1559 m
1147 1518 1257 1560 bene
1280 1517 1334 1560 de
1357 1518 1606 1578 Republica
1628 1524 1754 1566 meri-

262 1580 291 1599 “
317 1582 427 1622 tum,
459 1574 591 1616 tantis
629 1575 758 1618 rebus
789 1575 937 1632 gestis,
971 1576 1137 1634 oppido
1165 1578 1467 1636 moenibusque
1500 1580 1750 1645 prohiberi:

260 1638 291 1658 ‘⁶
317 1632 498 1691 proinde
540 1632 700 1677 habeat
750 1635 960 1677 rationem
1012 1635 1279 1693 posteritatis
1330 1646 1375 1678 et
1420 1639 1601 1695 periculi
1643 1641 1755 1685 sui.'’

261 1691 463 1742 Quorum
485 1693 682 1737 oratione
712 1702 935 1752 permotus
961 1695 1113 1738 Attius
1138 1695 1297 1746 Varus,
1331 1695 1596 1755 praesidium,
1629 1702 1748 1760 quod

310 1867 359 1898 Ab
379 1869 539 1900 Arimino.
564 1869 656 1901 Solet
673 1868 783 1901 Caesur
804 1870 968 1912 prmposi-

279 1908 286 1915 ·
1035 1871 1296 1911 (Yorn-llannib.
1325 1873 1356 1903 4.
1377 1878 1410 1903 ct
1432 1873 1559 1906 Duker.
1588 1875 1632 1906 ad
1659 1875 1750 1909 mor.

262 1915 357 1943 tione
381 1912 428 1944 sic
461 1913 521 1945 uti.
568 1914 671 1947 Cous.
704 1925 736 1945 c.
772 1917 820 1946 15.
845 1917 893 1946 1⁸.
913 1919 966 1947 25.

1036 1920 1068 1955 2,
1087 1921 1141 1951 20.
1159 1919 1189 1947 5.
1224 1915 1344 1948 Simile
1359 1916 1441 1958 quid
1459 1928 1489 1950 c.
1504 1922 1535 1950 5.

263 1957 317 1987 78.
354 1955 397 1987 V.
414 1962 448 1989 et
465 1963 535 1990 not.
550 1960 591 1990 ad
609 1960 652 1991 G.
672 1961 704 1998 6,
721 1962 752 1990 3.
768 1965 802 1991 ct
819 1959 893 1992 ('ic.
911 1970 967 2002 cp.

262 2002 296 2038 4,
324 2000 374 2032 12.

310 2045 397 2077 Cum
413 2045 543 2079 duabus
559 2048 756 2087 temonibus.
784 2048 904 2086 Immo,
919 2060 970 2080 co-

263 2089 410 2122 hortibus
423 2103 433 2121 .·
456 2090 525 2122 vid.
542 2102 573 2122 c.
594 2093 630 2122 12
649 2105 656 2122 :
681 2103 757 2124 nam
781 2104 880 2125 unam
898 2099 972 2124 tan-

264 2139 335 2164 tum
366 2134 536 2177 legionem
565 2135 710 2168 Arimini
743 2137 874 2169 habuit.
901 2137 971 2169 vid.

262 2187 341 2219 cap.
359 2180 390 2210 8.
438 2179 529 2221 Ergo
547 2180 634 2211 bone
653 2181 782 2214 monuit
803 2181 973 2217 Davisius,

261 2223 447 2264 leqe'onibux
469 2225 663 2263 delendum,
692 2231 726 2257 et
751 2227 938 2258 colim-tibus
953 2238 973 2258 e

262 2266 499 2308 superioribus
536 2270 754 2311 repetendum
794 2281 880 2302 csse.
922 2271 970 2302 M.

267 2311 355 2342 Vide
373 2317 406 2343 et
419 2323 449 2344 c.
471 2315 521 2345 15.
541 2314 614 2353 ubi,
634 2316 762 2355 leqione
776 2315 972 2346 «luoducima

262 2362 451 2394 consecuta,
482 2359 568 2391 duae
598 2369 632 2391 xe
670 2360 822 2392 hcwutese
859 2359 972 2391 Caesar

265 2399 394 2431 scribit.
418 2401 622 2435 Manifestus
643 2414 746 2442 error,
758 2403 882 2446 quovis
898 2414 972 2434 mo-

264 2445 309 2476 ‹lo
337 2445 518 2478 tollendus·
578 2448 686 2480 Deleo
725 2459 804 2480 cum
832 2448 971 2480 Clarkio

262 2489 467 2530 leqionIbm5
490 2490 519 2523 si
539 2492 595 2524 cui
612 2492 722 2534 magis
744 2491 878 2524 adridet
895 2492 972 2534 opi-

264 2532 322 2564 nio
348 2531 598 2577 Oudendorpii.
623 2536 808 2568 substituet
832 2539 972 2570 cohorti-

264 2577 335 2608 bus.
375 2577 536 2617 Legionis
552 2581 632 2613 xm
649 2580 758 2613 tribus
773 2581 971 2614 cohortibus

263 2621 376 2653 Caesar
405 2623 594 2664 Pisaurum,
624 2626 765 2663 Fanum,
797 2628 970 2658 Anconam

264 2667 459 2708 occupavit,
490 2668 640 2711 quinque
665 2670 835 2702 Arretium
867 2670 973 2711 misit,

264 2711 348 2742 duas
362 2722 478 2743 secum
495 2713 641 2755 reliquas
661 2713 794 2746 habuit.

270 2763 272 2766 ·
313 2756 507 2789 Praetorem.
530 2757 832 2790 Freinshemiusin
849 2758 971 2791 ind.ad

264 2799 404 2832 Florum
447 2802 577 2833 mavult
616 2803 870 2845 Proprcelorem,
914 2805 972 2835 sed

269 2845 402 2877 Praetor
427 2856 516 2887 saepe
542 2846 680 2885 dicitur,
709 2847 770 2890 qui
799 2857 878 2879 cum
909 2847 973 2880 im-

267 2889 363 2930 perio
387 2895 517 2932 praeest.
577 2892 618 2924 V.
647 2901 712 2925 van
741 2892 903 2925 staveren
930 2893 972 2925 ad

1084 1962 1222 2004 vaffisus
1235 1964 1412 2003 mmn'ripii
1434 1964 1614 1996 voluntate.
1664 1964 1749 2003 Qui-

1036 2006 1113 2037 dam
1145 2016 1204 2047 pro
1241 2008 1415 2047 munit-ipit'
1451 2006 1577 2040 habent
1613 2011 1750 2049 ein-ium,

1036 2051 1161 2088 glossa.
1202 2049 1261 2081 alii
1294 2052 1457 2082 vuluntate&
1492 2051 1608 2084 invitis
1646 2054 1748 2086 bonis

1038 2095 1143 2125 codd.
1180 2094 1245 2125 Th.
1264 2095 1438 2126 Bmtlvius
1454 2098 1541 2128 male
1556 2097 1746 2130 ablativum

1037 2138 1177 2180 respuit.
1226 2138 1355 2170 Eodem
1373 2140 1477 2170 modo
1492 2144 1630 2182 confisus
1645 2143 1747 2174 strui-

1038 2190 1102 2214 tur.
1147 2182 1226 2214 vid.
1252 2185 1284 2221 3,
1306 2187 1360 2215 21.
1378 2190 1413 2215 ct
1447 2185 1626 2218 Vitruvius
1651 2191 1683 2226 2,
1713 2191 1745 2219 9.

1037 2229 1191 2259 naturali
1203 2230 1386 2260 munitium·
1403 2233 1554 2269 confisam.

1084 2274 1304 2304 Derurimws.
1353 2272 1519 2307 Vid.1nd.
1545 2276 1595 2307 Μ.

1084 2318 1301 2354 Posteritrms,
1330 2316 1427 2351 famae
1456 2320 1548 2362 apud
1579 2328 1746 2362 posteros.

1043 2361 1182 2393 Γονέων.
1230 2361 1410 2396 Rubenius
1442 2365 1472 2396 in
1500 2365 1631 2397 Electis
1665 2368 1690 2404 l,
1715 2370 1746 2396 8.

1036 2407 1215 2437 emendare
1245 2407 1385 2439 volebat
1416 2412 1592 2450 potestatis,
1623 2420 1748 2451 perpe-

1036 2461 1119 2482 ram.
1166 2450 1218 2481 Eo
1232 2460 1344 2491 sensu,
1360 2465 1429 2494 quo
1447 2454 1515 2492 liic,
1531 2464 1595 2485 vox
1609 2457 1750 2496 praetori-

1034 2497 1111 2527 tutis
1138 2494 1259 2533 legitur
1284 2502 1317 2527 ct
1342 2499 1434 2540 apud
1449 2497 1607 2530 Tacitum
1626 2499 1746 2530 Annal.

1037 2541 1069 2578 3,
1091 2540 1141 2571 19.
1160 2545 1193 2570 et
1213 2540 1254 2571 H.
1271 2544 1304 2575 2,
1321 2543 1374 2574 53.
1400 2543 1479 2574 item
1498 2542 1574 2574 Cic.
1591 2542 1694 2574 Tusa.
1718 2544 1746 2577 1.

1039 2585 1090 2615 15.
1135 2583 1224 2616 Oud.
1253 2584 1286 2616 in
1313 2587 1404 2618 notis
1428 2588 1469 2619 ad
1496 2586 1634 2618 Sueten.
1657 2586 1745 2618 Caes.

1035 2639 1066 2660 c.
1098 2629 1152 2660 30.
1183 2628 1335 2670 conjicit,
1366 2631 1481 2663 locum
1513 2636 1665 2662 nostrum
1699 2631 1746 2664 ita

1037 2674 1302 2710 emendandum,
1323 2685 1374 2715 pr.
1397 2677 1431 2707 Ιι.
1446 2681 1513 2707 rat.
1529 2676 1612 2707 dum
1633 2680 1749 2717 potext,

1035 2719 1176 2749 civitatis
1192 2717 1244 2748 vel
1263 2721 1462 2751 necessitatis
1480 2724 1510 2751 et
1527 2721 1668 2761 periculi
1681 2723 1749 2758 sui,

1037 2761 1118 2804 quia
1140 2762 1260 2793 Celsus
1281 2761 1329 2793 ita
1356 2763 1459 2795 habet
1484 2774 1518 2805 p.
1541 2766 1613 2795 183.
1637 2770 1749 2802 oram,

1038 2805 1204 2847 utfnmoe,
1220 2811 1257 2838 ut
1269 2816 1328 2838 suo
1340 2809 1750 2849 suorumquedz'scrrtmeui,

1038 2850 1123 2881 dum
1147 2855 1278 2892 tempus
1302 2857 1361 2889 este,
1383 2853 1550 2885 cumulat.
1596 2853 1752 2885 Juriuius

1042 2893 1088 2925 ita
1104 2893 1186 2925 velit
1202 2894 1287 2935 legi:
1309 2899 1422 2937 proin,
1438 2897 1522 2931 dum
1537 2902 1683 2940 potestas
1699 2901 1752 2936 ευ,

1042 2939 1122 2971 hab.
1138 2944 1204 2973 rae·
1219 2950 1257 2982 p.
1273 2950 1300 2973 8.
