1946 3261
302 203 385 255 UO
705 203 790 264 DE
821 202 1025 263 BELLO
1057 205 1355 253 GALLICO·

295 333 436 380 hostes
461 338 668 389 egerunt:
702 347 946 390 magnoque
969 349 1122 376 eorum
1145 348 1325 376 numero
1354 334 1596 383 interfecto,
1625 344 1766 390 neque

294 391 360 443 sui
392 389 649 447 conligendi,
684 406 823 448 neque
848 388 1128 441 consistendi,
1162 400 1240 434 aut
1274 408 1328 434 ex
1358 392 1510 435 essedis
1546 390 1767 438 desiliendi

292 449 544 491 facultatem
566 448 793 492 dederunt.
857 451 924 493 Ex
952 450 1029 492 hac
1059 451 1164 508 fuga
1197 451 1413 508 protinus,
1449 462 1552 506 quae‘
1578 450 1770 506 undique

296 516 599 556 convenerant,
622 509 781 551 auxilia
799 509 1107 552 discesserunt:
1144 525 1284 565 neque
1306 519 1406 567 post
1424 508 1467 551 id
1486 517 1656 566 tempus
1677 524 1770 551 um-

292 580 422 623 quam
443 566 620 611 summis
637 567 860 610 nobiscum
880 568 1016 625 copiis
1033 567 1174 610 hostes
1194 568 1523 610 contenderunt.

357 623 422 667 18.
458 623 619 674 Caesar,
642 626 818 684 cognito
840 627 1018 669 consilio
1040 642 1208 675 eorum,
1239 626 1294 669 a'd
1323 626 1482 669 flumen
1505 624 1704 668 Tamesin
1723 626 1768 669 in

294 680 397 724 fines
432 682 748 727 Cassivellauni
775 686 1011 727 exercitum
1045 685 1192 734 duxit;
1223 685 1342 743 quod
1370 685 1528 728 fiumen
1561 699 1648 727 uno
1682 701 1770 728 om-

293 740 395 783 nino
432 739 528 785 loco
562 742 761 800 pedibus,
798 753 929 802 atque
961 743 1042 786 hoc
1077 759 1207 802 aegre,
1256 744 1430 787 transiri
1469 752 1626 802 potest.
1704 743 1770 787 Eo

294 815 432 857 quum
452 799 651 851 venisset,
687 803 878 846 animum
899 802 1103 851 advertit,
1137 803 1191 845 acl
1211 802 1393 846 alteram
1422 802 1608 845 fluminis
1628 802 1771 860 ripam

295 874 471 916 magnas
506 875 593 901 esse
635 861 780 918 copias
826 860 1014 904 hostium
1056 863 1307 904 instructas:
1358 861 1456 919 ripa
1492 869 1638 904 autem
1678 869 1773 907 erat

294 917 432 959 acutis
453 916 631 960 sudibus
654 919 841 976 praefixis
863 921 1052 968 munita;
1083 920 1358 978 ejusdemque
1381 920 1548 978 generis
1564 919 1647 962 sub
1658 934 1774 977 aqua

294 974 442 1017 defixae
463 975 587 1019 sudes
615 976 790 1020 flumine
812 979 1087 1035 tegebantur.
1153 979 1235 1021 His
1263 979 1394 1021 rebus
1420 978 1605 1037 cognitis
1628 994 1654 1020 a
1675 993 1775 1036 cap-

296 1033 397 1076 tivis
418 1034 718 1093 perfugisque,
743 1037 904 1087 Caesar,
935 1038 1154 1095 praemisso
1171 1038 1388 1096 equitatu,
1421 1037 1648 1081 confestim
1670 1037 1774 1095 legi-

297 1107 398 1135 ones
435 1093 640 1151 subsequi
670 1095 811 1152 jussit.
885 1096 972 1139 Sed
1010 1113 1059 1139 ea
1099 1097 1320 1140 celeritate
1360 1105 1492 1154 atque
1531 1112 1582 1138 eo
1620 1095 1775 1154 inpetu

296 1150 455 1193 milites
472 1151 632 1202 ierunt,
655 1170 792 1211 quum
813 1147 957 1212 capite
984 1156 1076 1199 solo
1098 1172 1150 1197 ex
1170 1172 1284 1213 aqua
1306 1164 1538 1204 exstarent,
1558 1163 1609 1198 ut
1631 1153 1775 1197 hostes

294 1209 494 1269 inpetum
535 1211 756 1269 legionum
800 1221 933 1271 atque
970 1214 1168 1272 equitum
1210 1214 1418 1257 sustinere
1470 1229 1556 1256 non
1596 1221 1772 1272 possent

296 1268 501 1327 ripasque
520 1270 793 1314 dimitterent
812 1287 861 1313 ac
882 1288 924 1314 se
946 1273 1060 1330 fugae
1083 1272 1348 1315 mandarent.

361 1327 425 1370 19.
461 1328 823 1378 Cassivellaunus,
857 1339 908 1372 ut
944 1347 1078 1388 supra
1113 1328 1515 1380 demonstravimus,
1554 1329 1668 1373 omni
1706 1329 1781 1374 de«

297 1385 440 1444 posita
467 1403 542 1444 spe
564 1387 864 1436 contentionis,
897 1388 1077 1431 dimissis
1099 1389 1383 1446 amplioribus
1415 1389 1566 1447 copiis,
1599 1389 1776 1433 milibus

301 1444 473 1488 circiter
496 1453 687 1502 quatuor
707 1446 1016 1488 essedariorum
1036 1447 1213 1496 relictis,
1226 1447 1381 1489 itinera
1398 1458 1545 1491 nostra
1557 1448 1776 1498 servabat,

298 1501 635 1561 paullulumque
662 1520 714 1546 ex
747 1505 817 1546 via
850 1505 1104 1556 excedebat,
1134 1506 1323 1564 locisque
1344 1507 1547 1564 inpeditis
1567 1523 1615 1549 ac
1632 1506 1776 1550 silves-

298 1561 442 1603 tribus
477 1578 563 1603 sese
592 1563 842 1605 occultabat
871 1573 1004 1621 atque
1037 1565 1086 1607 iis
1121 1565 1385 1621 regionibUS,
1415 1566 1575 1623 quibus
1598 1581 1674 1610 nos
1695 1565 1778 1611 iter

298 1619 491 1662 facturos
515 1630 795 1677 cognoverat,
833 1638 990 1679 pecora
1010 1632 1141 1681 atque
1163 1623 1352 1665 homines
1372 1639 1422 1665 ex
1451 1623 1566 1681 agris
1588 1624 1630 1666 in
1651 1623 1779 1667 silvas

300 1678 615 1736 compellebat:
650 1688 710 1729 et,
744 1696 880 1737 quum
913 1681 1134 1738 equitatus
1166 1690 1311 1724 noster
1346 1682 1526 1724 liberius
1559 1682 1781 1740 praedandi

297 1735 580 1794 vastandique
601 1753 747 1780 caussa
768 1755 810 1780 se
832 1740 873 1781 in
897 1755 1024 1797 agros
1045 1740 1301 1789 effunderet,
1336 1740 1534 1783 omnibus
1557 1741 1636 1783 viis
1668 1742 1782 1785 notis

299 1795 547 1853 semitisque
579 1797 809 1839 essedarios
841 1814 893 1840 ex
923 1798 1041 1840 silvis
1061 1798 1289 1841 emittebat
1310 1808 1354 1841 et
1373 1815 1529 1857 magno
1550 1816 1647 1842 cum
1667 1799 1780 1857 peri-

296 1853 396 1896 culo
418 1862 666 1896 nostrorum
687 1856 885 1911 equitum
906 1873 1003 1899 cum
1025 1858 1074 1900 iis
1096 1857 1371 1915 confligebat,
1404 1867 1537 1916 atque
1558 1858 1637 1901 hoc
1659 1868 1780 1901 metu

298 1912 429 1954 latius
449 1913 600 1970 vagari
623 1913 899 1970 prohibebat.
964 1915 1329 1974 Relinquebatur,
1365 1925 1415 1958 ut
1448 1932 1586 1974 neque
1606 1917 1779 1974 longius

299 1970 356 2013 ab
392 1971 562 2029 agmine
600 1971 820 2029 legionum
853 1974 1010 2016 discedi
1049 1977 1192 2017 Caesar
1230 1984 1456 2031 pateretur
1477 1985 1521 2018 et
1542 1984 1712 2018 tantum
1734 1975 1777 2018 in

299 2030 416 2087 agris
471 2030 685 2072 vastandis
726 2031 1016 2090 incendiisque
1054 2033 1257 2077 faciendis
1297 2032 1493 2077 hostibus
1534 2043 1780 2084 noceretur,

299 2096 513 2145 quantum
564 2088 713 2132 labore
761 2099 895 2149 atque
930 2091 1096 2136 itinere
1145 2091 1370 2149 legionarii
1413 2093 1571 2138 milites
1612 2093 1780 2139 efficere

297 2154 517 2204 poterant.

350 2290 496 2322 Summis
517 2289 573 2328 (an
602 2290 781 2331 legendum
814 2293 965 2324 omnibus
976 2295 1007 2330 ?)

303 2336 415 2375 copiis.
454 2332 556 2370 Quod
582 2333 608 2364 si
635 2335 711 2375 quis
741 2335 838 2373 nolit,
868 2347 1007 2369 summae

303 2379 402 2419 copiae
417 2382 513 2408 erunt
528 2377 696 2417 maximae,
710 2379 1006 2420 numerosissimae,

307 2427 344 2455 ut
371 2431 403 2453 c.
437 2423 488 2459 18,
516 2432 650 2461 maqnae
686 2425 798 2463 capiae.
837 2423 1007 2465 Metaphr.

303 2464 412 2497 Graec.
449 2464 544 2496 οὐκέτι
559 2469 662 2509 πολλῇ
673 2464 788 2505 δυνάμει
804 2469 861 2500 ’τοῖς
882 2467 1009 2507 Ῥωμαί-

306 2522 341 2543 0¹5
354 2507 512 2548 συνέμιξαν.
537 2511 585 2540 Μ.

353 2555 514 2585 Animum
529 2554 683 2586 advertit.
722 2554 834 2592 Vulgo
860 2555 1012 2587 ach-ertit.

356 2598 515 2628 Flumine
529 2598 638 2638 teqeb.
686 2594 823 2639 Lipsius
841 2599 911 2639 pol.
929 2603 961 2637 5,
979 2603 1010 2629 3.

311 2639 449 2681 conjicit
463 2642 598 2681 plumbo
612 2647 644 2672 et
656 2648 816 2682 provocat
828 2643 869 2673 ad
885 2643 1010 2674 Bedam

312 2684 391 2715 hist.
416 2685 514 2725 Angl.
548 2687 575 2723 1,
593 2689 623 2716 9.
649 2687 711 2717 Sed
728 2686 783 2717 cui
806 2686 895 2717 bono
912 2688 1012 2718 sudes

312 2728 451 2769 plumbo
477 2729 567 2770 tegi?
592 2734 661 2760 tum
678 2730 845 2771 quaeritur,
878 2731 919 2761 de.
947 2731 1011 2761 hac

314 2771 493 2804 occasione
509 2783 550 2804 an
565 2773 633 2804 alia
651 2775 805 2815 loquatur
820 2775 926 2806 Beda.

360 2816 410 2845 Eo
427 2818 552 2856 inpetu.
596 2817 650 2849 Sic
673 2819 772 2850 codd.
793 2824 827 2849 et
849 2823 942 2849 amat
965 2817 1013 2849 ita

314 2857 413 2899 plene
431 2859 521 2899 loqui
537 2860 664 2893 Caesar.

366 2902 405 2932 Ut
434 2912 537 2943 supra
567 2906 872 2939 demonstrat-imus.
918 2905 1014 2937 Nihil

311 2944 378 2978 tale
393 2955 493 2987 supra
508 2945 637 2982 dixerat
661 2949 773 2983 Caesar
794 2951 836 2983 de
850 2949 1015 2983 Cassivel-

1075 2295 1188 2326 launo.
1234 2296 1324 2336 Ergo
1349 2294 1501 2327 Clarkius
1524 2295 1637 2327 locum
1655 2296 1702 2328 sie
1728 2296 1778 2329 in-

1075 2338 1208 2380 telligit,
1221 2340 1317 2380 quasi
1330 2339 1443 2371 Caesar
1454 2339 1658 2381 scripsisset:
1674 2345 1779 2381 omni,

1073 2388 1109 2413 ut
1118 2393 1220 2424 supra
1231 2385 1487 2415 demomtrarim
1494 2394 1544 2421 us,
1552 2395 1607 2425 spe
1616 2385 1764 2426 deposita
1772 2398 1783 2417 .-

1077 2436 1153 2457 nam
1169 2437 1199 2457 c.
1222 2429 1271 2458 17.
1291 2433 1373 2458 extr.
1400 2426 1532 2459 dixerat
1554 2428 1678 2467 Caesar,
1705 2429 1778 2461 Bri-

1076 2476 1190 2501 tannos
1207 2481 1299 2512 spem
1315 2470 1528 2511 deposuisse.
1552 2473 1602 2502 M.

1121 2515 1268 2546 Relictis.
1316 2514 1383 2545 Alii
1400 2515 1514 2547 minus
1531 2515 1616 2547 bene
1632 2520 1777 2549 retentis.

1123 2560 1299 2590 Seri-nbat.
1313 2558 1367 2590 Sic
1384 2559 1518 2591 Terent.
1533 2560 1635 2591 Andr.
1656 2562 1684 2599 1,
1701 2564 1732 2599 3,
1748 2562 1780 2600 7,

1077 2613 1137 2643 pro
1153 2604 1359 2634 observabat.

1128 2647 1324 2686 Effunderet
1353 2647 1435 2688 Leg.
1460 2650 1590 2688 ejiceret
1605 2659 1663 2680 seu
1679 2652 1778 2689 ejece-

1080 2696 1148 2723 rat,
1165 2701 1182 2720 c
1200 2691 1298 2721 codd.
1315 2691 1502 2732 plerisque:
1527 2702 1605 2723 nam
1615 2692 1781 2732 effumlere

1080 2740 1127 2764 est
1139 2734 1467 2775 interpretamentum
1494 2737 1543 2766 M.
1557 2736 1674 2767 Potius
1683 2739 1780 2778 ejice·

1081 2784 1128 2808 ret
1144 2777 1273 2809 videtur
1288 2789 1306 2809 e
1321 2779 1432 2818 glossa
1446 2784 1567 2811 ortum.

1130 2823 1223 2853 Nous
1237 2825 1436 2865 semitisque.
1491 2824 1528 2853 Τὸ
1541 2825 1625 2856 thae's
1639 2823 1730 2856 deest
1745 2823 1778 2856 in

1082 2865 1198 2896 multis
1221 2867 1319 2899 codd.
1343 2872 1377 2899 et
1400 2868 1477 2900 edd.
1506 2877 1567 2900 nec
1592 2873 1703 2901 tamen
1728 2874 1780 2901 est

1074 2909 1255 2951 superflua.
