<?xml version="1.0" encoding="UTF-8"?>
<!DOCTYPE html PUBLIC "-//W3C//DTD XHTML 1.0 Transitional//EN"
    "http://www.w3.org/TR/xhtml1/DTD/xhtml1-transitional.dtd">
<html xmlns="http://www.w3.org/1999/xhtml" xml:lang="en" lang="en">
 <head>
  <title>
</title>
<meta http-equiv="Content-Type" content="text/html;charset=utf-8" />
  <meta name='ocr-system' content='tesseract 3.04.00' />
  <meta name='ocr-capabilities' content='ocr_page ocr_carea ocr_par ocr_line ocrx_word'/>
</head>
<body>
  <div class='ocr_page' id='page_1' title='image "./commentariidebel00caesuoft_0462.png"; bbox 0 0 1946 3261; ppageno 0'>
   <div class='ocr_carea' id='block_1_1' title="bbox 224 999 1716 1670">
    <p class='ocr_par' dir='ltr' id='par_1_1' title="bbox 224 999 1716 1670">
     <span class='ocr_line' id='line_1_1' title="bbox 227 999 1709 1062; baseline -0.003 -12"><span class='ocrx_word' id='word_1_1' title='bbox 227 1006 280 1050; x_wconf 87' lang='lat' dir='ltr'><strong>S1</strong></span> <span class='ocrx_word' id='word_1_2' title='bbox 307 1001 506 1048; x_wconf 87' lang='lat' dir='ltr'><strong>Suetonii</strong></span> <span class='ocrx_word' id='word_1_3' title='bbox 528 1009 654 1046; x_wconf 84' lang='lat' dir='ltr'><strong>aetate</strong></span> <span class='ocrx_word' id='word_1_4' title='bbox 676 1001 865 1047; x_wconf 88' lang='lat' dir='ltr'><strong>incertus</strong></span> <span class='ocrx_word' id='word_1_5' title='bbox 895 1002 979 1046; x_wconf 85' lang='lat' dir='ltr'><strong>fuit</strong></span> <span class='ocrx_word' id='word_1_6' title='bbox 1001 1009 1153 1047; x_wconf 84' lang='lat' dir='ltr'>auctor</span> <span class='ocrx_word' id='word_1_7' title='bbox 1172 1001 1305 1062; x_wconf 84' lang='lat' dir='ltr'><strong>hujus</strong></span> <span class='ocrx_word' id='word_1_8' title='bbox 1325 1000 1443 1051; x_wconf 87' lang='lat' dir='ltr'>libri,</span> <span class='ocrx_word' id='word_1_9' title='bbox 1473 1007 1525 1044; x_wconf 85' lang='lat' dir='ltr'><strong>ut</strong></span> <span class='ocrx_word' id='word_1_10' title='bbox 1549 999 1640 1060; x_wconf 88' lang='lat' dir='ltr'><strong>ipse</strong></span> <span class='ocrx_word' id='word_1_11' title='bbox 1664 999 1709 1046; x_wconf 90' lang='lat' dir='ltr'><strong>in</strong></span> 
     </span>
     <span class='ocr_line' id='line_1_2' title="bbox 224 1075 1709 1136; baseline -0.003 -12"><span class='ocrx_word' id='word_1_12' title='bbox 224 1080 318 1125; x_wconf 86' lang='lat' dir='ltr'><strong>vita</strong></span> <span class='ocrx_word' id='word_1_13' title='bbox 359 1078 470 1123; x_wconf 84' lang='lat' dir='ltr'><strong>Julii</strong></span> <span class='ocrx_word' id='word_1_14' title='bbox 513 1078 692 1121; x_wconf 77' lang='lat' dir='ltr'><strong>Caesaris</strong></span> <span class='ocrx_word' id='word_1_15' title='bbox 728 1094 765 1122; x_wconf 88' lang='lat' dir='ltr'><strong>c.</strong></span> <span class='ocrx_word' id='word_1_16' title='bbox 803 1079 858 1121; x_wconf 81' lang='lat'><strong>56</strong></span> <span class='ocrx_word' id='word_1_17' title='bbox 896 1077 1036 1123; x_wconf 83' lang='lat' dir='ltr'><strong>dixit:</strong></span> <span class='ocrx_word' id='word_1_18' title='bbox 1090 1093 1176 1123; x_wconf 89' lang='lat' dir='ltr'><strong>non</strong></span> <span class='ocrx_word' id='word_1_19' title='bbox 1206 1077 1384 1121; x_wconf 89' lang='lat' dir='ltr'><strong>videtur</strong></span> <span class='ocrx_word' id='word_1_20' title='bbox 1423 1091 1544 1136; x_wconf 83' lang='lat' dir='ltr'><strong>posse</strong></span> <span class='ocrx_word' id='word_1_21' title='bbox 1580 1075 1709 1121; x_wconf 87' lang='lat' dir='ltr'><strong>hodie</strong></span> 
     </span>
     <span class='ocr_line' id='line_1_3' title="bbox 226 1152 1713 1214; baseline -0.002 -13"><span class='ocrx_word' id='word_1_22' title='bbox 226 1171 381 1202; x_wconf 86' lang='lat' dir='ltr'><strong>nomen</strong></span> <span class='ocrx_word' id='word_1_23' title='bbox 413 1155 601 1198; x_wconf 83' lang='lat' dir='ltr'><strong>auctoris</strong></span> <span class='ocrx_word' id='word_1_24' title='bbox 630 1154 745 1198; x_wconf 87' lang='lat' dir='ltr'><strong>libro</strong></span> <span class='ocrx_word' id='word_1_25' title='bbox 781 1155 1018 1214; x_wconf 88' lang='lat' dir='ltr'><strong>praescribi.</strong></span> <span class='ocrx_word' id='word_1_26' title='bbox 1081 1154 1132 1199; x_wconf 87' lang='lat' dir='ltr'><strong>In</strong></span> <span class='ocrx_word' id='word_1_27' title='bbox 1166 1154 1385 1198; x_wconf 83' lang='lat' dir='ltr'><strong>codicibus</strong></span> <span class='ocrx_word' id='word_1_28' title='bbox 1415 1152 1713 1213; x_wconf 80' lang='lat' dir='ltr'><strong>praescribitur</strong></span> 
     </span>
     <span class='ocr_line' id='line_1_4' title="bbox 226 1228 1715 1289; baseline -0.001 -14"><span class='ocrx_word' id='word_1_29' title='bbox 226 1232 298 1277; x_wconf 88' lang='lat' dir='ltr'><strong>vel</strong></span> <span class='ocrx_word' id='word_1_30' title='bbox 331 1229 468 1289; x_wconf 71' lang='lat' dir='ltr'><strong>Oppii</strong></span> <span class='ocrx_word' id='word_1_31' title='bbox 494 1230 564 1273; x_wconf 91' lang='lat' dir='ltr'><strong>vel</strong></span> <span class='ocrx_word' id='word_1_32' title='bbox 594 1229 744 1273; x_wconf 73' lang='lat' dir='ltr'><strong>Hirtii</strong></span> <span class='ocrx_word' id='word_1_33' title='bbox 772 1247 952 1281; x_wconf 91' lang='lat' dir='ltr'><strong>nomen;</strong></span> <span class='ocrx_word' id='word_1_34' title='bbox 994 1248 1018 1275; x_wconf 88' lang='lat' dir='ltr'><strong>e</strong></span> <span class='ocrx_word' id='word_1_35' title='bbox 1052 1231 1259 1275; x_wconf 85' lang='lat' dir='ltr'><strong>Suetonio</strong></span> <span class='ocrx_word' id='word_1_36' title='bbox 1292 1228 1410 1272; x_wconf 87' lang='lat' dir='ltr'><strong>haud</strong></span> <span class='ocrx_word' id='word_1_37' title='bbox 1441 1228 1597 1272; x_wconf 90' lang='lat' dir='ltr'><strong>dubie:</strong></span> <span class='ocrx_word' id='word_1_38' title='bbox 1637 1230 1715 1288; x_wconf 89' lang='lat' dir='ltr'><strong>qui</strong></span> 
     </span>
     <span class='ocr_line' id='line_1_5' title="bbox 227 1303 1713 1363; baseline -0.003 -12"><span class='ocrx_word' id='word_1_39' title='bbox 227 1322 334 1351; x_wconf 88' lang='lat' dir='ltr'><strong>vero</strong></span> <span class='ocrx_word' id='word_1_40' title='bbox 353 1303 521 1347; x_wconf 85' lang='lat' dir='ltr'><strong>librarii</strong></span> <span class='ocrx_word' id='word_1_41' title='bbox 543 1303 739 1356; x_wconf 75' lang='lat' dir='ltr'><strong>Caesarz‘s,</strong></span> <span class='ocrx_word' id='word_1_42' title='bbox 770 1304 900 1357; x_wconf 71' lang='lat' dir='ltr'><strong>Celsi,</strong></span> <span class='ocrx_word' id='word_1_43' title='bbox 931 1304 1135 1350; x_wconf 71' lang='lat' dir='ltr'><strong>Suetonii</strong></span> <span class='ocrx_word' id='word_1_44' title='bbox 1166 1320 1319 1348; x_wconf 87' lang='lat' dir='ltr'><strong>nomen</strong></span> <span class='ocrx_word' id='word_1_45' title='bbox 1343 1303 1713 1363; x_wconf 76' lang='lat' dir='ltr'><strong>praescripserunt,</strong></span> 
     </span>
     <span class='ocr_line' id='line_1_6' title="bbox 226 1378 1716 1440; baseline -0.001 -15"><span class='ocrx_word' id='word_1_46' title='bbox 226 1381 272 1425; x_wconf 87' lang='lat' dir='ltr'><strong>hi</strong></span> <span class='ocrx_word' id='word_1_47' title='bbox 293 1395 378 1424; x_wconf 93' lang='lat' dir='ltr'><strong>non</strong></span> <span class='ocrx_word' id='word_1_48' title='bbox 393 1379 530 1422; x_wconf 89' lang='lat' dir='ltr'><strong>minus</strong></span> <span class='ocrx_word' id='word_1_49' title='bbox 549 1388 768 1430; x_wconf 84' lang='lat' dir='ltr'><strong>errarunt,</strong></span> <span class='ocrx_word' id='word_1_50' title='bbox 800 1396 933 1439; x_wconf 87' lang='lat' dir='ltr'><strong>quam</strong></span> <span class='ocrx_word' id='word_1_51' title='bbox 957 1380 1033 1440; x_wconf 88' lang='lat' dir='ltr'><strong>qui</strong></span> <span class='ocrx_word' id='word_1_52' title='bbox 1061 1397 1161 1424; x_wconf 89' lang='lat' dir='ltr'><strong>eum</strong></span> <span class='ocrx_word' id='word_1_53' title='bbox 1190 1397 1279 1424; x_wconf 86' lang='lat' dir='ltr'><strong>esse</strong></span> <span class='ocrx_word' id='word_1_54' title='bbox 1308 1381 1364 1425; x_wconf 88' lang='lat' dir='ltr'><strong>ab</strong></span> <span class='ocrx_word' id='word_1_55' title='bbox 1386 1378 1539 1424; x_wconf 77' lang='lat' dir='ltr'><strong>Hirtio</strong></span> <span class='ocrx_word' id='word_1_56' title='bbox 1562 1379 1716 1424; x_wconf 75' lang='lat' dir='ltr'><em>Pansa</em></span> 
     </span>
     <span class='ocr_line' id='line_1_7' title="bbox 228 1454 1711 1515; baseline -0.002 -14"><span class='ocrx_word' id='word_1_57' title='bbox 228 1456 438 1515; x_wconf 83' lang='lat' dir='ltr'><strong>scriptum</strong></span> <span class='ocrx_word' id='word_1_58' title='bbox 472 1462 702 1513; x_wconf 80' lang='lat' dir='ltr'><strong>putarunt,</strong></span> <span class='ocrx_word' id='word_1_59' title='bbox 735 1455 787 1499; x_wconf 90' lang='lat' dir='ltr'><strong>de</strong></span> <span class='ocrx_word' id='word_1_60' title='bbox 821 1473 909 1514; x_wconf 91' lang='lat' dir='ltr'><strong>quo</strong></span> <span class='ocrx_word' id='word_1_61' title='bbox 939 1472 1085 1502; x_wconf 85' lang='lat' dir='ltr'><strong>errore</strong></span> <span class='ocrx_word' id='word_1_62' title='bbox 1118 1456 1174 1499; x_wconf 87' lang='lat' dir='ltr'><strong>ad</strong></span> <span class='ocrx_word' id='word_1_63' title='bbox 1206 1456 1326 1500; x_wconf 87' lang='lat' dir='ltr'><strong>initia</strong></span> <span class='ocrx_word' id='word_1_64' title='bbox 1355 1455 1458 1499; x_wconf 90' lang='lat' dir='ltr'><strong>libri</strong></span> <span class='ocrx_word' id='word_1_65' title='bbox 1485 1455 1625 1499; x_wconf 84' lang='lat' dir='ltr'><strong>octavi</strong></span> <span class='ocrx_word' id='word_1_66' title='bbox 1656 1454 1711 1498; x_wconf 86' lang='lat' dir='ltr'><strong>de</strong></span> 
     </span>
     <span class='ocr_line' id='line_1_8' title="bbox 228 1531 1712 1592; baseline -0.001 -15"><span class='ocrx_word' id='word_1_67' title='bbox 228 1533 347 1577; x_wconf 90' lang='lat' dir='ltr'><strong>bello</strong></span> <span class='ocrx_word' id='word_1_68' title='bbox 372 1531 542 1575; x_wconf 85' lang='lat' dir='ltr'><strong>Gallico</strong></span> <span class='ocrx_word' id='word_1_69' title='bbox 562 1531 835 1575; x_wconf 86' lang='lat' dir='ltr'><strong>admonitum</strong></span> <span class='ocrx_word' id='word_1_70' title='bbox 859 1541 936 1576; x_wconf 85' lang='lat' dir='ltr'><strong>est.</strong></span> <span class='ocrx_word' id='word_1_71' title='bbox 999 1533 1072 1577; x_wconf 87' lang='lat' dir='ltr'><strong>Cf.</strong></span> <span class='ocrx_word' id='word_1_72' title='bbox 1097 1534 1227 1577; x_wconf 87' lang='lat' dir='ltr'><strong>etiam</strong></span> <span class='ocrx_word' id='word_1_73' title='bbox 1252 1533 1370 1579; x_wconf 83' lang='lat' dir='ltr'><strong>dicta</strong></span> <span class='ocrx_word' id='word_1_74' title='bbox 1389 1532 1445 1576; x_wconf 86' lang='lat' dir='ltr'><strong>ad</strong></span> <span class='ocrx_word' id='word_1_75' title='bbox 1467 1531 1712 1592; x_wconf 85' lang='lat' dir='ltr'><strong>epistolam,</strong></span> 
     </span>
     <span class='ocr_line' id='line_1_9' title="bbox 231 1607 1715 1670; baseline -0.001 -16"><span class='ocrx_word' id='word_1_76' title='bbox 231 1609 374 1654; x_wconf 87' lang='lat' dir='ltr'><strong>Balbo</strong></span> <span class='ocrx_word' id='word_1_77' title='bbox 393 1607 614 1667; x_wconf 78' lang='lat' dir='ltr'><strong>scriptam,</strong></span> <span class='ocrx_word' id='word_1_78' title='bbox 637 1608 776 1652; x_wconf 81' lang='lat' dir='ltr'><strong>eidem</strong></span> <span class='ocrx_word' id='word_1_79' title='bbox 796 1609 909 1654; x_wconf 83' lang='lat' dir='ltr'><strong>libro</strong></span> <span class='ocrx_word' id='word_1_80' title='bbox 929 1617 1085 1655; x_wconf 85' lang='lat' dir='ltr'><strong>octavo</strong></span> <span class='ocrx_word' id='word_1_81' title='bbox 1107 1610 1384 1670; x_wconf 72' lang='lat' dir='ltr'><strong>praemissam,</strong></span> <span class='ocrx_word' id='word_1_82' title='bbox 1409 1625 1432 1655; x_wconf 85' lang='lat' dir='ltr'><strong>e</strong></span> <span class='ocrx_word' id='word_1_83' title='bbox 1460 1623 1548 1668; x_wconf 86' lang='lat' dir='ltr'><strong>qua</strong></span> <span class='ocrx_word' id='word_1_84' title='bbox 1568 1609 1715 1653; x_wconf 83' lang='lat' dir='ltr'><strong>verisi-</strong></span> 
     </span>
    </p>
   </div>
   <div class='ocr_carea' id='block_1_2' title="bbox 232 1684 1714 1804">
    <p class='ocr_par' dir='ltr' id='par_1_2' title="bbox 232 1684 1714 1804">
     <span class='ocr_line' id='line_1_10' title="bbox 232 1684 1714 1748; baseline 0.001 -19"><span class='ocrx_word' id='word_1_85' title='bbox 232 1686 332 1729; x_wconf 84' lang='lat' dir='ltr'><strong>mile</strong></span> <span class='ocrx_word' id='word_1_86' title='bbox 362 1684 429 1734; x_wconf 83' lang='lat' dir='ltr'><strong>fit,</strong></span> <span class='ocrx_word' id='word_1_87' title='bbox 458 1684 656 1728; x_wconf 88' lang='lat' dir='ltr'><strong>eumdem</strong></span> <span class='ocrx_word' id='word_1_88' title='bbox 686 1702 775 1728; x_wconf 86' lang='lat' dir='ltr'><strong>esse</strong></span> <span class='ocrx_word' id='word_1_89' title='bbox 801 1686 917 1730; x_wconf 86' lang='lat' dir='ltr'><strong>illius</strong></span> <span class='ocrx_word' id='word_1_90' title='bbox 947 1687 1050 1732; x_wconf 87' lang='lat' dir='ltr'><strong>libri</strong></span> <span class='ocrx_word' id='word_1_91' title='bbox 1081 1696 1126 1731; x_wconf 80' lang='lat' dir='ltr'><strong>et</strong></span> <span class='ocrx_word' id='word_1_92' title='bbox 1159 1687 1285 1748; x_wconf 87' lang='lat' dir='ltr'><strong>hujus</strong></span> <span class='ocrx_word' id='word_1_93' title='bbox 1306 1687 1360 1731; x_wconf 89' lang='lat' dir='ltr'><strong>de</strong></span> <span class='ocrx_word' id='word_1_94' title='bbox 1387 1686 1504 1731; x_wconf 91' lang='lat' dir='ltr'><strong>bello</strong></span> <span class='ocrx_word' id='word_1_95' title='bbox 1526 1687 1714 1731; x_wconf 83' lang='lat' dir='ltr'><strong>Alexan-</strong></span> 
     </span>
     <span class='ocr_line' id='line_1_11' title="bbox 235 1759 732 1804; baseline -0.002 -1"><span class='ocrx_word' id='word_1_96' title='bbox 235 1759 360 1804; x_wconf 86' lang='lat' dir='ltr'><strong>drino</strong></span> <span class='ocrx_word' id='word_1_97' title='bbox 381 1767 616 1802; x_wconf 81' lang='lat' dir='ltr'><strong>auctorem.</strong></span> <span class='ocrx_word' id='word_1_98' title='bbox 662 1759 732 1804; x_wconf 85' lang='lat' dir='ltr'><strong>M.</strong></span> 
     </span>
    </p>
   </div>
   <div class='ocr_carea' id='block_1_3' title="bbox 239 1900 1718 2123">
    <p class='ocr_par' dir='ltr' id='par_1_3' title="bbox 239 1900 1718 2123">
     <span class='ocr_line' id='line_1_12' title="bbox 282 1900 1716 1946; baseline 0.002 -13"><span class='ocrx_word' id='word_1_99' title='bbox 282 1900 546 1943; x_wconf 83' lang='lat' dir='ltr'><strong>Oudendorpius</strong></span> <span class='ocrx_word' id='word_1_100' title='bbox 565 1907 677 1934; x_wconf 81' lang='lat' dir='ltr'><strong>tamen</strong></span> <span class='ocrx_word' id='word_1_101' title='bbox 693 1908 726 1934; x_wconf 88' lang='lat' dir='ltr'><strong>et</strong></span> <span class='ocrx_word' id='word_1_102' title='bbox 743 1903 775 1935; x_wconf 90' lang='lat' dir='ltr'><strong>in</strong></span> <span class='ocrx_word' id='word_1_103' title='bbox 790 1902 937 1935; x_wconf 83' lang='lat' dir='ltr'><strong>editione</strong></span> <span class='ocrx_word' id='word_1_104' title='bbox 1005 1904 1078 1946; x_wconf 83' lang='lat' dir='ltr'><strong>ejus</strong></span> <span class='ocrx_word' id='word_1_105' title='bbox 1094 1903 1230 1935; x_wconf 88' lang='lat' dir='ltr'><strong>nomine</strong></span> <span class='ocrx_word' id='word_1_106' title='bbox 1246 1903 1346 1935; x_wconf 80' lang='lat' dir='ltr'><strong>citari</strong></span> <span class='ocrx_word' id='word_1_107' title='bbox 1365 1903 1465 1936; x_wconf 84' lang='lat' dir='ltr'><strong>solet.</strong></span> <span class='ocrx_word' id='word_1_108' title='bbox 1509 1903 1716 1945; x_wconf 74' lang='lat' dir='ltr'><strong>Scriptorem</strong></span> 
     </span>
     <span class='ocr_line' id='line_1_13' title="bbox 239 1944 1718 1988; baseline 0.001 -10"><span class='ocrx_word' id='word_1_109' title='bbox 239 1944 428 1988; x_wconf 81' lang='lat' dir='ltr'><strong>posteriore</strong></span> <span class='ocrx_word' id='word_1_110' title='bbox 458 1956 513 1977; x_wconf 87' lang='lat' dir='ltr'><strong>an.</strong></span> <span class='ocrx_word' id='word_1_111' title='bbox 549 1948 628 1978; x_wconf 78' lang='lat'>1740</span> <span class='ocrx_word' id='word_1_112' title='bbox 661 1947 762 1985; x_wconf 80' lang='lat' dir='ltr'><strong>edita,</strong></span> <span class='ocrx_word' id='word_1_113' title='bbox 800 1953 937 1979; x_wconf 83' lang='lat' dir='ltr'><strong>secutus</strong></span> <span class='ocrx_word' id='word_1_114' title='bbox 1005 1947 1157 1980; x_wconf 86' lang='lat' dir='ltr'><strong>nobilem</strong></span> <span class='ocrx_word' id='word_1_115' title='bbox 1169 1948 1282 1980; x_wconf 81' lang='lat' dir='ltr'><strong>etoris</strong></span> <span class='ocrx_word' id='word_1_116' title='bbox 1298 1947 1383 1979; x_wconf 78' lang='lat' dir='ltr'><strong>bene</strong></span> <span class='ocrx_word' id='word_1_117' title='bbox 1398 1948 1545 1981; x_wconf 83' lang='lat' dir='ltr'><strong>Romani</strong></span> <span class='ocrx_word' id='word_1_118' title='bbox 1562 1949 1718 1981; x_wconf 66' lang='lat' dir='ltr'><strong>Hir-dum</strong></span> 
     </span>
     <span class='ocr_line' id='line_1_14' title="bbox 239 1992 1716 2035; baseline 0.002 -12"><span class='ocrx_word' id='word_1_119' title='bbox 239 2000 369 2023; x_wconf 85' lang='lat' dir='ltr'><strong>morem</strong></span> <span class='ocrx_word' id='word_1_120' title='bbox 408 1996 626 2029; x_wconf 85' lang='lat' dir='ltr'><strong>consuetum,</strong></span> <span class='ocrx_word' id='word_1_121' title='bbox 667 1993 706 2022; x_wconf 84' lang='grc' dir='ltr'><strong>Α.</strong></span> <span class='ocrx_word' id='word_1_122' title='bbox 740 1993 848 2024; x_wconf 73' lang='lat' dir='ltr'><strong>Hirtii</strong></span> <span class='ocrx_word' id='word_1_123' title='bbox 881 2002 942 2023; x_wconf 92' lang='lat' dir='ltr'><strong>no-</strong></span> <span class='ocrx_word' id='word_1_124' title='bbox 1008 1998 1110 2024; x_wconf 86' lang='lat' dir='ltr'><strong>vocat</strong></span> <span class='ocrx_word' id='word_1_125' title='bbox 1141 1992 1398 2025; x_wconf 79' lang='lat' dir='ltr'><strong>Brouckhusius</strong></span> <span class='ocrx_word' id='word_1_126' title='bbox 1428 1993 1471 2025; x_wconf 82' lang='lat' dir='ltr'><strong>ad</strong></span> <span class='ocrx_word' id='word_1_127' title='bbox 1502 1993 1716 2035; x_wconf 78' lang='lat' dir='ltr'><strong>Propertium</strong></span> 
     </span>
     <span class='ocr_line' id='line_1_15' title="bbox 239 2032 1184 2077; baseline 0.001 -10"><span class='ocrx_word' id='word_1_128' title='bbox 239 2045 317 2067; x_wconf 85' lang='lat' dir='ltr'><strong>men</strong></span> <span class='ocrx_word' id='word_1_129' title='bbox 344 2032 425 2065; x_wconf 88' lang='lat' dir='ltr'><strong>huic</strong></span> <span class='ocrx_word' id='word_1_130' title='bbox 452 2033 538 2066; x_wconf 86' lang='lat' dir='ltr'><strong>libro</strong></span> <span class='ocrx_word' id='word_1_131' title='bbox 569 2034 786 2077; x_wconf 62' lang='lat' dir='ltr'><strong>praescripsit.</strong></span> <span class='ocrx_word' id='word_1_132' title='bbox 856 2035 941 2075; x_wconf 89' lang='lat' dir='ltr'><strong>Nec,</strong></span> <span class='ocrx_word' id='word_1_133' title='bbox 1011 2039 1042 2076; x_wconf 79' lang='lat'><strong>3,</strong></span> <span class='ocrx_word' id='word_1_134' title='bbox 1059 2039 1114 2069; x_wconf 81' lang='lat'><strong>20.</strong></span> <span class='ocrx_word' id='word_1_135' title='bbox 1131 2038 1184 2068; x_wconf 78' lang='lat'><strong>24.</strong></span> 
     </span>
     <span class='ocr_line' id='line_1_16' title="bbox 240 2079 943 2123; baseline 0.003 -12"><span class='ocrx_word' id='word_1_136' title='bbox 240 2084 336 2121; x_wconf 85' lang='lat' dir='ltr'><strong>puto,</strong></span> <span class='ocrx_word' id='word_1_137' title='bbox 349 2079 437 2110; x_wconf 83' lang='lat' dir='ltr'><strong>male</strong></span> <span class='ocrx_word' id='word_1_138' title='bbox 449 2090 458 2119; x_wconf 85' lang='lat'>3</span> <span class='ocrx_word' id='word_1_139' title='bbox 482 2079 756 2122; x_wconf 84' lang='lat' dir='ltr'><strong>quandoquidem</strong></span> <span class='ocrx_word' id='word_1_140' title='bbox 769 2081 868 2123; x_wconf 79' lang='lat' dir='ltr'><strong>vulgo</strong></span> <span class='ocrx_word' id='word_1_141' title='bbox 881 2081 943 2113; x_wconf 90' lang='lat' dir='ltr'><strong>sub</strong></span> 
     </span>
    </p>
   </div>
  </div>
 </body>
</html>
