1946 3261
620 269 736 314 LIB.
774 266 809 310 I.
875 268 1014 311 CAP.
1047 269 1238 312 46—48.
1290 281 1301 293 ⁵
1582 268 1670 312 289

172 394 363 440 rioribus
390 396 615 442 ordinibus
642 399 685 442 in
721 413 821 441 eum
852 397 995 440 locum
1028 404 1303 455 pervenerat.
1369 394 1676 441 vulnerantur

169 455 359 514 amplius
381 457 482 500 DC.
518 458 585 501 Ex
608 457 857 502 Afranianis
878 455 1203 499 interficiuntur
1225 456 1280 498 T.
1305 455 1520 506 Caecilius,
1541 457 1673 515 primi

169 514 250 572 pili
290 516 519 567 Centurio,
551 527 596 561 et
628 527 788 577 praeter
819 532 918 560 eum
949 515 1241 559 Centuriones
1270 523 1479 574 quatuor,
1512 516 1689 560 milites‘

170 574 359 632 amplius
379 575 572 619 ducenti.

228 633 300 676 47.
336 634 424 676 Sed
446 634 534 677 haec
555 634 647 692 ejus
665 634 750 676 diei
775 636 1008 693 praefertur
1031 633 1195 693 opiniO,
1215 641 1266 677 ut
1284 651 1328 678 se
1348 634 1526 692 utrique
1544 646 1672 694 supe-

169 691 303 734 riores
331 692 565 736 discessisse
596 693 925 743 existimarent3
970 693 1216 743 Afraniani,
1251 693 1384 751 quod,
1410 709 1548 751 quum
1583 710 1674 736 esse

169 751 363 794 omnium
381 752 545 811 judicio
565 752 790 796 inferiores
814 753 1085 803 viderentur,
1117 753 1357 796 comminus
1378 761 1468 795 tam
1490 752 1567 795 diu
1590 762 1673 795 ste-

167 810 320 854 tissent
350 819 395 854 et
428 820 680 855 nostrorum
708 812 906 871 inpetum
937 813 1240 856 sustinuissent
1283 821 1327 856 et
1360 811 1485 856 initio
1527 811 1675 856 locum

166 869 478 929 tumulumque
519 871 771 921 tenuissent,
827 889 925 930 quae
965 888 1112 915 caussa
1152 872 1376 931 pugnandi
1418 871 1583 921 fuerat,
1629 880 1676 913 et

170 937 338 973 nostros
381 930 525 989 primo
562 946 794 988 congressu
838 940 964 990 terga
1006 941 1178 974 vertere
1215 931 1478 990 coegissent:
1533 930 1672 974 nostri

168 996 330 1038 autem,
365 989 502 1048 quod,
537 989 687 1049 iniquo
723 990 819 1034 loco
855 1000 991 1048 atque
1030 991 1173 1050 inpari
1215 991 1434 1050 congressi
1472 1005 1674 1039 numero,

168 1047 365 1106 quinque
405 1048 522 1093 horis
563 1049 771 1108 proelium
814 1050 1133 1100 sustinuissent,
1185 1051 1305 1108 quod
1346 1058 1538 1092 montem
1581 1049 1674 1108 gla-

168 1107 250 1150 diis
290 1108 507 1152 destrictis
534 1109 867 1159 adscendissent,
901 1109 1023 1167 quod
1055 1126 1109 1152 ex
1152 1109 1251 1154 loco
1284 1109 1510 1168 superiore
1547 1118 1675 1167 terga

168 1175 341 1210 vertere
374 1167 644 1212 adversarios
678 1169 918 1226 coegissent
947 1179 1081 1227 atque
1115 1169 1157 1213 in
1192 1169 1406 1228 oppidum
1439 1168 1675 1227 compulis-

169 1234 279 1269 sent.
345 1225 417 1270 Illi
448 1244 548 1271 eum
579 1228 814 1280 tumulum,
854 1244 935 1286 pro
969 1244 1059 1286 quo
1094 1239 1344 1288 pugnatum
1383 1237 1464 1280 est,
1507 1228 1675 1286 magnis

170 1285 382 1344 operibus
403 1288 656 1331 munierunt
680 1286 1021 1346 praesidiumque
1044 1287 1104 1330 ibi
1126 1297 1383 1347 posuerunt.

230 1344 302 1387 48.
339 1346 516 1390 Accidit
556 1346 688 1389 etiam
728 1346 1005 1404 repentinum
1046 1346 1365 1390 incommodum
1402 1347 1554 1397 biduo,
1584 1363 1676 1406 quo

170 1403 261 1446 haec
282 1413 404 1463 gesta
417 1415 531 1448 sunt.
578 1405 719 1448 Tanta
735 1405 848 1448 enim
866 1414 1100 1463 tempestas
1117 1407 1331 1456 cooritur,
1352 1415 1417 1456 ut,
1437 1422 1678 1464 numquam

171 1463 256 1506 illis
279 1463 383 1507 locis
405 1465 589 1523 majores
611 1479 745 1523 aquas
767 1464 912 1514 fuisse,
937 1473 1181 1508 constaret:
1222 1475 1319 1509 tum
1339 1474 1487 1508 autem
1509 1481 1562 1508 ex
1584 1481 1675 1508 om-

172 1523 301 1566 nibus
321 1523 544 1566 montibus
566 1524 674 1566 nivis
702 1523 872 1582 proluit
901 1540 950 1566 ac
982 1539 1166 1567 summas
1197 1525 1314 1584 ripas
1342 1524 1527 1568 fluminis
1549 1541 1676 1584 supe-

171 1582 304 1632 ravit,
327 1583 560 1641 pontisque
582 1583 729 1631 ambo,
752 1598 862 1640 quos
883 1582 933 1625 C.
958 1583 1120 1626 Fabius
1137 1583 1320 1633 fecerat,
1345 1599 1433 1626 uno
1454 1584 1524 1626 die
1544 1583 1679 1627 inter-

171 1641 310 1700 rupit.
355 1641 464 1692 Quae
484 1657 549 1685 res
566 1657 747 1701 magnas
765 1641 1044 1684 difficultates
1065 1643 1278 1686 exercitui
1300 1642 1481 1686 Caesaris
1500 1642 1680 1688 adtulit.

173 1700 332 1744 Castra
349 1701 480 1749 enim,
504 1710 554 1743 ut
576 1717 709 1760 supra
731 1702 1076 1744 demonstratum
1112 1711 1191 1751 est,
1227 1718 1366 1760 quum
1395 1710 1536 1747 essent
1564 1701 1682 1745 inter

172 1759 350 1804 flumina
382 1759 487 1810 duo,
524 1760 710 1803 Sicorim
739 1769 783 1803 et
815 1760 1018 1818 Cingam,
1049 1761 1191 1819 spatio
1214 1761 1383 1804 milium
1405 1761 1548 1811 XXX,
1570 1776 1680 1805 ,neu-

171 1828 292 1863 trum
318 1819 478 1863 horum
500 1820 674 1864 transiri
710 1828 900 1879 poterat,
924 1820 1251 1879 necessarioque
1274 1835 1420 1864 omnes
1440 1819 1504 1864 his
1525 1835 1682 1880 angus-

172 1878 244 1921 tiis
279 1879 631 1923 continebantur.
698 1880 855 1937 Neque
889 1879 1108 1929 civitates,
1143 1897 1243 1938 qnae
1269 1880 1323 1923 ad
1362 1878 1545 1923 Caesaris
1579 1880 1685 1923 ami-

173 1937 322 1982 citiam
361 1949 644 1989 accesserant,
688 1940 958 1982 frumentum
998 1939 1290 1998 subportare:
1347 1954 1491 1998 neque
1527 1938 1574 1989 ii,
1608 1941 1688 1997 qui

175 1997 440 2055 pabulatum
485 1999 657 2058 longius
700 1998 918 2058 progressi
959 2008 1102 2051 erant,
1145 1999 1372 2044 interclusi
1417 1997 1688 2051 fluminibus,

176 2183 236 2223 qui
257 2185 390 2224 primm·
420 2183 576 2214 hastatus·
596 2184 715 2223 suerit,
742 2188 777 2213 ut
810 2182 894 2214 alibi

1013 2183 1212 2219 Proerertur.
1260 2183 1310 2214 An
1329 2192 1458 2221 sensus,
1473 2181 1605 2225 utrique
1617 2193 1686 2225 prae

176 2236 266 2268 saepe
280 2237 320 2258 ea:
338 2229 497 2259 Praetura
516 2227 539 2258 i.
553 2238 582 2257 e.
602 2233 675 2268 post
697 2227 894 2258 Praeturam.

966 2238 1001 2258 se
1015 2229 1165 2259 serebant
1184 2227 1271 2259 hanc
1289 2227 1508 2269 opinionem?
1535 2229 1585 2259 M.

179 2269 313 2302 Manut.
336 2271 369 2302 in
385 2271 504 2309 Quaes.
530 2282 588 2313 per
613 2271 714 2313 epist.
742 2275 772 2308 9,
791 2275 820 2303 3.
838 2281 896 2301 ex-

177 2315 285 2356 plicat
299 2314 403 2348 etiam
421 2326 481 2358 per
493 2319 647 2358 primum
661 2317 848 2348 hastatum.
861 2314 894 2346 in

176 2370 279 2400 quem
310 2360 424 2392 locum
456 2370 474 2391 a
512 2360 647 2392 decimo
692 2359 894 2402 pervenerit.

178 2403 274 2446 Lips.
297 2405 338 2434 de
363 2404 461 2436 milit.
486 2405 591 2436 Rom.
617 2409 648 2443 2,
673 2407 702 2436 8.
726 2403 894 2446 scriptum

177 2459 251 2479 esse
276 2455 433 2480 autumat
463 2450 481 2478 7
509 2452 615 2491 primi
645 2451 785 2487 hastati,
810 2449 836 2480 i.
863 2459 895 2480 e.

181 2493 340 2525 Centurio
357 2504 411 2534 pr.
433 2494 468 2525 Ιι.
493 2495 550 2525 sed
575 2504 614 2525 ea
635 2500 714 2525 nota
738 2492 896 2525 Centuri-

180 2537 268 2575 onis,
283 2536 456 2578 lapidibus
470 2537 560 2575 trita,
577 2537 610 2569 in
627 2538 728 2569 codd.
753 2548 820 2570 non
839 2548 895 2569 oc-

178 2581 296 2613 currit.
345 2582 510 2623 Interpres
537 2582 760 2614 Germanicus
793 2582 898 2613 Vien-

178 2625 291 2658 nensis
307 2636 338 2657 a.
362 2627 457 2658 1794.
482 2626 672 2667 suspicatur
688 2626 896 2658 subaudien-

178 2671 259 2701 dum
291 2681 366 2702 esse
396 2682 438 2703 ea:
465 2673 575 2712 primo
607 2673 737 2704 hastato
765 2673 899 2713 primus

175 2725 342 2757 prem-eps.

228 2759 268 2791 In
293 2770 371 2790 enm
392 2759 513 2790 locum.
537 2759 570 2791 in
593 2770 706 2801 quem,
729 2770 772 2792 an
794 2763 900 2802 primi

180 2805 328 2836 hastati?
351 2805 455 2845 primi
469 2806 656 2846 priate-ipis?
684 2807 790 2846 primi
810 2807 899 2846 pili?

181 2848 270 2879 Nam
289 2847 432 2879 obseura
444 2847 514 2881 haec
529 2854 618 2883 sunt.
634 2859 696 2883 nec
714 2849 803 2882 Oua.
817 2860 898 2883 con·

176 2891 307 2935 jectura
326 2891 459 2944 Sssfflci‘·

1016 2273 1103 2303 'I'nm
1134 2272 1205 2304 diu.
1252 2272 1308 2303 Sic
1335 2272 1439 2304 codd.
1470 2271 1567 2312 boni,
1591 2272 1687 2304 bono

966 2326 1078 2348 sensu.
1129 2316 1242 2351 Vulgo
1258 2323 1384 2348 tamen.

1015 2362 1116 2393 Nives·
1129 2363 1256 2403 proluit
1273 2361 1346 2393 scil.
1363 2367 1556 2403 tempestas.
1595 2361 1689 2399 Ergo

965 2411 1150 2446 tempestas
1176 2406 1269 2444 fecit,
1297 2412 1333 2437 ut
1359 2405 1455 2437 nives
1482 2406 1687 2438 diffluerent.

968 2449 1094 2490 Vni-2⁷0,
1129 2452 1187 2482 ηιζιτ
1213 2452 1368 2493 prostitit.
1409 2451 1460 2483 M.
1523 2449 1591 2482 Alii
1624 2452 1688 2480 mlv

964 2497 1101 2535 proluit.
1161 2495 1271 2527 Codd.
1315 2495 1416 2527 Voss.
1452 2497 1537 2527 m'vis
1564 2495 1690 2537 proluit

967 2538 1065 2570 bene.

1015 2585 1195 2626 Ponti-sque
1223 2585 1337 2616 ambo.
1394 2583 1448 2616 Sic
1482 2583 1560 2615 cod.
1586 2581 1687 2615 Leid.

969 2627 1083 2669 Vulgo
1096 2635 1276 2670 pontesque
1291 2628 1417 2660 ambos.

1019 2675 1059 2705 [ft
1071 2683 1174 2714 supra
1193 2674 1456 2706 demonstratum
1476 2677 1536 2704 est.
1581 2670 1689 2703 Vide-

966 2723 1020 2749 tur
1035 2717 1202 2758 respicere
1219 2727 1251 2747 c.
1269 2720 1312 2748 40
1326 2723 1358 2748 et
1374 2718 1430 2756 41,
1455 2716 1517 2748 ubi
1534 2716 1599 2747 hoc
1616 2716 1692 2747 sere

970 2761 1070 2801 dixit3
1110 2761 1166 2792 sed
1197 2760 1254 2792 hic
1285 2760 1370 2801 ipsis
1401 2760 1524 2799 verbis,
1555 2767 1589 2792 et
1620 2761 1687 2793 hoe

970 2807 1084 2849 plane,
1100 2815 1168 2839 uon
1185 2805 1283 2840 dixit.
1308 2806 1359 2838 M.

1431 2892 1494 2974 U!
