1946 3261
326 226 414 272 276
781 223 866 270 DE
900 222 1104 272 BELLO
1135 222 1348 270 CIVILI.

333 349 454 412 quod
487 347 722 393 advexerat
757 349 977 392 Domitius
1010 358 1145 408 atque
1181 351 1226 395 in
1263 350 1492 411 publicum
1531 352 1808 411 deposuerat,

332 411 529 454 adlatum
547 407 603 450 ad
622 424 665 450 se
685 408 742 452 ab
761 407 1003 450 duumviris
1027 409 1384 461 Corfiniensibus,
1419 411 1614 454 Domitio
1645 411 1808 462 reddit,

335 484 388 510 ne
408 466 698 523 continentior
731 466 776 508 in
807 466 899 509 vita
931 466 1170 518 hominum,
1208 485 1340 526 quam
1375 470 1418 512 in
1453 470 1654 528 pecunia,
1677 471 1807 513 fuisse

330 523 569 573 videatur;
628 523 709 567 etsi
756 539 853 566 eam
899 526 1128 583 pecuniam
1173 527 1395 584 publicam
1444 545 1530 570 esse
1580 529 1808 572 constabat

329 582 564 640 datamque
609 598 635 626 a
673 582 880 641 Pompeio
915 584 959 626 in
991 583 1270 643 stipendium.
1336 585 1502 629 Milites
1535 586 1807 630 Domitianos

326 648 647 685 sacramentum
664 641 785 700 apud
805 659 849 684 se
869 641 1012 685 dicere
1021 642 1149 701 jubet
1169 653 1302 701 atque
1323 661 1373 688 eo
1390 644 1461 687 die
1482 655 1620 688 castra
1642 655 1805 696 movet,

322 700 581 759 justumque
597 700 682 743 iter
696 700 884 750 conficit,
897 709 1061 759 septem
1073 703 1246 745 omnino
1257 703 1349 746 dies
1364 703 1419 746 ad
1434 704 1675 747 Corfinium
1692 721 1806 748 com-

328 766 540 810 moratus,
578 767 624 801 et
651 775 732 817 per
751 759 853 802 fines
874 760 1247 812 Marrucinorum,
1269 761 1605 813 Frentanorum,
1630 763 1806 807 Larina-

328 818 454 868 tium,
477 817 521 860 in
544 818 754 876 Apuliam
776 819 990 876 pervenit.

388 876 460 919 24.
497 876 746 935 Pompeius,
775 877 823 920 iis
850 878 981 921 rebus
1002 879 1202 938 cognitis,
1225 895 1322 936 quae
1340 887 1465 922 erant
1486 879 1541 922 ad
1564 879 1806 923 Corfinium

357 942 472 988 estae,
495 934 677 978 Luceria
697 935 987 994 proficiscitur
1005 937 1239 981 Canusium
1251 946 1384 995 atque
1397 938 1493 980 inde
1512 938 1804 981 Brundisium.

325 949 491 1052 {opias
511 993 703 1052 undique
724 1011 869 1038 omnes
890 1012 942 1038 ex
962 997 1081 1039 novis
1109 997 1339 1040 dilectibus
1367 996 1423 1039 ad
1454 1013 1496 1039 se
1530 997 1627 1055 cogi
1651 997 1804 1054 jubet3

324 1067 487 1103 servos,
510 1061 703 1111 pastores
723 1063 862 1096 armat
891 1064 1023 1112 atque
1056 1055 1120 1098 his
1141 1072 1275 1114 equos
1296 1055 1537 1098 adtribuit:
1580 1056 1702 1098 exiis
1723 1057 1803 1099 cir-

323 1110 434 1153 citer
472 1112 592 1154 CCC
630 1112 798 1169 equites
824 1113 1010 1156 conficit.
1046 1114 1094 1156 L.
1137 1115 1328 1157 Manlius
1362 1114 1528 1157 Praetor
1556 1114 1673 1157 Alba
1703 1131 1802 1157 cum

320 1169 576 1213 cohortibus
606 1187 679 1213 sex
720 1172 936 1230 profugit,
968 1172 1161 1216 Rutilius
1190 1173 1342 1230 Lupus
1374 1173 1541 1216 Praetor
1571 1172 1804 1215 Tarracina

324 1244 425 1270 cum
444 1228 611 1271 tribus:
657 1245 754 1286 quae
774 1230 928 1288 procul
948 1231 1194 1288 equitatum
1229 1231 1408 1273 Caesaris
1437 1232 1709 1289 conspicatae,
1732 1233 1803 1274 cui

257 1330 259 1334 Α
320 1295 510 1344 praeerat
544 1287 696 1330 Bivius
730 1288 906 1338 Curius,
944 1289 1096 1332 relicto
1129 1290 1337 1338 Praetore,
1373 1290 1494 1343 sig-na
1522 1288 1577 1331 ad
1614 1289 1800 1332 Curium

322 1344 592 1388 transferunt
607 1354 740 1404 atque
761 1347 816 1389 ad
838 1363 934 1389 eum
954 1356 1193 1390 transeunt.
1242 1347 1352 1390 Item
1373 1347 1550 1404 reliquis
1572 1347 1798 1391 itineribus

319 1403 538 1447 nonnullae
573 1403 772 1447 cohortes
813 1405 856 1448 in
892 1421 1046 1463 agmen
1085 1407 1282 1455 Caesaris,
1323 1406 1417 1448 aliae
1455 1407 1497 1449 in
1533 1406 1700 1464 equites
1737 1408 1797 1449 in-

317 1461 486 1504 cidunt.
549 1462 797 1505 Reducitur
846 1464 900 1506 ad
950 1481 1046 1506 eun]
1094 1464 1384 1524 deprehensus
1432 1481 1484 1506 ex
1522 1466 1672 1507 itinere
1715 1465 1794 1508 Cn.

318 1520 513 1578 Magius,
550 1521 779 1572 Cremona,
820 1522 1055 1566 Praefectus
1095 1523 1267 1566 fabrum
1302 1523 1384 1566 Cn.
1422 1524 1632 1581 Pompeii,
1669 1540 1797 1581 quem

321 1579 466 1622 Caesar
499 1579 554 1622 ad
586 1596 683 1623 eum
721 1581 908 1624 remittit
944 1599 1042 1624 cum
1079 1583 1317 1625 mandatis:
1370 1591 1397 1608 ‘⁶
1422 1582 1626 1639 quoniam
1655 1583 1709 1625 ad
1752 1583 1795 1624 id

318 1645 348 1664 ‘⁶
373 1646 546 1697 tempus
566 1639 752 1681 facultas
773 1640 1061 1697 conloquendi
1084 1656 1168 1683 non
1191 1642 1338 1689 fuerit,
1360 1651 1493 1698 atque
1515 1639 1569 1682 ad
1588 1657 1629 1682 se
1655 1641 1796 1683 Brun-

318 1696 527 1740 “disium
567 1697 622 1740 sit
662 1705 888 1748 venturus,
936 1699 1137 1742 interesse
1185 1700 1434 1758 reipublicae
1475 1708 1519 1742 et
1560 1701 1795 1742 communis

366 1823 461 1859 Quod
475 1823 672 1856 adue-verae.
705 1823 816 1865 Vulgo
832 1824 1018 1866 interponi-

315 1872 371 1900 tur
401 1879 540 1906 aarum,
579 1867 694 1899 invitis
721 1869 822 1900 codd.
863 1869 1019 1900 Glossam

318 1910 422 1953 sapit.
451 1912 551 1943 Conf.
566 1911 673 1943 Gron.
689 1912 732 1943 de
749 1914 826 1944 l’vc.
846 1912 923 1943 Vct.
939 1916 970 1952 2,
990 1915 1019 1944 3.

320 1955 403 1987 Mox
418 1955 477 1988 alii
493 1958 530 1986 in
540 1956 686 1996 publica.

364 2000 414 2031 Ab
429 1999 618 2030 duumviris
633 2000 755 2038 Corfin.
795 1999 889 2031 Malo
902 2000 962 2031 alii
978 2001 1022 2032 ab

319 2045 361 2075 iis
374 2045 465 2081 viris,
483 2043 526 2074 ab
552 2043 616 2080 his,
643 2043 728 2080 abis.
765 2053 840 2083 quae
871 2050 1020 2076 monstra

318 2091 397 2118 nata
410 2097 451 2117 ex
465 2085 561 2127 signo
579 2084 743 2117 numerali
761 2098 780 2118 α
802 2088 847 2118 ΙΙ
860 2090 949 2119 rit-is.

366 2132 628 2162 Frentanorum.
659 2129 758 2160 benc.
804 2130 953 2163 Ortclius
985 2137 1019 2163 et

315 2173 377 2205 alii
394 2175 674 2205 Feremmwrum.
711 2173 767 2205 Cf.
799 2174 946 2207 Gronov.
977 2177 1019 2207 ad

318 2217 396 2250 Liv.
413 2219 446 2256 9,
461 2221 514 2249 45.

364 2262 520 2293 Luceria.
562 2260 640 2291 Inde
656 2259 774 2292 literas
789 2262 883 2294 dedit
901 2263 943 2294 ad
960 2263 1019 2294 Ci-

315 2315 488 2344 ceronem,
511 2304 651 2336 insertas
666 2315 750 2346 epp.
766 2307 808 2337 ad
827 2308 896 2339 Att.
914 2309 946 2346 8,
966 2310 1015 2339 ll.

361 2393 448 2426 Inde
466 2392 598 2424 Brund.
629 2390 706 2430 Quo
722 2391 790 2431 dic,
807 2404 825 2424 e
842 2394 916 2426 Cic.
933 2406 1013 2438 epp.

313 2437 360 2469 ab
378 2440 446 2468 Att.
462 2438 495 2475 9,
516 2438 544 2467 1.
561 2435 647 2467 disci
661 2442 784 2477 potest.
813 2439 861 2468 M.

360 2483 488 2519 Servos,
503 2486 664 2522 pastores.
703 2480 862 2512 Davisius
877 2482 1011 2516 sublato

312 2530 482 2558 commate
496 2534 588 2556 servo
611 2529 760 2565 pastore-s·
771 2525 896 2566 jungit.
936 2528 1012 2560 Dis-

312 2569 419 2611 plicet
436 2568 526 2600 Oud.
539 2566 599 2609 qui
615 2568 742 2600 confert
760 2568 858 2603 infra.
875 2574 906 2607 3,
922 2573 953 2602 4.
970 2584 1012 2604 ac

309 2616 414 2646 servis
425 2614 492 2644 suis
503 2617 699 2653 pastor-amq
705 2623 744 2644 ue
756 2623 906 2644 suorum.

358 2658 475 2689 Rivius
491 2661 692 2697 corruptum
716 2666 920 2698 praenomen.
958 2659 1009 2689 De

310 2711 345 2733 re
369 2707 421 2732 est
434 2699 563 2741 aliquid
579 2699 612 2730 in
630 2699 704 2731 Cic.
722 2701 813 2742 Epp.
829 2701 874 2731 ad
889 2702 958 2733 Att.
976 2705 1007 2741 9,

310 2747 341 2775 6.
375 2745 425 2776 M.
468 2743 538 2776 Ubi
567 2744 656 2775 male
683 2744 822 2784 quidam
856 2745 1009 2777 Curtium

310 2787 449 2820 habent.
479 2788 515 2819 ln
527 2787 605 2818 loco
616 2793 728 2819 nostro
740 2788 878 2819 videtur
893 2788 1008 2829 legen-

308 2832 390 2862 dum
407 2832 518 2862 Vibius
534 2832 668 2870 Curius,
683 2836 720 2863 ut
732 2833 825 2873 apud
843 2831 1007 2869 Quinctil.

310 2875 337 2907 1.
353 2874 413 2905 Or.
430 2877 461 2913 6,
478 2876 572 2913 3‚73.

354 2919 417 2951 Cn.
433 2918 586 2960 Maqius.
623 2918 754 2956 Montio
784 2921 857 2962 ejus
888 2919 922 2954 in
950 2931 1006 2963 ep.

1087 1824 1231 1857 Caesaris
1260 1826 1303 1856 ad
1333 1825 1484 1867 Oppium
1521 1832 1555 1856 et
1594 1825 1790 1857 Cornelium

1088 1870 1180 1910 apud
1199 1869 1308 1900 Cicer.
1328 1869 1359 1900 in
1382 1880 1462 1910 opp.
1481 1870 1523 1899 ad
1539 1869 1689 1900 Atticum
1705 1873 1738 1904 9,
1757 1876 1787 1900 5.

1088 1914 1175 1944 Eam
1203 1913 1319 1954 repetit
1345 1912 1462 1944 Celsus
1480 1924 1513 1953 p.
1535 1915 1606 1943 157.
1626 1913 1684 1943 ubi
1701 1915 1787 1944 male

1089 1956 1210 1997 legitur
1229 1958 1272 1988 Ν.
1290 1958 1422 1995 Μαψιῖ.
1467 1958 1567 1997 Apud
1592 1957 1665 1987 Cic.
1685 1958 1705 1988 l.
1725 1958 1786 1988 cit.

1088 2003 1121 2038 9,
1144 2003 1191 2031 13.
1210 2000 1332 2031 dicitur
1348 2002 1388 2032 N.
1405 2002 1553 2040 ‚ola-qius.
1586 2001 1788 2032 Plutarchus

1090 2044 1121 2075 in
1142 2044 1308 2085 Pompeio
1323 2056 1352 2075 c.
1372 2046 1423 2075 (33.
1459 2046 1659 2076 Numerium
1676 2052 1791 2081 vocat,

1091 2089 1301 2128 praenomine
1316 2088 1460 2119 scilicet.

1136 2134 1313 2163 Crmmma.
1343 2132 1517 2163 oriundus.
1558 2133 1608 2163 M.
1652 2131 1784 2164 Similia

1088 2176 1165 2206 vide
1183 2180 1213 2209 3,
1230 2178 1283 2206 71.
1316 2176 1409 2207 Alibi
1425 2176 1560 2207 additur
1575 2177 1784 2217 praepositio.

1088 2220 1176 2251 Gell.
1195 2224 1227 2258 2,
1243 2222 1295 2251 29.
1316 2221 1458 2262 „Es-opus
1472 2232 1488 2250 e
1508 2221 1675 2261 Phryqia.

1135 2265 1239 2305 Atque
1255 2264 1301 2295 (ul
1315 2275 1347 2294 se
1361 2281 1404 2286 —
1420 2269 1587 2296 remma-5.
1618 2265 1729 2294 Caesar
1743 2265 1785 2294 ad

1087 2307 1291 2348 Pompeium
1318 2314 1478 2339 venturus
1505 2313 1566 2337 est.
1622 2307 1685 2337 Sed
1718 2307 1783 2338 hoc

1083 2352 1178 2382 nullo
1208 2353 1310 2383 modo
1341 2351 1392 2382 his
1417 2351 1530 2381 vorbis
1553 2350 1697 2392 exprimi
1722 2362 1785 2392 po-

1082 2400 1165 2426 test:
1194 2398 1305 2427 Caesar
1328 2397 1486 2425 num-iuri
1505 2396 1658 2436 Pompeio
1679 2396 1784 2434 jubet.

1082 2441 1241 2480 quoniam
1255 2457 1299 2463 —
1313 2456 1357 2461 -·
1373 2444 1474 2480 atque
1488 2439 1534 2469 ml
1549 2449 1582 2469 se
1605 2439 1783 2479 (Pompei-

1082 2484 1154 2521 um)
1168 2486 1208 2515 sic
1221 2489 1391 2515 rentur-ue.
1437 2484 1526 2523 Ergo
1545 2493 1606 2522 pro
1621 2489 1722 2523 alque
1737 2483 1782 2513 ml

1081 2537 1115 2558 se
1144 2527 1326 2567 legendum
1358 2531 1462 2567 put03
1501 2532 1683 2567 antequam
1710 2529 1779 2566 ipse

1082 2571 1143 2601 Br.
1169 2573 1209 2602 sit
1239 2577 1326 2602 vent.
1386 2570 1418 2602 Si
1447 2569 1525 2611 quis
1561 2570 1671 2605 malit.
1700 2580 1778 2600 curn

1080 2613 1267 2646 Ciacconio
1296 2616 1398 2655 logei.
1423 2621 1525 2656 acque
1542 2616 1609 2654 ipse
1628 2615 1686 2644 Br.
1701 2623 1726 2643 s.
1745 2624 1777 2643 r.

1081 2659 1131 2689 M.
1178 2659 1394 2690 Marclandus
1411 2659 1433 2689 l.
1451 2669 1482 2689 c.
1507 2668 1540 2698 p.
1556 2659 1630 2688 265.
1658 2656 1701 2688 ita
1726 2657 1777 2687 le·

1078 2703 1223 2741 gendum
1236 2704 1351 2734 suadet
1367 2714 1375 2732 ι
1394 2713 1483 2743 quon
1498 2701 1665 2740 —fioerit‚
1678 2706 1777 2742 atqup

1077 2746 1117 2784 (i.
1135 2757 1166 2777 c.
1184 2747 1308 2784 statim,
1323 2758 1354 2777 v.
1372 2754 1440 2777 not.
1463 2746 1505 2776 ad
1528 2744 1568 2776 C.
1593 2748 1623 2783 ¹2,
1641 2745 1711 2782 42.)
1732 2744 1777 2775 ad

1078 2791 1119 2821 «le
1146 2791 1277 2822 Brund.
1297 2792 1337 2821 sit
1364 2795 1531 2827 tenturus,
1544 2787 1660 2826 (dicit)
1676 2789 1777 2818 inter-

1077 2844 1144 2865 esse
1172 2835 1364 2876 reipublicae
1379 2851 1423 2856 --
1437 2844 1472 2865 se
1488 2830 1685 2872 (Caesarem)
1700 2842 1776 2862 cum

1079 2878 1120 2909 Ρ.
1145 2879 1299 2919 conloqui
1326 2884 1390 2909 etc.
1434 2876 1630 2908 Hariolatur
1660 2885 1772 2916 porro,

1078 2931 1178 2962 posse
1194 2921 1311 2961 scribi,
1329 2932 1361 2954 se
1377 2927 1565 2953 tenturum.
