1946 3261
219 250 304 296 658

233 379 395 410 Mensura
409 385 452 407 ex
465 383 571 416 aqua,
589 377 620 413 5,
641 374 681 404 13

232 422 370 458 Merces,
394 417 557 459 quidquid
580 416 695 458 copiis
714 414 938 448 auxiliaribus

276 462 442 504 stipendii
457 462 536 493 loco
551 462 660 500 datur,
680 463 708 499 1,
725 462 763 492 31

231 508 362 539 Mea-ere
389 505 517 543 odium,
546 505 693 536 invisum
723 503 805 536 aliis
830 503 938 542 reddi,

276 549 382 583 etiam
419 549 541 587 invito,
579 551 612 588 6,
640 552 671 579 5.
708 558 834 580 merere
862 547 939 586 (sti-

275 592 415 635 pendia)
431 594 464 631 7,
481 594 520 623 17

234 639 368 670 Metata
383 642 505 675 castra,
520 645 610 676 pass.
627 636 658 673 8,
679 637 716 666 15

232 682 349 713 Metiri
362 681 521 712 militibus
527 680 754 720 frumentum,
783 681 793 708 1
801 700 810 715 ,
830 679 868 709 16

234 726 374 762 Milites,
390 723 533 765 pedites,
551 726 584 761 5,
604 723 654 752 10.
685 722 726 753 C.
743 725 776 759 2,
793 723 831 753 41

236 769 378 800 Minime
392 777 494 808 soepe,
516 776 602 803 raro,
619 767 648 803 l,
668 767 696 796 1.
719 767 858 796 minime
873 776 943 797 om-

279 822 350 850 neS,
364 810 479 853 pauci,
499 811 528 848 l,
544 811 597 840 29.
612 809 702 840 conl.
718 812 759 840 22

234 856 400 887 minuere.
441 853 485 885 cf.
522 857 629 884 cestus.
693 853 943 884 Controversias

279 902 441 935 minuere,
469 895 639 933 dirimere,
671 899 704 932 5,
732 897 787 927 26.
823 896 857 933 6,
889 897 943 926 23.

280 942 454 978 desidiam,
469 939 602 976 tollere,
619 941 650 977 6,
668 940 710 970 23

237 986 448 1023 Minutatim,
474 981 668 1025 singulatim
697 988 731 1014 et
757 982 858 1020 lente,
891 981 944 1012 Af.

282 1031 336 1067 31,
353 1029 396 1059 '18

239 1073 367 1104 Misera
379 1072 556 1108 memoria,
573 1068 688 1107 tristis,
705 1071 737 1106 8,
752 1070 794 1099 34

238 1117 414 1153 Miser-ari,
439 1113 552 1144 verbis
573 1112 734 1154 conqueri
758 1117 791 1143 et
819 1111 945 1152 lugere,

288 1162 315 1197 1,
333 1160 387 1190 39.
408 1157 494 1188 unde
507 1158 692 1194 miseratio,
708 1154 829 1194 oratio,
844 1155 947 1186 mise-

281 1200 463 1234 ricordiam
479 1209 712 1238 commovens,
729 1199 768 1230 C.
788 1201 816 1237 1,
832 1201 874 1230 85

239 1246 352 1277 Missio
374 1245 416 1275 de
439 1242 621 1281 militibus,
640 1243 701 1275 der
724 1242 898 1280 Abschied,
919 1241 948 1274 le

282 1286 395 1329 confi,
416 1286 452 1317 C.
474 1288 503 1323 1,
520 1288 562 1318 86

239 1333 376 1365 Mittere
391 1341 425 1362 se
440 1330 489 1362 ad
503 1329 636 1371 aliquid
653 1329 837 1371 agendum,
852 1328 898 1359 H.
914 1329 947 1358 9.

282 1377 412 1408 mittere
425 1373 536 1413 (dare)
549 1375 684 1414 siqnum
701 1374 838 1410 timoris,
861 1371 901 1402 C.
922 1374 950 1404 1.

286 1421 341 1450 71.
358 1420 461 1449 missa
476 1420 612 1456 eonjur,
626 1416 667 1446 de
683 1414 846 1453 divortio,
867 1417 895 1452 l,
909 1418 949 1446 53

244 1463 376 1495 Mobilis
401 1463 437 1493 in
461 1461 605 1491 consiliis
628 1460 810 1500 capiendis,
831 1458 951 1490 incon-

286 1512 379 1538 stans
394 1510 427 1537 et
444 1503 567 1543 varius,
583 1506 616 1540 4,
629 1506 647 1533 5

243 1551 410 1582 Mobilitas
438 1549 557 1585 animi,
590 1546 827 1584 inconstantia,
857 1548 891 1581 2,
923 1547 951 1576 1.

285 1593 451 1625 mobilitas
465 1592 627 1632 equitum,
641 1588 810 1627 celeritas,
827 1590 859 1627 4,
874 1592 916 1620 33

243 1638 426 1670 Mobiliter.
440 1640 476 1665 ut
491 1643 674 1674 numquam
690 1644 790 1674 agere
807 1632 954 1670 desinas,

288 1679 516 1719 omnibusque
533 1676 565 1707 in
579 1677 666 1709 locis
678 1676 830 1712 verseris,
845 1677 886 1706 A.
902 1677 952 1706 1⁷.

287 1724 448 1757 mobiliter
465 1722 604 1753 excitari
618 1720 665 1752 ad
680 1720 814 1757 bellum,
830 1719 878 1750 sic
895 1729 955 1750 ex-

291 1767 403 1803 citari,
427 1770 463 1796 ut
487 1769 622 1805 repente
649 1773 669 1794 a
687 1763 782 1804 pacis
800 1761 955 1794 consiliis

288 1811 333 1842 ad
362 1818 456 1840 arma
482 1814 645 1844 transeas,
676 1806 710 1837 h.
727 1817 758 1837 e.
789 1805 954 1837 facillime

292 1851 424 1895 impelli
438 1852 480 1882 ad
493 1855 586 1882 a'rma
598 1848 776 1890 capienda,
792 1851 824 1887 3,
842 1851 892 1880 10.
909 1848 955 1879 cf.

293 1908 372 1939 cap.
387 1899 419 1927 8.
435 1895 545 1927 subita.
559 1898 589 1925 et
599 1895 775 1933 repentina
785 1893 933 1924 comnia.

248 1941 413 1974 Modestia
436 1939 594 1974 militum,
617 1935 824 1973 obedientia,
847 1938 879 1973 ’1,
902 1938 956 1965 52.

293 1983 453 2021 mdeste,
482 1980 536 2012 Af.
553 1982 608 2011 31.
635 1980 676 2011 de
706 1978 769 2017 his,
799 1978 859 2019 qui
889 1988 956 2010 non

294 2033 370 2060 sunt
406 2023 607 2068 perturbati,
640 2032 706 2054 non
741 2021 960 2054 tumultuarie

295 2081 383 2112 opus
402 2075 518 2111 agunt.

253 2115 374 2147 Modus
401 2119 431 2145 et
447 2112 564 2152 forma
587 2109 790 2150 (edificandi,
809 2109 872 2142 das
887 2110 961 2141 Μο-

297 2158 375 2195 dell,
389 2158 418 2188 le
431 2155 567 2193 modele,
585 2158 616 2193 5,
636 2156 648 2185 1

256 2202 359 2235 Molle
375 2201 480 2237 litters,
503 2198 618 2229 nullus
640 2195 787 2228 collibus
802 2206 961 2237 asperum

301 2250 337 2277 et
352 2242 496 2281 invium,
514 2245 546 2279 5,
562 2243 594 2272 9.
619 2239 666 2271 cf.
681 2241 812 2271 mollire
825 2241 962 2278 clivum,

300 2289 333 2327 7,
349 2289 392 2319 46

259 2333 479 2368 Momentum,
489 2327 654 2370 quidquid
667 2326 769 2359 efficit
780 2332 813 2358 et
825 2326 965 2364 confert,

302 2382 341 2408 ut
354 2373 485 2415 aliquid
500 2371 592 2410 facit,
605 2371 702 2413 cujus
713 2377 764 2402 est
776 2381 898 2411 magna
911 2369 964 2401 vis

303 2425 338 2451 et
351 2417 510 2459 dignitas,
526 2425 683 2455 magnum
701 2414 782 2445 item
800 2414 964 2454 pretium:

302 2468 432 2504 tempu-s·
460 2469 625 2499 maqnum
653 2458 699 2490 ad
723 2459 868 2489 salutem
896 2468 967 2488 mo-

303 2511 455 2538 mentum
468 2502 590 2544 adfert,
609 2502 753 2533 multum
775 2501 905 2532 confert
925 2501 966 2532 ad

306 2549 370 2583 sal.
397 2548 436 2579 C.
467 2548 496 2585 l,
526 2548 580 2576 51.
609 2549 773 2577 momento
802 2545 867 2575 leri
893 2555 967 2575 rem

306 2595 484 2629 aestimare,
507 2588 603 2631 parvi
624 2588 745 2627 facere,
765 2586 864 2628 quasi
879 2587 968 2618 nihil

305 2635 471 2679 pertineat
491 2634 535 2664 ad
558 2631 703 2664 salutem
728 2636 762 2663 et
786 2641 868 2672 opes
884 2630 968 2662 civi-

309 2679 398 2718 tatis,
413 2680 445 2717 ⁷,
459 2679 511 2709 39.
527 2677 571 2708 cf.
584 2676 626 2708 ad
643 2678 676 2715 7,
691 2677 747 2706 85.
761 2681 795 2706 et
807 2674 844 2706 C.
861 2676 890 2712 1,
906 2676 944 2705 21

266 2726 474 2760 Mons-unm,
503 2719 543 2751 C.
570 2722 599 2758 1,
629 2721 682 2751 66.
728 2718 782 2750 Sic
812 2717 970 2757 codices,

310 2777 377 2799 non
393 2769 571 2802 montosus,
584 2762 623 2794 C.
641 2765 673 2801 8,
690 2766 743 2794 42.
766 2763 813 2793 11.
828 2763 848 2793 7

268 2813 387 2845 Moror
398 2807 574 2851 (cunctor)
586 2807 717 2849 aliquid
724 2806 852 2847 facere,
864 2807 896 2844 8,
907 2806 949 2836 84

267 2856 343 2889 Mos
365 2859 397 2886 et
415 2853 604 2895 exemptum
619 2851 749 2894 populi,
770 2859 846 2882 mos
867 2849 973 2892 majo·

311 2906 398 2936 rum,
423 2898 452 2935 1,
466 2897 487 2927 8

887 242 1093 289 INDEX

1006 373 1121 404 Motus
1129 372 1295 414 fortunoe,
1314 369 1552 408 commutatio,
1563 368 1605 401 C.
1618 370 1652 407 2,
1670 369 1707 400 17

1004 416 1142 448 Movere
1156 426 1201 455 se,
1223 417 1264 447 de
1278 415 1418 448 homine
1432 412 1604 450 mutabili,
1622 411 1665 443 C.
1680 415 1712 446 Β.

1054 461 1106 490 16.
1129 459 1176 491 cf.
1199 461 1341 492 mobilis.
1370 469 1499 490 movere
1528 454 1711 493 subaudita

1050 509 1176 541 castra,
1191 503 1247 535 Af.
1264 505 1294 534 7.
1311 504 1370 535 sed
1388 503 1499 544 plene,
1518 504 1548 539 1,
1561 502 1602 531 40

1007 547 1120 579 ΛῙιιίια
1135 557 1214 582 ποτε,
1238 549 1266 585 1,
1280 548 1334 577 26.
1357 547 1464 578 multo
1486 546 1549 583 die,
1570 544 1612 575 de
1627 547 1714 577 tem-

1052 600 1146 632 pore,
1158 592 1249 631 quod
1265 590 1411 631 primam
1428 590 1538 621 lucem
1554 586 1714 628 sequitur,

1055 635 1084 671 1,
1107 637 1160 665 22.
1198 635 1307 666 multa
1335 635 1456 676 linqua
1492 631 1628 664 Gallica
1651 632 1715 668 uti,

1053 677 1187 709 Gallice
1201 677 1284 709 satis
1297 678 1435 708 doctum
1449 686 1535 714 esse,
1552 677 1580 713 1,
1593 675 1635 705 47

1009 721 1149 753 Munire
1177 731 1220 759 se,
1245 720 1400 762 praesidio
1431 731 1466 752 se
1491 718 1590 756 tueri,
1619 720 1647 756 l,
1661 716 1715 748 44.

1053 766 1185 796 munire
1211 770 1334 803 castra,
1359 765 1452 795 vallo
1476 768 1509 795 et
1532 763 1622 794 fossa
1643 760 1717 792 cin-

1054 817 1143 849 gere,
1170 810 1197 845 1,
1213 809 1267 838 49.
1290 810 1425 840 munire
1448 812 1602 843 montem,
1622 803 1716 836 vallo

1055 856 1088 882 et
1104 850 1204 889 fossa,
1222 853 1250 889 1,
1265 854 1319 883 24.
1342 853 1476 882 munire
1491 853 1568 887 iter,
1580 848 1718 881 reddere

1055 894 1264 935 expeditum,
1279 896 1310 934 7,
1324 896 1366 926 58

1013 940 1160 971 Munatio
1190 941 1308 979 operis,
1345 949 1433 980 opus
1458 936 1617 978 (murus),
1649 944 1718 976 quo

1057 982 1154 1013 locus
1183 981 1332 1014 munitus
1359 988 1422 1021 est,
1444 991 1486 1013 ne
1510 980 1574 1012 iter
1597 983 1724 1022 patent,

1061 1028 1089 1063 1,
1103 1027 1123 1056 8

1017 1069 1153 1101 Mun-ale
1165 1070 1288 1110 pilum,
1305 1073 1336 1108 5,
1350 1071 1404 1101 40.
1421 1070 1452 1108 7,
1470 1070 1523 1100 82.
1538 1067 1584 1100 cf.
1593 1066 1678 1108 falec

1014 1113 1201 1151 Masculus,
1226 1112 1387 1144 machina
1410 1112 1548 1151 bellica,
1569 1109 1634 1143 sub
1655 1117 1723 1150 qua

1058 1161 1230 1193 steterunt,
1258 1156 1318 1198 qui
1350 1167 1466 1188 muros
1502 1160 1562 1188 aut
1590 1152 1719 1184 vallum

1059 1205 1309 1241 oppugnarunt.
1357 1199 1478 1240 Veget.
1494 1200 1535 1230 de
1552 1208 1585 1229 re
1600 1194 1677 1228 mil.
1689 1197 1722 1232 4,

1063 1245 1115 1274 16.
1160 1242 1456 1274 Commemoratur
1478 1252 1498 1273 a
1517 1241 1666 1278 Caesare,
1693 1239 1726 1277 ἵ,

1061 1289 1115 1318 84.
1137 1286 1177 1317 C.
1191 1289 1222 1323 2,
1238 1288 1290 1317 10.
1306 1285 1366 1317 ubi
1379 1285 1496 1317 multis
1510 1282 1726 1320 describitur,

1061 1329 1124 1360 etsi
1158 1329 1245 1360 hunc
1280 1330 1472 1361 musculum
1502 1334 1586 1370 puto
1612 1325 1726 1358 multo

1060 1373 1279 1404 artificiosius
1294 1379 1457 1404 structum
1475 1372 1578 1404 fuisse
1588 1381 1643 1410 eo,
1655 1379 1725 1411 quo

1062 1416 1153 1448 Galli
1183 1417 1232 1455 (7,
1255 1417 1324 1455 84.)
1351 1416 1403 1447 usi
1433 1422 1520 1448 sunt.
1567 1411 1726 1446 Occurrit

1062 1460 1166 1491 etiam
1182 1460 1220 1490 C.
1238 1462 1270 1497 3,
1285 1462 1339 1491 80.
1363 1460 1404 1490 Α.
1424 1462 1436 1491 l

1019 1505 1203 1545 Myoparo,
1227 1513 1330 1545 genus
1351 1502 1481 1545 navigii
1505 1499 1730 1538 velocissimi,

1061 1548 1154 1589 quod
1170 1552 1300 1580 veteres
1314 1546 1527 1588 grammatici
1551 1545 1669 1577 dieunt
1684 1542 1729 1575 ad

1065 1590 1243 1665 piratixam
1272 1591 1460 1623 faciendam
1488 1595 1649 1622 structum
1676 1587 1731 1619 fu·

1066 1645 1146 1669 isse.
1194 1658 1201 1665 .
1218 1636 1259 1666 46

1026 1766 1140 1804 Nasci,
1161 1765 1253 1796 colli.»-
1278 1767 1441 1802 nascitur‚
1464 1764 1581 1807 surgit,
1606 1760 1734 1794 attollit

1066 1819 1114 1845 se,
1135 1811 1167 1845 2,
1187 1810 1224 1839 18

1026 1853 1166 1883 Natura
1187 1852 1260 1888 loci,
1285 1849 1380 1889 situs,
1403 1861 1506 1892 quem
1523 1849 1598 1892 ipsa
1611 1853 1729 1880 natura

1068 1894 1170 1926 talem
1200 1904 1273 1925 esse
1302 1895 1422 1931 voluit,
1453 1897 1480 1932 1,
1495 1898 1527 1925 2.
1549 1892 1731 1925 secundum

1484 1937 1562 1969 dem
1605 1937 1733 1968 Str-omo

1390 1991 1434 2012 ue
1447 1985 1568 2012 natura
1582 1977 1733 2011 fluminis

1071 2030 1120 2055 est
1133 2034 1252 2055 cursus
1267 2030 1383 2055 natura
1401 2024 1440 2056 is.
1473 2025 1529 2056 Ea
1541 2033 1656 2056 mvn}
1670 2033 1735 2054 na·

1070 2073 1147 2100 tura
1164 2072 1247 2104 emt,
1269 2068 1311 2099 de
1327 2074 1429 2110 ponte
1446 2067 1626 2106 aedificato,
1645 2075 1734 2107 opus

1072 2122 1131 2152 per
1143 2117 1297 2142 naturam
1313 2121 1423 2142 rerum
1439 2111 1486 2143 ita
1499 2114 1736 2153 comparatum

1071 2154 1236 2194 (firmum)
1250 2160 1333 2193 erat,
1355 2157 1386 2193 4,
1406 2156 1444 2187 17

1032 2198 1259 2236 Naturaliter,
1280 2199 1321 2230 Α.
1338 2200 1360 2229 8

1033 2243 1180 2278 Navaze,
1201 2242 1308 2279 locus,
1339 2241 1398 2273 ubi
1428 2240 1604 2274 subductae
1633 2249 1737 2272 naves

1073 2291 1173 2323 stant,
1188 2291 1244 2317 aut
1259 2295 1361 2317 naves
1374 2284 1590 2324 fabricantur,
1603 2282 1643 2316 C.
1656 2286 1690 2322 2,
1706 2285 1735 2315 1.

1075 2332 1106 2367 3,
1123 2332 1154 2365 4,
1168 2332 1209 2360 22

1034 2374 1185 2406 Navalia
1212 2378 1335 2411 castra,
1364 2377 1395 2411 5,
1425 2375 1480 2405 29.
1509 2369 1639 2409 classis,
1669 2377 1737 2401 uno

1076 2418 1154 2448 loco
1168 2422 1384 2458 congregata.

1037 2461 1144 2493 Navis
1159 2461 1273 2501 (onya,
1299 2459 1435 2498 bellica,
1459 2461 1490 2498 3,
1504 2461 1537 2499 9.
1561 2461 1593 2497 4,
1607 2459 1663 2489 21.
1684 2459 1739 2488 2³.

1077 2506 1248 2541 oneraria,
1270 2502 1441 2536 mercibus
1455 2499 1624 2534 vehendi·
1637 2499 1741 2532 desti·

1078 2552 1168 2585 nata,
1182 2548 1213 2585 4,
1230 2550 1283 2579 99.
1301 2551 1354 2579 25.
1376 2549 1552 2585 maneta,
1565 2547 1739 2583 samaa

1074 2591 1226 2634 pellibus,
1241 2590 1280 2622 C.
1294 2594 1324 2630 3,
1342 2593 1381 2622 15

1039 2636 1103 2673 Ne,
1113 2645 1165 2672 ne,
1173 2634 1383 2672 encliticum,
1393 2643 1453 2676 pro
1462 2639 1648 2671 utrum,n,
1659 2631 1739 2670 ’1,14

1039 2679 1275 2711 Necessarium
1292 2684 1435 2721 tempus,
1453 2687 1523 2719 quo
1539 2683 1677 2708 necem
1690 2678 1742 2705 est

1080 2720 1210 2763 aliquid
1239 2722 1351 2754 facere
1377 2727 1435 2754 aut
1456 2720 1539 2763 pati,
1563 2722 1592 2757 1,
1609 2719 1661 2750 18.
1682 2726 1741 2748 no-

1067 1942 1233 1969 natum-am
1270 1937 1441 1979 flammis,

1068 1982 1214 2018 nactast,
1233 1981 1282 2011 17.
1319 1981 1333 2012 1

1080 2768 1216 2814 ces-santi
1237 2767 1355 2810 populi
1376 2764 1493 2804 iidem,
1515 2763 1577 2807 qui
1597 2769 1741 2800 oomn-

1039 2819 1247 2929 18*ἓέἓέῗῖ
1258 2856 1402 2894 coacense,
1421 2850 1624 2888 amnuit-00
1641 2855 1744 2883 coae-

1136 2919 1146 2934 5
1181 2918 1192 2935 ³
