1946 3261
566 190 680 234 LlB.
715 190 774 234 ΙΙ.
839 191 973 234 CAP.
1006 191 1134 233 :2—4.
1534 182 1622 233 313

143 326 459 363 tormentorum
482 333 649 362 omnem
680 318 1090 362 administrationem
1120 316 1333 359 tardabat.
1397 314 1510 358 Tum
1531 328 1622 358 cre-

144 380 234 422 brae
254 394 332 436 per
355 378 533 421 Albicos
553 379 802 436 eruptiones
836 376 996 418 fiebant
1024 391 1076 417 ex
1106 375 1284 433 oppido,
1314 375 1517 433 ignesque
1548 390 1623 432 ag-

143 437 238 495 geri
278 445 323 480 et
359 436 553 480 turribus
585 437 899 484 inferebantur,
929 450 1024 492 quae
1054 434 1177 475 facile
1198 433 1331 475 nostri
1352 433 1626 491 repellebant

144 495 302 538 milites
339 495 588 553 magnisque
620 496 739 537 ultro
773 494 914 537 inlatis
941 491 1226 540 detrimentis,
1250 507 1335 541 eos,
1357 492 1434 549 qui
1453 492 1621 550 erupti-

143 570 267 598 onem
290 554 497 600 fecerant,
520 553 562 595 in
585 553 792 610 oppidum
814 552 1077 609 rejiciebant.

202 613 245 654 3.
281 611 460 654 Interim
480 611 530 652 L.
553 612 769 660 Nasidius,
783 612 839 653 ab
860 611 940 653 Cn.
961 608 1166 666 Pompeio
1185 623 1282 649 cum
1298 607 1428 650 classe
1450 609 1628 652 navium

143 669 342 718 sedecim,
367 669 409 711 in
430 669 589 725 quibus
612 685 757 727 paucae
777 678 900 712 erant
921 676 1080 716 aeratae,
1101 666 1150 708 L.
1171 666 1366 708 Domitio
1386 667 1629 711 Massilien-

144 730 347 785 sibusque
369 727 557 770 subsidio
576 729 738 776 missus,
762 729 874 770 freto
907 726 1079 775 Siciliae,
1102 724 1362 783 inprudente
1385 733 1516 780 atque
1537 726 1630 768 ino—

143 787 319 845 pinante
338 785 542 835 Curione,
564 786 842 844 pervehitur:
877 784 1154 844 adpulsisque
1174 783 1413 825 Messanam
1428 783 1630 833 navibus,

142 853 276 902 atque
294 844 391 886 inde
405 854 589 902 propter
607 845 883 902 repentinum
901 853 1111 886 terrorem
1129 841 1374 900 principum
1392 857 1441 883 ac
1458 850 1633 884 senatus

145 904 252 961 fuga
285 903 418 952 facta,
451 919 503 945 ex
535 904 760 946 navalibus
781 919 931 946 eorum
952 917 1105 944 navem
1126 916 1257 943 unam
1277 899 1468 942 deducit.
1532 899 1633 942 Hac

144 963 352 1020 adjuncta
373 961 427 1003 ad
448 961 633 1019 reliquas
654 977 797 1011 naves,
817 977 993 1004 cursum
1015 959 1249 1002 Massiliam
1273 974 1420 1001 versus
1432 957 1630 1016 perficit;

145 1020 447 1079 praemissaque
464 1020 574 1062 clam
592 1021 805 1069 navicula,
827 1019 1067 1063 Domitium
1091 1017 1461 1074 Massiliensesque
1481 1017 1535 1059 de
1552 1033 1631 1059 suo

145 1079 337 1126 adventu
359 1080 565 1121 certiores
587 1077 691 1120 facit
713 1095 871 1136 eosque
888 1093 1150 1136 magnopere
1167 1076 1387 1125 hortatur,
1411 1083 1461 1118 ut
1482 1091 1630 1119 rursus

146 1143 245 1181 cum
269 1137 398 1181 Bruti
419 1138 565 1189 classe,
585 1138 742 1180 additis
759 1138 843 1180 suis
863 1137 1048 1185 auxiliis,
1071 1135 1320 1193 confligant.
1627 1182 1629 1185 v

204 1197 247 1238 4.
284 1196 584 1245 Massilienses,
626 1204 725 1254 post
763 1197 960 1254 superius
996 1193 1326 1243 incommodum,
1369 1200 1535 1236 veteres
1575 1194 1631 1236 ad

146 1253 343 1297 eumdem
374 1271 601 1297 numerum
632 1271 684 1297 ex
715 1255 941 1298 navalibus
971 1254 1206 1312 productas
1235 1268 1362 1295 naves
1392 1252 1634 1295 refecerant

147 1328 395 1370 summaque
418 1313 628 1355 industria
647 1321 937 1362 armaverant,
957 1313 1187 1370 (remigum
1201 1312 1633 1370 gubernatorumque

146 1387 302 1429 magna
343 1371 468 1429 copia
505 1372 806 1429 subpetebat,)
846 1370 1183 1429 piscatoriasque
1216 1369 1462 1427 adjecerant
1499 1377 1634 1425 atque

147 1438 445 1485 contexerant,
487 1438 537 1472 ut
572 1439 709 1472 essent
747 1431 802 1472 ab
838 1430 928 1471 ictu
968 1429 1154 1471 telorum
1183 1429 1367 1485 remiges
1398 1427 1509 1469 tuti:
1559 1427 1634 1469 has

147 1488 381 1545 sagittariis
403 1488 715 1546 tormentisque
745 1488 1088 1546 compleverunt.
1153 1486 1251 1528 Tali
1274 1485 1401 1528 modo
1422 1485 1634 1528 instructa

147 1547 296 1596 classe,
318 1546 508 1588 omnium
530 1547 763 1595 seniorum,
782 1556 966 1588 matrum
984 1546 1173 1594 familiae,
1195 1544 1416 1602 virginum
1434 1544 1635 1602 precibus

146 1614 192 1647 et
212 1605 317 1647 fletu
336 1604 531 1653 excitati,
551 1614 602 1646 ut
623 1614 817 1647 extremo
836 1614 1032 1662 tempore
1051 1603 1218 1646 civitati
1236 1602 1532 1651 subvenirent,
1550 1617 1635 1645 non

148 1663 310 1705 minore
331 1663 472 1706 animo
490 1679 538 1705 ac
557 1663 731 1712 fiducia,
762 1679 890 1720 quam
914 1671 1013 1704 ante
1035 1661 1362 1710 dimicaverant,
1384 1675 1515 1702 naves
1536 1676 1636 1703 con-

149 1722 375 1764 scendunt.
420 1722 649 1764 Communi
671 1722 782 1764 enim
803 1722 858 1763 sit
878 1721 985 1764 vitio
1004 1729 1185 1768 naturae,
1208 1728 1258 1761 ut
1278 1718 1439 1767 invisis,
1462 1718 1635 1762 latitan-

147 1781 266 1824 tibus
282 1789 415 1838 atque
433 1780 662 1838 incognitis
678 1781 806 1823 rebus
824 1780 958 1837 magis
978 1778 1240 1822 confidamus
1258 1776 1636 1845 vehementiusque

147 1847 444 1882 exterreamur
462 1854 471 1879 :
523 1847 574 1882 ut
608 1847 701 1881 tum
737 1838 905 1880 accidit.
970 1837 1195 1880 Adventus
1223 1836 1334 1878 enim
1370 1835 1420 1877 L.
1463 1836 1506 1878 N
1511 1836 1633 1879 as1dii

148 1913 310 1940 summa
328 1914 403 1955 spe
421 1906 466 1940 et
486 1897 713 1940 voluntate
735 1896 956 1938 civitatem
989 1896 1299 1953 compleverat..
1377 1894 1509 1937 Nacti
1543 1894 1632 1937 ido-

150 1972 277 2000 neum
298 1964 494 2005 ventum,
523 1972 575 1997 ex
599 1963 732 2013 portu
755 1962 915 1996 exeunt
936 1963 980 1996 et
1015 1953 1279 2001 Tauroenta,
1311 1953 1426 2008 quod
1450 1961 1515 1995 est
1543 1968 1629 1996 cas-

197 2081 334 2113 Albv'cos.
378 2078 430 2110 Cf.
452 2080 480 2116 l,
497 2081 548 2110 34.
565 2080 617 2110 57.
644 2078 694 2109 M.

197 2125 338 2156 AEratae.
363 2123 431 2153 vid.
450 2123 519 2153 Ind.
537 2121 569 2153 in
584 2132 640 2153 oes.
665 2122 714 2153 M.

198 2169 354 2200 Curione.
379 2166 431 2197 Cf.
454 2168 481 2203 l,
500 2168 551 2197 31.
577 2167 627 2196 M.

195 2212 407 2244 Pervehitw·.
454 2209 522 2241 Alii
537 2211 743 2251 provehitur.

197 2257 253 2287 Ex
275 2254 451 2287 ‘navalibus
474 2264 590 2285 eorum
614 2264 731 2285 unam.
779 2252 854 2284 Hoc

927 2076 1143 2109 Marclandus
1175 2078 1209 2109 in
1242 2077 1412 2120 Explicat.
1442 2084 1508 2110 vet.
1538 2084 1630 2112 auct.

926 2133 962 2163 p.
979 2124 1041 2152 267
1060 2122 1130 2163 legi
1155 2123 1225 2153 vult
1248 2124 1427 2154 intentans.
1485 2122 1633 2164 Vulgata

924 2166 1024 2197 lectio
1041 2166 1166 2197 melior
1181 2174 1242 2197 est.
1287 2166 1413 2198 Tribus
1427 2166 1542 2199 verbis
1557 2168 1631 2198 Cae-

925 2220 976 2240 sar
1001 2210 1164 2241 describit
1185 2221 1236 2241 res
1251 2210 1402 2250 suturas,
1425 2212 1466 2242 de
1488 2222 1631 2252 quarum

923 2253 1016 2285 exitu
1045 2264 1132 2285 nnnc
1160 2263 1226 2286 non
1249 2261 1391 2287 constat.
1416 2256 1467 2286 M.
1507 2256 1631 2294 Forsan

926 2298 958 2327 τὸ
983 2297 1190 2329 latitantibus
1217 2304 1328 2330 ortum
1353 2310 1371 2330 e
1395 2299 1508 2340 glossa
1535 2299 1631 2331 vocis

924 2343 1046 2372 int-isis.
1093 2342 1230 2373 Mecum
1247 2342 1325 2374 facit
1342 2342 1523 2374 Bentleius.

969 2386 1228 2418 Eaeterreamur.
1279 2386 1418 2417 Nullum
1456 2387 1512 2418 hic
1558 2397 1631 2417 esse

922 2430 1040 2461 terrori
1069 2431 1183 2463 locum
1207 2436 1322 2462 monet
1350 2430 1533 2462 Bentleins.
1588 2430 1634 2461 Et

150 2299 290 2335 debetur
308 2297 489 2339 Scaligero.
536 2297 647 2337 Vulgo
669 2303 738 2328 erat
760 2300 855 2328 navi-

150 2345 222 2375 bus.
252 2342 364 2373 Davis.
389 2352 407 2372 e
435 2342 509 2372 cod.
564 2340 700 2373 Norvic.
717 2341 855 2372 volebat

147 2397 189 2417 μα’»
214 2387 391 2418 navalibus·
419 2396 535 2417 eorum
565 2385 696 2416 ‹ledus-it,
723 2396 854 2417 nat-em.

150 2430 205 2462 Sic
221 2436 254 2460 et
269 2440 349 2461 mox
366 2440 440 2471 cap.
459 2432 490 2460 11.
536 2428 601 2459 Hic
617 2440 751 2470 quoque
767 2429 856 2460 addo

148 2485 280 2506 nat-em.

197 2519 358 2559 Superius
372 2520 522 2550 incomm.
569 2517 666 2548 Conf.
685 2520 712 2554 l,
729 2520 782 2548 58.
807 2517 857 2548 M.

198 2563 387 2601 Remiyum.
447 2560 510 2592 Hic
554 2562 742 2593 addendum
787 2561 858 2599 erit,

151 2607 251 2638 enim.
278 2606 328 2636 M.

200 2650 404 2690 Subpetebat.
451 2649 526 2679 Hoc
548 2649 688 2680 verbum
711 2658 858 2690 expunc-

151 2699 223 2724 tum
238 2692 334 2733 cupit
348 2693 432 2724 Scal.
452 2692 563 2723 invitis
578 2694 675 2724 codd.

203 2739 242 2767 [tt
268 2737 498 2767 armano—To*
530 2742 567 2766 ut
598 2737 628 2767 in
658 2736 859 2777 quibusdam

151 2781 249 2812 codd.
267 2781 372 2817 deest,
388 2790 453 2811 non
473 2780 572 2811 male.

199 2825 436 2856 Laeitantibus.
484 2823 573 2861 Quia
601 2825 699 2856 codd.
734 2824 860 2865 aliquot

152 2868 279 2901 habent
301 2869 452 2906 latitatis,
483 2868 622 2900 verbum
648 2868 720 2901 sine.
751 2879 860 2907 sensu,

925 2479 1055 2505 certum
1079 2480 1141 2513 est,
1162 2475 1251 2506 male
1277 2474 1444 2506 cohaerere
1473 2483 1548 2505 cum
1577 2485 1631 2505 se-

925 2518 1118 2558 quentibus.
1174 2518 1316 2550 Proinde
1346 2519 1412 2559 legi
1436 2518 1534 2559 jubet
1567 2517 1629 2549 iste

926 2562 1118 2602 efferamur.
1426 2579 1428 2584 ·

976 2607 1180 2637 Tauroenta.
1235 2605 1423 2647 Stephanus
1452 2605 1629 2645 Byzantius

925 2649 1060 2691 scripsit
1076 2650 1217 2693 Ταυςᾶεις,
1239 2651 1330 2690 quod
1346 2659 1467 2680 nomen
1485 2650 1526 2680 Is.
1545 2649 1631 2681 Vos-

927 2694 996 2724 sius
1011 2693 1110 2724 Melae
1127 2694 1175 2732 (52,
1194 2698 1228 2732 5)
1242 2693 1392 2724 reddidit.
1429 2693 1631 2724 Ptolemaeus

929 2738 1105 2781 Ταυςοέιτιω
1123 2737 1275 2778 proxime
1294 2742 1367 2777 post
1385 2736 1572 2768 Massiliam
1587 2738 1631 2768 ab

928 2788 1000 2812 ortu
1019 2781 1133 2822 posuit
1150 2794 1156 2811 :
1189 2792 1207 2811 e
1220 2792 1286 2821 quo
1303 2779 1500 2811 Strabonem
1531 2780 1579 2819 (4.
1596 2792 1630 2822 p.

933 2828 990 2856 18¹)
1019 2825 1081 2856 ubl
1111 2824 1271 2867 Ταυξὲντισν
1309 2824 1373 2862 esi)
1409 2823 1632 2856 Casaubonus

929 2869 1093 2901 emendat.
1135 2870 1254 2901 Cellar.
1311 2868 1453 2900 Videtur
1472 2868 1576 2900 fuisse
1590 2870 1633 2901 ad
