1946 3261
325 276 409 319 448
556 277 612 319 A.
646 273 845 319 HIRTII
877 274 961 319 DE
994 273 1194 320 BELLO
1226 275 1539 322 ALEXAND.

326 408 448 447 esset,
470 405 518 440 ut
536 414 561 441 a
619 407 688 443 rto
720 401 856 444 latere
884 400 1194 459 adgrederetur
1213 401 1393 451 hostem,
1415 402 1460 444 in
1479 402 1572 460 ipso
1594 401 1776 445 transitu

325 458 444 500 fossae
478 472 557 500 con
589 474 642 500 xa
677 467 722 501 et
757 459 958 518 obpressa
989 467 1079 502 est:
1130 460 1328 503 Deiotari
1359 476 1460 503 vero
1481 460 1667 518 legiones
1697 459 1772 502 vix

326 515 518 573 inpetum
538 517 846 560 sustinuerunt.
909 517 975 560 Ita
994 518 1187 560 victrices
1210 518 1342 576 Regis
1373 519 1506 577 copiae
1535 533 1668 561 cornu
1701 533 1776 560 suo

324 572 477 614 dextro
505 574 727 632 mediaque
759 576 848 618 acie
870 584 1176 618 converterunt
1195 593 1238 618 se
1260 577 1314 618 ad
1335 577 1585 619 tricesimam
1615 583 1776 618 sextam

325 629 537 687 legionem
559 647 569 672 t
614 647 709 690 quae
743 642 883 676 tamen
930 634 1102 676 fortiter
1147 634 1406 677 vincentium
1455 635 1649 692 inpetum
1692 648 1778 675 sus-

323 687 455 730 tinuit
477 704 488 730 :
539 691 699 748 magnis
743 692 875 750 copiis
910 691 1093 734 hostium
1136 692 1415 742 circumdata,
1454 691 1776 751 praesentissimo

323 746 463 788 animo
484 763 678 805 pugnans
710 750 753 792 in
787 750 949 799 orbem,
982 766 1024 791 se
1064 751 1224 808 recepit
1256 750 1308 793 ad
1345 751 1502 793 radices
1534 750 1771 793 montium:

322 819 410 860 quo
451 804 687 849 Pharnaces
726 808 904 864 insequi,
950 816 1129 866 propter
1173 808 1443 865 iniquitatem
1488 808 1588 858 loci,
1620 807 1771 850 noluit.

323 860 408 912 Ita,
433 861 611 906 Pontica
630 865 793 923 legione
813 882 930 923 paene
952 875 1044 907 tota
1064 867 1228 914 amissa,
1246 882 1401 923 magna
1427 875 1551 924 parte
1584 864 1777 909 Deiotari

319 919 506 963 militum
543 922 782 973 interfecta,
825 924 1036 966 tricesima
1071 933 1189 966 sexta
1229 924 1339 981 legio
1375 925 1416 966 in
1452 924 1544 966 loca
1575 940 1617 965 se
1651 924 1773 980 supe-

320 977 435 1020 riora
470 981 671 1030 contulit,
706 997 790 1023 non
822 983 1003 1040 amplius
1033 982 1225 1024 ducentis
1257 990 1301 1023 et
1330 982 1640 1039 quinquaginta
1667 980 1775 1022 desi-

319 1034 493 1078 deratis.
558 1038 819 1081 Ceciderunt
843 1056 893 1083 eo
916 1041 1069 1097 proelio
1097 1039 1309 1098 splendidi
1329 1048 1458 1096 atque
1475 1039 1674 1082 inlustres
1695 1037 1774 1080 viri

320 1094 513 1136 nonnulli
532 1095 710 1152 Equites
730 1097 926 1139 Romani.
991 1099 1087 1147 Quo
1107 1108 1250 1140 tamen
1272 1097 1539 1140 incommodo
1559 1096 1774 1139 Domitius

317 1161 510 1209 accepto,
533 1153 733 1210 reliquias
761 1156 971 1197 exercitus
1005 1156 1192 1213 dissipati
1226 1156 1428 1213 conlegit,
1464 1154 1774 1211 itineribusque

318 1209 424 1251 tutis
445 1225 522 1266 per
546 1210 865 1268 Cappadociam
885 1231 926 1256 se
945 1215 988 1256 in
1011 1215 1155 1255 Asiam
1177 1213 1356 1271 recepit.

374 1266 444 1307 41.
481 1266 732 1318 Pharnaces,
753 1271 881 1313 rebus
905 1271 1099 1313 secundis
1125 1271 1277 1320 elatus,
1299 1287 1432 1327 quum
1453 1270 1507 1312 de
1527 1271 1694 1313 Caesare
1711 1284 1775 1319 ea,

316 1339 411 1380 quae
438 1325 633 1382 optabat,
666 1337 874 1384 speraret,
910 1329 1094 1370 Pontum
1130 1329 1323 1370 omnibus
1356 1328 1489 1386 copiis
1519 1328 1773 1385 occupavit:

314 1380 477 1439 ibique,
503 1391 546 1424 et
563 1384 717 1433 victor,
754 1393 797 1426 et
817 1385 1127 1428 crudelissimus
1158 1385 1268 1434 Rex,
1299 1402 1434 1442 quum
1452 1385 1533 1428 sibi
1554 1386 1774 1428 fortunam

313 1447 537 1495 paternam
565 1441 753 1484 feliciore
791 1452 947 1485 eventu
979 1443 1228 1493 destinaret,
1259 1444 1395 1485 multa
1420 1443 1579 1501 oppida
1610 1459 1771 1502 expug-

313 1498 446 1548 navit,
485 1499 597 1541 bona
640 1500 800 1542 civium
837 1501 1131 1544 Romanorum
1176 1501 1538 1557 Ponticorumque
1576 1501 1771 1558 diripuit,

311 1555 522 1612 subplicia
555 1559 777 1600 constituit
810 1559 852 1600 in
880 1575 965 1609 eos,
989 1560 1063 1617 qui
1086 1560 1272 1616 aliquam
1310 1560 1456 1601 formae
1487 1567 1616 1615 atque
1636 1559 1772 1602 aetatis

312 1614 716 1657 commendationem
748 1615 980 1666 habebant,
1015 1634 1078 1666 ea,
1099 1633 1195 1674 quae
1215 1624 1352 1659 morte
1371 1625 1508 1658 essent
1526 1616 1769 1665 mise1·iora;

313 1670 583 1728 Pontumque
600 1673 720 1714 nullo
740 1674 1010 1724 defendente,
1030 1684 1255 1732 paternum
1280 1675 1481 1733 Regnum
1501 1691 1543 1716 se
1564 1675 1771 1732 recepisse

311 1727 513 1785 glorians,
536 1729 774 1772 obtinebat.
806 1766 813 1778 ,
1644 1778 1647 1779 γ

369 1786 438 1827 42.
475 1787 570 1828 Sub
596 1788 706 1830 idem
740 1797 911 1846 tempus
938 1790 980 1831 in
1003 1789 1176 1846 Illyrico
1198 1799 1260 1832 est
1289 1790 1598 1832 incommodum
1626 1805 1770 1848 accep-

289 1851 423 1888 .tum:
457 1860 553 1901 quae
573 1847 793 1902 provincia
819 1848 1112 1905 superioribus
1140 1848 1351 1889 mensibus
1377 1856 1543 1889 retenta
1571 1863 1655 1889 non
1677 1857 1768 1892 tan-

311 1910 405 1943 tum
434 1903 520 1943 sine
542 1903 786 1960 ignominia,
815 1906 888 1947 sed
908 1907 1036 1947 etiam
1070 1921 1164 1946 cum
1186 1906 1308 1947 laude
1325 1913 1431 1947 erat.
1496 1906 1696 1962 Namque
1717 1923 1768 1949 eo

311 1960 459 2001 missus
480 1969 623 2003 aestate
646 1978 743 2003 cum
768 1963 934 2005 duabus
948 1964 1184 2020 legionibus
1208 1964 1261 2012 Q.
1289 1962 1557 2012 Cornificius,
1590 1964 1767 2007 Caesaris

312 2018 510 2066 Quaestor
530 2035 610 2076 pro
644 2020 849 2069 Praetore,
872 2019 1128 2078 quamquam
1150 2030 1242 2062 erat
1264 2020 1481 2078 provincia
1510 2020 1679 2062 minime
1700 2038 1767 2065 co—

310 2076 427 2132 piosa
447 2076 501 2117 ad
524 2078 734 2120 exercitus
752 2079 925 2121 alendos
947 2088 990 2121 et
1022 2079 1215 2121 finitumo
1237 2078 1353 2121 bello
1375 2094 1422 2119 ae
1443 2077 1767 2122 dissensionibus

310 2141 478 2175 vastata
505 2143 547 2175 et
573 2136 781 2185 confecta,
804 2146 944 2179 tamen
962 2137 1190 2195 prudentia
1211 2153 1259 2178 ac
1286 2136 1511 2193 diligentia
1532 2152 1621 2185 sua,
1651 2138 1766 2194 quod

309 2205 504 2248 magnam
524 2208 672 2235 curam
692 2195 965 2252 suscipiebat,
988 2211 1039 2237 ne
1060 2212 1147 2252 quo
1169 2203 1326 2237 temere
1348 2193 1690 2251 progredereter,
1725 2206 1767 2238 et

1118 2327 1272 2357 Felieiore
1288 2330 1414 2356 eventu.
1460 2323 1547 2355 Nam
1572 2331 1665 2366 pater
1678 2325 1760 2366 ejus,

310 2321 422 2363 digere
438 2321 579 2354 videtur.
624 2324 658 2354 In
678 2335 792 2356 museo
816 2336 879 2357 non
896 2326 1006 2357 ausim

1072 2369 1300 2405 Mithridates,
1324 2378 1427 2398 caesus
1445 2367 1559 2398 fuerat.
1608 2368 1685 2399 Vid.
1711 2369 1760 2400 lo-

311 2365 468 2406 equidem
484 2367 563 2397 talia
588 2368 766 2408 explicare.
795 2371 843 2400 M.
890 2369 1004 2401 Daris.

312 2409 514 2449 suspicatur,
542 2410 643 2440 verba
671 2414 755 2442 acies
783 2414 923 2443 secando
948 2423 1006 2443 ex-

312 2453 487 2493 pungenda
503 2458 534 2483 et
552 2464 611 2493 pro
625 2458 766 2486 {ran-sila
781 2456 843 2495 leg:
857 2459 1006 2488 circuitu.

312 2495 448 2536 Lipsius
461 2497 591 2536 legebat
608 2500 693 2528 acies
714 2500 869 2530 secunda.
909 2500 1005 2531 Adri-

313 2538 363 2578 pit
376 2539 438 2569 hoc
456 2540 606 2570 Jurinius
618 2546 650 2570 et
665 2541 730 2581 legi
747 2543 882 2572 suadet:
900 2554 1005 2584 quum

305 2592 343 2622 p.
360 2583 504 2614 adt-ersis
519 2584 664 2614 hostibus
687 2594 761 2614 cess.
771 2585 800 2624 f.
816 2596 847 2616 a.
864 2589 1006 2617 transire

308 2627 394 2655 acies
407 2627 548 2658 secunda
564 2632 683 2658 conata
695 2633 785 2658 esset.
818 2629 915 2659 Putat
930 2629 1002 2660 scil.

309 2667 486 2699 Ponticam
525 2669 692 2710 legionem
728 2670 760 2700 in
797 2672 878 2702 duas
914 2672 1004 2703 acies

306 2710 408 2742 fuisse
420 2712 575 2744 divisam.

351 2756 488 2794 Maqms
498 2759 608 2797 copiis,
630 2756 698 2787 Alii
709 2760 919 2797 maynisqnp.
935 2768 1001 2791 non

309 2798 409 2828 male.
454 2799 535 2829 Mox
558 2800 678 2830 Clarke
702 2800 734 2830 in
751 2801 826 2830 cod.
844 2801 953 2841 Regio
969 2808 1001 2833 et

307 2839 415 2871 Jurin.
443 2842 475 2872 in
501 2842 681 2875 Meadiano
699 2854 847 2885 reperere
859 2854 1002 2885 proesen-

307 2885 504 2925 tissimoque.

357 2927 396 2957 1⁷1
411 2928 533 2959 orbem.
552 2928 592 2960 V.
609 2935 678 2962 not.
688 2930 730 2961 ad
747 2930 799 2962 Af.
818 2932 866 2962 15.
882 2934 914 2962 et
929 2931 997 2962 Ind.

1070 2424 1130 2443 cos
1157 2411 1276 2444 Dionis
1302 2417 1333 2441 et
1362 2410 1510 2452 Appiani
1538 2412 1578 2442 ad
1604 2422 1678 2452 cap.
1707 2415 1757 2443 34.

1070 2457 1246 2488 indicatos.
1270 2456 1319 2485 M.
1345 2455 1437 2485 Adde
1448 2454 1579 2485 Florum
1597 2457 1626 2492 3,
1642 2459 1672 2485 5.

1119 2501 1211 2530 Bona
1224 2516 1268 2520 —
1280 2498 1430 2539 diripuit.
1455 2498 1529 2528 Hoc
1548 2496 1712 2528 Amisenis
1725 2497 1757 2528 in

1069 2543 1178 2573 Ponto
1201 2540 1337 2572 accidit.
1374 2541 1516 2581 Appian.
1536 2540 1575 2574 C.
1601 2545 1632 2579 2,
1647 2543 1699 2571 91.
1722 2551 1757 2581 p.

1070 2589 1144 2617 484.
1168 2585 1233 2615 Dio
1247 2585 1340 2615 Cass.
1357 2587 1410 2622 42,
1427 2586 1478 2614 46.
1504 2585 1553 2614 M.

1111 2630 1219 2660 Morte
1228 2629 1412 2658 miseriora.
1437 2627 1456 2657 J
1462 2637 1583 2657 uvenes
1598 2626 1756 2657 exsecuit.

1068 2672 1214 2713 Appian.
1251 2670 1334 2701 ibid.
1382 2669 1460 2700 Vid.
1487 2669 1570 2701 infra
1597 2680 1671 2710 cap.
1702 2671 1755 2701 70.

1066 2715 1194 2748 Multos
1207 2724 1340 2756 quoque
1366 2712 1541 2744 interfecit.
1585 2712 1651 2742 Dio
1669 2711 1754 2743 ibid.

1064 2760 1114 2792 M.

1110 2802 1291 2833 Obtinebat.
1337 2798 1477 2830 Redibit
1491 2798 1632 2839 scriptor
1646 2799 1688 2829 ad
1704 2809 1755 2829 res

1063 2850 1179 2919 (ἥκητε
1208 2844 1414 2876 Pharnacem
1434 2849 1546 2884 gestas
1568 2852 1598 2874 c.
1616 2843 1670 2881 65,
1684 2852 1754 2883 sqq.
