1946 3261
190 223 281 268 270
431 242 437 247 ·
649 218 734 263 DE
767 217 972 265 BELLO
1004 214 1219 262 CIVILI.

188 348 508 396 introduxerat,
530 360 584 388 ex
605 345 772 405 oppido
790 343 941 389 educit
961 360 1014 390 ac
1035 344 1253 406 profugit.
1309 343 1442 389 Hunc
1461 358 1516 388 ex
1534 343 1679 405 primu

186 410 338 453 ordine
375 405 503 464 pauci
543 405 725 449 Caesaris
764 404 982 449 consecuti
1016 406 1177 450 milites
1213 405 1447 448 consistere
1480 414 1677 465 coguntt

184 466 406 511 commisso
428 463 603 524 proelio,
625 464 844 509 deseritur
863 480 889 507 a
909 464 995 508 suis
1017 465 1182 515 Varus;
1213 464 1424 508 nonnulla
1442 480 1545 523 pars
1564 463 1678 508 mili-

183 537 278 570 tum
297 524 478 568 domum
493 523 701 575 discedit;
733 523 893 583 reliqui
912 523 969 566 ad
990 525 1206 569 Caesarem
1219 523 1507 592 perveniunt:
1539 531 1677 584 atque

183 601 270 628 una
289 599 388 627 cum
408 583 458 627 iis
478 583 772 643 deprehensus
805 584 858 626 L.
884 583 1069 643 Pupius,
1101 582 1313 644 primipili
1338 578 1569 635 Centurio,
1597 581 1677 626 ad-

182 643 379 694 ducitur,
401 642 480 702 qui
499 642 614 687 hunc
635 643 836 687 eumdem
855 642 1053 687 ordinem
1082 643 1126 688 in
1147 642 1344 686 exercitu
1367 642 1451 686 Cn.
1478 641 1676 712 Pompeii

180 712 310 746 antea
325 702 532 746 duxerat.
577 703 640 746 At
658 703 803 747 Caesar
818 702 977 745 milites
995 703 1199 747 Attianos
1215 701 1468 753 conlaudat,
1483 702 1677 762 Pupium

181 760 384 813 dimittit,
407 761 716 806 Auximatibus
741 761 836 820 agit
866 761 1031 821 gratias
1060 779 1193 823 seque
1215 777 1367 807 eorum
1389 760 1495 806 facti
1515 777 1675 807 memo-

181 835 276 865 rem
296 820 390 864 fore
412 819 661 879 pollicetur.

244 879 311 923 14.
347 879 518 930 Quibus
538 880 671 923 rebus
690 879 879 924 Romam
901 880 1130 930 nunciatis,
1155 888 1304 922 tantus
1324 886 1509 938 repente
1527 885 1678 924 terror

179 939 353 989 invasit,
387 947 455 989 ut,
488 954 625 997 quum
647 938 862 982 Lentulus
884 938 1051 981 Consul
1080 937 1137 981 ad
1164 937 1451 997 aperiendum
1470 936 1676 982 aerarium

180 999 381 1048 venisset,
415 996 474 1041 ad
500 997 731 1057 pecuniam
763 996 973 1056 Pompeio
1001 1013 1056 1040 ex
1078 997 1126 1039 S.
1152 996 1207 1040 C.
1228 995 1552 1056 proferendam,
1574 1011 1675 1056 pro-

178 1058 313 1109 tinus,
342 1065 499 1116 aperto
530 1057 745 1100 sanctiore
775 1056 946 1107 aerario,
983 1072 1037 1099 ex
1068 1056 1179 1101 urbe
1212 1056 1495 1116 profugeret;
1528 1055 1674 1100 Caesar

178 1117 293 1160 enim
312 1116 564 1166 adventare,
591 1117 680 1175 jam
697 1115 787 1175 jam
822 1132 877 1159 ue
897 1123 943 1159 et
963 1115 1112 1168 adesse
1133 1116 1223 1175 ejus
1243 1115 1414 1175 equites
1432 1116 1543 1159 falso
1563 1129 1672 1159 nun·

176 1177 419 1220 ciabantur.
474 1175 606 1218 Hunc
628 1132 866 1219 Marcellus
885 1175 1066 1234 conlega
1087 1183 1132 1218 et
1154 1175 1356 1234 plerique
1380 1174 1672 1233 Magistratus

177 1234 397 1279 consecuti
418 1242 535 1278 sunt.
599 1235 682 1278 Cn.
709 1234 958 1294 Pompeius,
981 1233 1123 1294 pridie
1144 1235 1236 1293 ejus
1255 1233 1341 1277 diei
1362 1250 1416 1277 ex
1437 1234 1548 1277 urbe
1569 1249 1670 1292 pro-

175 1295 334 1344 fectus,
366 1293 452 1336 iter
483 1293 538 1336 ad
559 1293 750 1352 legiones
781 1293 991 1344 habebat,
1021 1310 1128 1352 quas
1160 1310 1186 1336 a
1210 1294 1379 1336 Caesare
1399 1301 1601 1352 acceptas
1625 1292 1669 1336 in

178 1353 346 1412 Apulia
360 1351 642 1396 hibernorum
661 1368 809 1396 caussa
827 1353 1111 1410 disposuerat.
1157 1351 1359 1395 Dilectus
1376 1351 1491 1395 intra
1511 1352 1669 1396 urbem

175 1412 551 1455 intermittuntur:
585 1411 691 1454 nihil
720 1412 830 1455 citra
853 1412 1054 1471 Capuam
1089 1419 1235 1454 tutum
1271 1428 1359 1455 esse
1386 1411 1587 1456 omnibus
1606 1411 1670 1456 vi-

175 1471 323 1514 detur.
388 1471 552 1529 Capuae
574 1470 763 1529 primum
795 1487 885 1514 sese
917 1471 1174 1514 confirmant
1202 1479 1248 1513 et
1268 1470 1379 1514 conli
1417 1479 1513 1522 unt,
1535 1469 1670 1515 dilec-

174 1539 359 1589 tumque
385 1530 658 1580 colonorum,
696 1531 773 1589 qui
809 1531 905 1589 lege
928 1529 1050 1574 Julia
1086 1531 1285 1589 Capuam
1316 1529 1346 1572 d
1405 1531 1494 1574 ucti
1526 1538 1670 1580 erant,

174 1589 336 1632 habere
368 1588 627 1638 instituunt;
668 1589 1038 1648 gladiatoresque,
1073 1605 1180 1648 quos
1214 1590 1275 1633 ibi
1311 1589 1456 1632 Caesar
1485 1589 1529 1632 in
1561 1588 1670 1632 ludo

174 1648 382 1697 habebat,
422 1648 465 1690 in
503 1649 645 1690 forum
683 1649 921 1707 productos
961 1649 1175 1692 Lentulus
1209 1648 1404 1692 libertati
1441 1647 1670 1692 confirmat

173 1716 310 1765 atque
345 1707 394 1750 iis
432 1722 567 1765 equos
601 1707 817 1751 adtribuit
851 1717 897 1751 et
925 1724 970 1751 se
1003 1708 1126 1766 sequi
1163 1708 1306 1764 iussit:
1355 1724 1464 1766 quos
1579 1717 1666 1758 tea,

173 1766 362 1810 monitus
398 1766 457 1810 ab
485 1766 587 1818 suis,
619 1766 741 1826 quod
773 1783 822 1810 ea
854 1783 922 1811 res
953 1756 1165 1810 omnium⁰
1173 1766 1341 1826 judicio
1375 1782 1502 1826 repre
1535 1765 1664 1810 ende-

221 1931 389 1972 Profuqil.
407 1929 441 1962 in
454 1930 616 1962 Africani.
632 1928 704 1960 vid.
719 1939 749 1960 c.
765 1930 817 1960 31.
834 1930 885 1961 M.
954 1931 1009 1960 36.
1025 1940 1061 1971 p.
1077 1930 1152 1960 450.
1179 1930 1228 1961 M.
1274 1929 1455 1962 Rubenius
1480 1930 1512 1961 in
1533 1929 1664 1962 Electis

221 1977 279 2008 Ea-
290 1977 398 2017 primo
415 1975 542 2006 ordr‘ne.
593 1972 734 2005 Vossius
750 1973 884 2012 maluit,
957 1975 985 2012 l,
1002 1977 1055 2005 21.
1071 1973 1222 2011 volebat,
1239 1983 1304 2005 non
1324 1981 1450 2016 aperto,
1469 1975 1570 2006 niale.

173 2030 216 2051 ox·
239 2022 350 2062 primo
377 2021 529 2060 domine:
564 2017 784 2049 Marclandus
803 2029 882 2049 vero
1000 2018 1042 2049 Et
1057 2018 1185 2049 messa.
1222 2017 1505 2060 Conjunctionem
1521 2017 1662 2060 adjecit

176 2064 210 2095 in
230 2064 366 2105 Explic.
382 2069 446 2094 vet.
465 2069 552 2094 auct.
571 2073 605 2104 p.
623 2063 687 2093 965
710 2073 752 2093 ω·
765 2063 884 2103 primis
952 2060 1043 2092 Oud.
1068 2073 1086 2093 e
1111 2062 1211 2093 codd.
1239 2062 1393 2094 Jurinius
1417 2062 1512 2095 malit
1534 2067 1564 2095 et
1579 2066 1661 2105 jam

172 2108 360 2139 ordinibus:
395 2106 529 2138 scilicet
558 2117 598 2137 ne
625 2104 728 2137 nimis
755 2106 881 2147 exigua
940 2108 1101 2148 jamque.

174 2161 296 2183 manus
324 2151 427 2182 fuisse
457 2150 620 2182 videatur.
681 2150 737 2181 Est
765 2157 880 2182 autem
998 2152 1114 2182 Pridie
1126 2153 1197 2190 ejus
1210 2151 1291 2183 «liei.
1335 2151 1479 2184 Ursinus
1493 2157 1527 2183 et
1541 2150 1660 2183 Ciacc.

172 2197 253 2228 ordo
269 2205 310 2227 ex
328 2195 450 2226 usitata
466 2195 597 2226 ratione
611 2194 776 2227 centuria.
795 2196 843 2226 M.
950 2194 1071 2226 volunt
1083 2195 1195 2236 pridie
1211 2196 1317 2234 eidus,
1341 2195 1442 2238 idque
1458 2206 1478 2227 e
1492 2195 1660 2228 Cicerone

223 2241 260 2272 l..
279 2242 424 2282 Pupius.
467 2239 684 2271 Marclandus
710 2239 837 2270 ibidem
862 2250 882 2271 e
951 2239 1097 2280 probare
1127 2246 1269 2271 tentant.
1316 2240 1407 2272 Oud.
1435 2239 1551 2282 potius
1580 2240 1658 2271 M

175 2285 276 2316 codd.
300 2282 450 2315 lectione
474 2283 526 2315 81,
545 2285 672 2324 Pupius
689 2283 774 2314 cruit
795 2285 881 2326 Spu·
949 2293 1052 2324 opera
1070 2284 1141 2316 baec
1157 2294 1224 2317 non
1237 2283 1321 2316 satis
1333 2289 1450 2326 aperte
1464 2283 1553 2316 tradi
1565 2283 1658 2316 arbi-

172 2332 243 2362 re'us
261 2329 401 2368 Pupius,
426 2328 476 2359 M.
949 2334 1064 2360 tmtur.

221 2374 262 2404 At
289 2374 414 2404 Caesar.
459 2371 535 2403 lloc
554 2372 594 2402 Ae
612 2371 715 2403 deleri
733 2373 804 2404 vult
820 2373 882 2404 Ju-
996 2373 1052 2403 Ex
1090 2373 1174 2405 urbe
1206 2373 1384 2415 profectus,
1419 2383 1439 2405 c
1475 2371 1657 2405 suburbio.

172 2417 291 2456 tinius,
320 2422 433 2448 ortum
464 2427 483 2447 e
512 2415 661 2457 repetito
685 2415 757 2448 siue
784 2417 883 2449 vocis
946 2416 999 2448 Cf.
1018 2427 1050 2448 c.
1068 2420 1099 2447 2.
1117 2421 1149 2449 3.
1167 2418 1199 2448 6.
1227 2418 1278 2449 Μ.

174 2459 409 2504 praecedeutis.
996 2461 1154 2493 Liber-eati
1177 2464 1362 2502 confirmae.
1409 2462 1461 2494 Al.
1478 2462 1656 2495 libertatis:

221 2506 277 2537 Ex
295 2507 331 2536 S.
353 2506 389 2537 C.
433 2504 489 2536 Cf.
506 2514 538 2535 c.
555 2505 585 2535 6.
612 2504 662 2535 Μ.
946 2505 994 2537 al.
1009 2507 1044 2536 in
1059 2505 1255 2537 libertatem.
1301 2504 1422 2538 Malim
1437 2517 1516 2538 cum
1533 2505 1655 2548 Lipaio

220 2552 339 2592 Aperta
361 2555 467 2581 sanct.
488 2558 548 2580 (εν.
593 2547 702 2579 Aliter
732 2548 881 2581 scribere
945 2549 1093 2587 (Suturn.
1125 2551 1152 2584 Ι.
1184 2552 1255 2589 11);
1289 2551 1443 2583 libertale
1470 2550 1658 2591 (donandn)

175 2593 301 2626 Caesari
327 2603 394 2624 non
427 2591 642 2634 permittebat
673 2593 882 2634 posteritatis
946 2595 1121 2633 confirmat
1139 2594 1262 2632 (redd'n
1278 2595 1403 2634 finnus,
1419 2594 1540 2627 libem
1553 2594 1656 2627 dubi-

176 2637 394 2675 verecundia,
418 2643 455 2669 ut
471 2636 643 2675 aerarium,
663 2638 753 2678 quod
776 2637 822 2668 ab
839 2649 881 2669 co
947 2638 1084 2675 tatione,
1095 2637 1301 2670 ncdubitent
1312 2639 1474 2671 accedere
1486 2639 1528 2671 ud
1542 2645 1656 2681 perte·

172 2683 347 2714 effractum
378 2691 495 2713 omnes
532 2687 688 2713 auctores
719 2687 883 2714 testantur
950 2682 1135 2723 Pompeii).
1179 2682 1232 2714 Cf.
1262 2694 1293 2714 c.
1319 2684 1368 2714 15.
1394 2685 1448 2714 21.
1474 2683 1524 2715 M.
1578 2681 1651 2714 Sub

175 2727 260 2765 (Dio
276 2725 370 2757 Cass.
389 2728 444 2761 41,
467 2728 515 2757 17.
544 2725 693 2767 Appian.
713 2728 745 2760 2.
767 2727 821 2757 41.
847 2737 880 2767 p.
943 2727 1105 2758 libertatis
1140 2725 1282 2759 Vossius
1318 2726 1466 2769 intelligi
1501 2736 1653 2759 munere.

175 2772 253 2802 453.
301 2770 390 2801 Plut.
418 2769 504 2801 Caes.
537 2773 590 2802 85.
639 2770 757 2802 Florus
786 2774 819 2804 4.
848 2774 880 2809 2,
947 2769 1653 2813 Oudsedditlibertaev'sfimossiveoertos

175 2815 246 2853 21),
275 2813 401 2846 diceret
431 2825 468 2845 se
498 2820 652 2856 apertum
683 2824 703 2846 a
736 2814 878 2846 Lentulo
945 2825 1018 2845 csse
1045 2815 1156 2856 jubet.
1201 2815 1315 2848 Servat
1345 2822 1457 2848 tamen
1493 2815 1653 2853 libatam

176 2857 343 2889 invenisse
389 2859 527 2891 Vossius.
587 2859 639 2890 Dc
684 2858 880 2896 terroribus,
946 2857 1012 2890 i.e.
1032 2858 1066 2890 in
1084 2859 1288 2892 libertatem.
1332 2859 1377 2892 1-:1
1397 2864 1487 2892 tecte
1500 2857 1650 2900 quidem,

171 2902 302 2943 quibus
320 2901 395 2942 ipsa
412 2903 523 2934 Roma
541 2907 612 2934 tum
629 2902 800 2943 exagitata
815 2908 879 2941 est,
945 2901 974 2934 is
990 2902 1078 2934 enim
1103 2903 1271 2945 genitivus
1294 2904 1394 2948 plane
1417 2902 1474 2938 hic
1497 2901 1652 2937 insolen-

173 2947 242 2979 vid.
264 2945 330 2978 Dio
344 2945 440 2979 Cass.
464 2949 519 2986 41,
536 2948 656 2980 6-10.
679 2947 828 2990 Appiau.
847 2950 881 2986 2,
944 2956 1005 2980 nec
1021 2947 1262 2982 admittendus.
