1946 3261
589 167 706 212 LIB.
740 166 826 212 III.
890 166 1029 211 CAP.
1061 166 1254 212 77—79.

1590 169 1681 215 395

1360 295 1526 341 'Totius
1541 304 1689 341 autem

198 355 260 398 rei
285 355 510 399 consilium
543 355 607 399 his
629 356 872 399 rationibus
904 355 1171 414 explicabat,
1202 364 1269 406 ut,
1303 354 1337 399 si
1367 356 1599 414 Pompeius
1617 373 1688 401 eo-

196 413 297 457 dem
317 415 615 466 contenderet,
636 415 876 459 abductum
898 414 1022 457 illum
1042 430 1068 456 a
1097 415 1204 457 mari
1224 425 1358 472 atque
1380 415 1437 458 ab
1460 415 1509 459 iis
1536 416 1689 475 copiis,

195 490 303 531 quas
332 474 597 533 Dyrrhachii
625 481 970 533 comparaverat,
1008 474 1230 517 frumento
1265 491 1315 517 ac
1341 482 1583 519 commeatu
1612 475 1691 520 ab-

195 542 423 583 stractum,
445 533 541 592 pari
559 533 804 576 conditione
826 532 930 576 belli
947 548 1093 575 secum
1112 532 1337 575 decertare
1354 543 1557 592 cogeret:
1590 534 1625 577 si
1647 535 1692 579 in

198 592 371 635 Italiam
393 593 624 635 transiret:
657 593 891 651 conjuncto
924 591 1120 635 exercitu
1147 607 1247 634 cum
1270 592 1467 635 Domitio
1487 610 1563 652 per
1587 593 1691 655 Illy-

197 651 334 694 ricum
368 650 506 694 Italiae
532 651 724 694 subsidio
758 651 1136 709 proficisceretur;
1175 650 1239 693 sin
1273 650 1555 708 Apolloniam
1591 653 1692 697 Ori-

196 726 380 766 cumque
401 710 658 768 obpugnare
679 718 725 753 et
747 728 788 753 se
807 711 922 754 omni
951 709 1185 753 marituma
1206 725 1283 752 ora
1303 709 1535 753 excludere
1567 727 1692 756 cona.-

197 777 349 818 retum
380 769 551 812 obsesso
573 778 717 812 tamen
739 769 961 828 Scipione,
983 768 1221 812 necessario
1238 768 1364 811 illum
1379 770 1466 812 suis
1483 770 1693 816 auxilium

197 828 313 871 ferre
335 837 527 887 cogeret.
590 829 763 887 Itaque,
785 828 1010 887 praemissis
1038 828 1201 871 nunciis
1232 827 1289 870 ad
1314 828 1397 871 Cn.
1430 828 1693 880 Domitium,

200 888 343 931 Caesar
375 887 549 947 scripsit
587 897 649 937 et,
687 887 795 946 quid
831 888 924 931 fieri
962 887 1109 937 vellet,
1147 887 1359 930 ostendit:
1403 887 1694 947 praesidioque

199 946 446 1005 Apolloniae
467 946 723 991 cohortibus
740 956 949 1005 quatuor,
965 946 1074 989 Lissi
1094 963 1195 997 una,
1214 947 1355 991 tribus
1376 946 1498 990 Orici
1514 947 1695 1000 relictis,

198 1006 363 1065 quique
404 1015 529 1050 erant
568 1023 621 1050 ex
658 1006 917 1050 vulneribus
954 1006 1077 1065 aegri,
1117 1005 1346 1065 depositis,
1388 1022 1468 1065 per
1506 1006 1695 1065 Epirum

196 1073 330 1124 atque
353 1067 641 1109 Acarnaniam
672 1066 756 1109 iter
778 1067 920 1109 facere
939 1065 1090 1125 coepit.
1156 1066 1392 1125 Pompeius
1413 1081 1607 1124 quoque,
1639 1067 1695 1111 de

202 1126 381 1168 Caesaris
400 1126 577 1169 consilio
598 1126 849 1183 conjectura
861 1126 1075 1183 judicans,
1105 1124 1162 1168 ad
1187 1125 1437 1184 Scipionem
1457 1142 1696 1185 properan-

200 1183 308 1227 dum
323 1185 404 1228 sibi
427 1185 722 1235 existimabat,
754 1184 787 1228 si
808 1185 952 1228 Caesar
971 1185 1056 1227 iter
1076 1184 1153 1227 illo
1173 1183 1371 1234 haberet,
1394 1193 1443 1227 ut
1460 1185 1697 1230 subsidium

205 1243 399 1302 Scipioni
418 1245 579 1293 ferret;
612 1244 645 1286 si
665 1245 723 1287 ab
745 1260 821 1287 ora
850 1245 1081 1287 marituma
1104 1243 1344 1302 Oriciaque
1365 1243 1588 1288 discedere
1605 1245 1697 1289 nol-

202 1302 280 1352 let,
302 1303 421 1361 quod
446 1303 634 1362 legiones
653 1304 987 1361 equitatumque
1005 1319 1058 1345 ex
1081 1303 1210 1346 Italia
1225 1312 1517 1362 exspectaret,
1535 1304 1626 1363 ipse
1647 1314 1700 1349 ut

203 1363 404 1406 omnibus
422 1378 472 1406 co
509 1362 556 1405 iis
575 1363 818 1406 Domitium
837 1361 1175 1421 adgrederetur.

265 1421 334 1464 79.
369 1421 427 1465 Iis
454 1379 510 1464 die
543 1421 700 1464 caussis
735 1431 923 1479 uterque
959 1436 1110 1463 eorum
1146 1420 1361 1464 celeritati
1397 1420 1622 1472 studebat,
1651 1431 1700 1466 et

202 1480 289 1524 suis
312 1489 362 1523 ut
382 1490 492 1524 esset
511 1481 690 1530 auxilio,
725 1490 786 1530 et,
819 1481 874 1523 ad
896 1479 1205 1539 obprimendos
1226 1479 1514 1530 adversarios,
1547 1495 1600 1523 ne
1628 1497 1700 1525 oc-

203 1540 362 1584 casioni
391 1541 601 1599 temporis
626 1541 805 1584 deesset.
870 1539 959 1582 Sed
985 1540 1198 1582 Caesarem
1230 1539 1467 1598 Apollonia
1483 1556 1510 1582 a
1529 1539 1701 1584 directo

202 1599 358 1642 itinere
375 1609 620 1644 averterat:
659 1600 889 1658 Pompeius
911 1614 991 1658 per
1022 1599 1288 1641 Candaviam
1313 1598 1396 1641 iter
1425 1598 1468 1640 in
1493 1599 1701 1643 Macedo-

203 1658 319 1701 niam
338 1658 595 1718 expeditum
615 1659 820 1702 habebat.
885 1657 1079 1701 Accessit
1099 1657 1231 1700 etiam
1254 1673 1307 1699 ex
1334 1657 1555 1715 inproviso
1577 1659 1700 1702 aliud

203 1718 539 1768 incommodum,
577 1718 696 1777 quod
737 1717 974 1767 Domitius,
1015 1717 1091 1775 qui
1130 1716 1221 1760 dies
1262 1716 1509 1775 complures
1550 1719 1702 1762 castris

208 1777 425 1835 Scipionis
446 1786 588 1821 castra
609 1777 782 1821 conlata
802 1777 1036 1827 habuisset,
1067 1776 1128 1820 rei
1151 1776 1447 1820 frumentariae
1475 1792 1623 1820 caussa
1641 1778 1702 1821 ab

204 1852 256 1880 eo
275 1838 525 1881 discesserat
545 1847 590 1880 et
618 1837 892 1887 Heracleam,
913 1853 1011 1895 quae
1027 1846 1093 1880 est
1114 1836 1311 1894 subjecta
1333 1834 1585 1888 Candaviae,
1616 1838 1701 1882 iter

197 295 312 338 omni
344 295 567 339 celeritate
598 304 643 339 et
671 295 818 340 studio
841 296 1043 340 incitatus
1065 296 1308 340 ferebatur.

259 1952 461 1993 Obpuqnare
470 1958 499 1985 et
511 1964 556 1984 se.
585 1951 648 1984 alii
666 1952 875 1993 obpuqnaret
886 1958 917 1985 et

206 2006 253 2026 se.
269 2001 303 2026 et
323 1997 439 2037 paullo
451 2003 528 2029 ante
544 2008 663 2030 comm.
677 1998 887 2030 ‹nstv-actum.

259 2041 423 2082 Scipione.
439 2042 508 2073 vid.
526 2052 556 2073 c.
572 2042 626 2072 36.
661 2043 710 2073 M.
1035 2043 1079 2072 Er
1093 2044 1162 2073 suis
1178 2047 1215 2073 ut
1231 2046 1321 2072 essee.
1368 2040 1422 2073 Sic
1441 2040 1532 2073 Oud.
1561 2051 1580 2072 e
1597 2042 1700 2074 codd.

261 2084 319 2126 Et,
345 2086 428 2125 quial
454 2087 530 2125 fieri
558 2087 666 2117 rellet.
724 2084 851 2120 Scaliz.
888 2091 922 2117 et
992 2086 1104 2127 Vulgo
1124 2092 1159 2116 m
1176 2089 1244 2116 mix
1261 2091 1351 2117 esset.

214 2128 418 2161 recentiores
444 2131 565 2172 ecquid
603 2137 723 2161 contra
751 2130 852 2162 codd.
890 2136 923 2161 et
1035 2131 1224 2172 Apollonia,
1255 2130 1411 2162 voluntas
1441 2136 1477 2161 et
1516 2130 1702 2163 necessitas

211 2182 310 2204 usum
325 2173 481 2206 Caesaris.

988 2173 1137 2205 adeundi
1166 2174 1402 2215 Apolloniam.
1435 2175 1487 2207 De
1521 2175 1703 2208 Candavia

261 2218 299 2248 Sa*
323 2220 367 2249 ab
390 2229 462 2251 ora.
502 2217 621 2250 Davis.
649 2224 683 2250 et
710 2216 766 2250 hic
783 2217 922 2260 requirit

985 1952 1165 1994 geniosam
1183 1951 1349 1994 recipere.
1397 1951 1522 1983 Sensus
1535 1956 1587 1984 est
1606 1963 1683 1994 prae

987 2000 1103 2029 sertim
1119 1998 1163 2029 ab
1182 1998 1308 2028 Oricia.

989 2219 1058 2250 vid.
1074 2229 1105 2250 c.
1126 2220 1177 2250 ll.
1202 2219 1253 2250 M.

214 2263 278 2294 sin.
302 2261 366 2293 Sed
384 2274 415 2293 v.
433 2267 465 2302 2,
483 2268 514 2295 5.

261 2307 488 2349 Corcyraque.
534 2307 706 2339 Obfensus
731 2312 781 2338 est
808 2305 924 2338 Marc-

217 2350 334 2382 landus
359 2351 392 2382 in
420 2352 556 2395 Explic.
583 2357 663 2383 vett.
688 2356 777 2383 auct.
806 2362 840 2392 p.
858 2352 922 2382 274

217 2394 283 2426 hoc
311 2395 460 2436 nomine,
491 2396 617 2438 partim
649 2396 732 2437 quia
763 2395 797 2427 in
821 2396 923 2426 codd.

218 2450 304 2470 mire
349 2441 517 2480 variatum
579 2441 699 2482 partim
738 2440 819 2481 quia
856 2450 924 2471 non

217 2484 342 2523 Caesar,
356 2486 414 2517 sed
431 2485 618 2527 Pompeius
631 2486 815 2526 Corcyram
829 2489 926 2515 tenu-

185 2530 187 2533 ’
217 2528 293 2560 erit.
316 2531 364 2569 (v.
394 2540 424 2561 c.
454 2532 473 2560 7
499 2537 533 2561 et
561 2531 610 2570 8.)
632 2530 723 2571 Ergo
756 2528 824 2571 legi
855 2529 927 2560 vult

221 2574 414 2615 Officioque,
437 2580 473 2606 ut
500 2574 618 2606 Oricia
647 2574 692 2605 sit
714 2572 810 2614 regio
835 2573 926 2604 circa

221 2617 376 2650 Oricum.
407 2618 545 2651 Confert
561 2619 773 2660 Stephanum
788 2618 926 2658 Byzant.

221 2661 395 2706 in'ssgma'a,
411 2664 531 2705 etjure
551 2663 647 2702 dicit,
669 2663 838 2694 Caesarem
866 2661 926 2693 illo

219 2711 373 2748 tempore
388 2708 530 2740 Oricum
545 2707 706 2739 tenuisse.
738 2707 789 2738 M.
827 2706 927 2738 Conf.

220 2763 251 2783 c.
270 2756 323 2785 34.
360 2752 473 2784 Vossii
510 2753 619 2784 codex
648 2752 753 2784 habet
782 2752 927 2783 Oriecia-

221 2810 307 2840 (me,-
324 2797 455 2829 Petavii
477 2799 680 2839 Coriciaque.
706 2795 834 2839 Ὠξικίας
856 2796 924 2829 αἴας

223 2841 379 2874 meminit
393 2847 426 2873 et
446 2841 630 2882 Dionysius
646 2840 772 2882 perieg.
799 2851 832 2870 v.
850 2841 926 2872 399.

221 2887 342 2920 Nullus
357 2897 438 2928 ergo
454 2884 574 2919 dubito
590 2885 862 2918 emendationem
878 2883 928 2918 in-

1036 2264 1062 2294 A
1078 2263 1214 2295 ‹liz-ecto.
1237 2262 1298 2294 alii
1311 2263 1455 2295 ‹lit-ecca.

1039 2308 1255 2339 Heracleam.
1293 2307 1438 2339 Additur
1464 2308 1569 2346 vulgo
1595 2310 1704 2341 Senti-

991 2363 1078 2383 cam.
1124 2351 1245 2384 Livius
1271 2351 1342 2390 (45,
1371 2353 1429 2392 29)
1456 2359 1491 2384 et
1516 2352 1650 2386 Plinius
1668 2356 1700 2392 4,

995 2398 1034 2428 10
1064 2396 1150 2435 (17).
1201 2398 1367 2428 senticam
1397 2397 1615 2439 scripserunt.
1663 2399 1700 2430 ln

992 2441 1122 2472 (Jaesare
1151 2451 1172 2472 a
1202 2451 1305 2472 manu
1332 2440 1430 2472 scioli
1462 2442 1528 2473 hoc
1555 2442 1701 2474 verbum

991 2484 1143 2517 additum
1157 2483 1302 2516 videtur.
1327 2485 1416 2517 Nam
1433 2487 1609 2518 Heraclea
1624 2488 1702 2518 Sin.-

990 2532 1056 2561 tica
1086 2529 1230 2561 nimium
1274 2539 1295 2560 a
1341 2531 1520 2563 Candavia
1557 2536 1701 2563 remota.

993 2573 1165 2612 Quantum
1211 2573 1361 2615 spatium
1399 2580 1452 2606 est
1481 2575 1527 2606 ab
1566 2575 1701 2617 Illyrico

992 2624 1120 2657 monte,
1161 2617 1351 2658 Candavia,
1389 2620 1431 2650 ad
1479 2618 1625 2651 Bisaltas
1663 2619 1698 2652 in

992 2662 1148 2695 Thraciae
1164 2661 1327 2694 confinio.
1356 2661 1500 2704 Propior
1515 2663 1700 2696 Candaviae

993 2714 1051 2739 aut
1081 2706 1240 2748 contigua
1278 2708 1451 2739 Heraclea
1485 2707 1703 2750 Lyncestidss,

991 2762 1095 2794 quam
1113 2762 1178 2783 non
1198 2750 1317 2782 dubito
1332 2751 1499 2784 Caesarem
1514 2754 1571 2786 vel
1589 2753 1699 2795 scrip-

992 2797 1088 2835 sisse,
1118 2796 1172 2828 vel
1203 2795 1236 2826 in
1262 2795 1380 2827 animo
1406 2796 1580 2829 habuisse.
1625 2798 1700 2830 Nec

992 2841 1140 2874 vacabat
1158 2839 1339 2881 Pompeio,
1354 2841 1398 2872 ad
1413 2840 1536 2881 Sintos,
1554 2841 1701 2874 Bisaltas

992 2892 1027 2918 et
1055 2886 1267 2926 Strymonem
1291 2885 1489 2926 excurrere3
1523 2888 1580 2920 sed
1612 2887 1697 2920 belli
1751 2923 1757 2928 ,
