1946 3261
818 177 1238 227 LATINITATIS.
1695 189 1779 233 665

303 301 549 344 Κεάὶηιεῃνανε
587 305 755 344 animum,
793 308 824 344 2,
864 309 918 344 25,
953 309 1006 338 ¹27.

342 347 576 386 redinteyrare
591 351 704 390 copias
715 349 916 387 deminutas,
927 361 963 381 su
968 362 1007 391 p-

343 390 450 430 plere,
468 392 500 428 7,
515 393 553 422 31

298 433 424 464 Redi-re
449 434 496 465 ad
509 435 655 475 qladios,
680 446 740 468 eos
762 435 940 477 stringere,
963 436 1004 467 C.

344 478 374 511 3,
387 477 430 508 93

296 520 431 551 Reditio
448 521 594 558 domum,
623 525 650 560 1,
665 526 684 553 5

298 563 478 594 Reduc-ere.
495 565 563 595 vid.
578 566 620 596 ad
638 568 670 603 7,
686 567 725 596 72

299 607 438 646 Referre
454 607 495 638 (le
510 609 709 649 Republica,
724 610 762 640 C.
783 611 792 639 l
801 631 811 647 ,
831 611 859 640 1.
883 610 1006 650 refewe

335 653 516 690 pecuniam.
534 654 651 682 multoe
669 655 815 689 nomine,
837 653 898 684 das
916 655 1004 684 Gelil

339 693 390 722 als
423 693 532 733 Strafe
558 697 595 725 in
627 695 825 726 Einnalzme
854 697 1006 738 brinyen,

342 735 396 766 Af.
411 737 453 766 90

298 779 445 815 Reficere
471 782 592 821 copias,
622 780 807 813 inminutas
836 784 1005 824 supplere,

340 822 378 853 C.
395 826 426 861 3,
441 824 481 854 87

296 867 414 905 Κεφ-ς,
440 867 516 898 Rex
538 872 572 898 et
597 878 692 899 soror
712 869 795 910 ejus.
820 868 888 900 vid.
903 871 944 901 ad
962 869 1002 902 C.

338 912 369 947 3,
389 912 448 941 107

296 954 402 994 Remo
417 956 507 996 myri,
522 955 644 994 solum,
660 957 692 994 7,
710 957 747 986 13

294 997 454 1037 Reynum
469 1008 643 1041 occupare,
658 999 869 1040 tyrannidem
886 1000 1004 1032 adfec-

342 1045 423 1079 tare,
451 1044 478 1079 l,
496 1044 515 1071 3

296 1084 444 1124 Requia,
460 1086 499 1116 C.
518 1089 550 1124 2,
571 1088 607 1116 10

292 1127 443 1167 Reficere
456 1127 655 1169 (repellere)
681 1133 877 1172 equitatum,
907 1134 933 1171 1,
949 1135 1003 1164 24.

337 1171 393 1202 Sic
416 1174 553 1212 rejicere
574 1176 612 1203 ‘in
634 1175 762 1212 urbem,
785 1178 817 1212 2,
834 1177 888 1206 33.
912 1179 1005 1216 rejici

339 1219 541 1256 tempestate,
557 1216 597 1246 de
615 1216 770 1255 navibus,
788 1222 819 1256 5,
838 1222 869 1257 5,
887 1222 940 1251 23.
959 1220 1003 1250 cf.

339 1268 458 1290 cursus

295 1302 573 1342 Relanqaescere,
618 1306 678 1335 rel.
721 1307 868 1344 animus,
914 1306 1003 1338 vires

338 1345 474 1385 amittit,
500 1351 531 1384 2,
552 1349 589 1377 15

297 1390 470 1430 Reliqare,
506 1391 618 1430 figere,
655 1391 759 1422 fixum
800 1397 924 1431 tenere,
962 1404 1002 1425 ne

341 1433 449 1473 possit
470 1433 576 1473 elabi,
604 1434 644 1466 C.
667 1439 699 1473 2,
725 1438 756 1466 6.
780 1437 939 1478 adligare,
963 1439 1001 1469 C.

339 1481 370 1515 2,
387 1479 407 1508 9

295 1521 679 1562 Reliqiojurisjurandi,
703 1523 808 1556 officii
824 1526 1003 1557 necessitas

340 1565 556 1606 (obligatio),
584 1577 685 1606 quam
709 1568 812 1599 efficit
835 1569 1003 1611 jusjuran—

340 1608 434 1647 dum,
463 1609 500 1639 C.
521 1612 549 1648 l,
578 1612 633 1640 76.
657 1612 848 1652 reliqionos,
876 1615 1004 1652 omina,

339 1652 510 1693 auspicia,
526 1657 558 1692 5,
572 1656 603 1685 6.
620 1654 663 1685 cf.
679 1656 720 1685 ad
736 1657 767 1687 6,
780 1658 832 1687 37.
871 1657 1004 1688 Dicitur

338 1701 453 1727 autem
490 1707 629 1729 numero
668 1698 790 1738 plurali
820 1701 1005 1740 religyiones,

336 1739 418 1780 quia
444 1751 561 1771 omnes
580 1742 721 1772 omnino
738 1742 945 1775 caerimoniae
970 1751 1004 1776 et

338 1783 433 1814 modi
471 1785 692 1816 colendorum
729 1787 882 1825 deorum,
918 1798 1004 1829 quos

339 1836 472 1867 pagana
493 1828 613 1869 religio
630 1829 764 1868 habuit,
786 1830 887 1862 simul
905 1831 1003 1863 intel-

339 1870 504 1910 liguntur,
531 1878 675 1912 suntque
703 1873 789 1904 adeo
813 1876 1003 1915 reliqiones,

338 1923 455 1945 omnes
471 1921 581 1955 partes
596 1915 783 1956 religionis.
822 1919 1003 1950 Sacrorum

338 1958 499 1997 reliyione
521 1960 672 1999 aliquem.
695 1963 840 1999 precari,
863 1972 925 2001 per
947 1972 1004 1993 va-

338 2010 452 2030 sorum
463 2011 632 2032 sacrorum
646 2002 849 2043 religionem
861 2010 894 2035 et
907 2015 1004 2036 sanc-

337 2043 467 2074 titatem
482 2045 588 2075 alicui
607 2046 826 2078 reverentiam
850 2047 1003 2089 injicere,

339 2092 373 2117 et
390 2087 435 2118 ita
449 2098 517 2119 rem
535 2090 745 2129 persuadere,
770 2091 811 2120 A.
828 2093 868 2121 32

295 2131 511 2172 Relinquere,
533 2135 670 2164 animus
684 2144 762 2164 eum
778 2136 949 2176 relinquit,
972 2137 1002 2175 6,

338 2176 392 2205 38.
417 2176 504 2206 unde
520 2177 622 2216 vulgo
640 2180 749 2207 (mimi
763 2178 951 2219 deliquium

294 2217 488 2259 Reliquum,
511 2221 599 2251 m'lzil
618 2221 679 2251 sibi
700 2222 822 2262 rele'qai
837 2222 999 2263 fecerant,

339 2261 425 2294 nihil
461 2264 554 2304 quod
589 2263 749 2303 sac-erent,
783 2265 1000 2306 reliquerunt,

337 2309 369 2344 2,
389 2309 430 2337 26

295 2350 476 2382 Remittere
497 2352 613 2391 alicui,
639 2353 828 2384 concedere
854 2353 900 2392 ei,
926 2365 1001 2395 per-

338 2393 483 2432 mittere,
504 2406 571 2426 non
592 2407 746 2437 urguere,
768 2407 836 2428 non
854 2408 1000 2440 pugnare

338 2438 380 2468 de
398 2448 446 2477 re,
469 2440 500 2477 7,
516 2442 570 2471 20.
594 2442 759 2472 remittere
780 2442 928 2473 dolorem
941 2454 1000 2483 pe-

336 2484 456 2520 cmziae,
472 2488 607 2524 propter
622 2484 802 2525 pecuniam
812 2491 1001 2527 acceptam,

339 2526 379 2556 A.
397 2529 450 2556 55.
474 2526 519 2557 cf.
534 2529 723 2560 condonare

296 2569 540 2608 Remolcescere,
554 2571 767 2610 mollescere,
782 2575 813 2609 4,
828 2577 846 2604 2

293 2612 547 2653 Rempabcicam
561 2625 677 2656 (serere
698 2617 740 2647 de
755 2615 938 2656 militibus,
959 2618 999 2650 C.

343 2659 370 2694 1,
386 2659 405 2687 6

296 2700 489 2740 Romuleus,
516 2702 617 2741 funis,
643 2714 712 2744 quo
737 2703 835 2735 navis
857 2704 1000 2746 religata

337 2744 433 2776 alteri
446 2745 598 2777 trahitur.
631 2747 797 2779 Fortassis
809 2747 911 2780 etiam
926 2760 1000 2780 oiu-

337 2787 390 2821 nis
407 2788 626 2831 machinatio,
649 2792 692 2825 ad
710 2791 907 2826 trahendam
931 2793 997 2826 hoc

1119 311 1221 341 modo
1249 320 1367 343 navem
1395 310 1579 355 religatam,
1608 317 1780 350 remulcus

1118 352 1208 384 dicta
1228 360 1290 392 est,
1315 355 1354 386 C.
1372 359 1405 394 2,
1419 359 1474 389 23.
1502 361 1532 396 3,
1546 360 1600 390 40.
1621 360 1663 389 ad
1677 371 1781 400 quem

1119 396 1233 428 locum
1259 397 1412 438 Vossius,
1433 401 1574 432 fortasse
1587 402 1679 442 justo
1696 413 1780 443 ope-

1119 440 1243 478 rosius,
1270 441 1430 483 disputat.
1460 446 1500 475 A.
1521 447 1571 476 11.
1619 446 1689 477 Res
1706 457 1781 487 per-

1119 482 1238 521 spicue
1265 484 1412 526 intelligi
1433 493 1547 528 potest
1573 498 1592 519 e
1609 489 1731 530 Polyb.
1753 492 1781 527 1,

1117 527 1172 555 27.
1189 527 1269 558 coll.
1287 539 1317 558 c.
1334 531 1389 560 26.
1413 540 1491 562 nam
1506 542 1622 570 naves,
1644 542 1687 562 ex
1702 531 1782 564 aliis

1118 578 1183 608 ope
1205 570 1336 602 funium
1366 573 1524 614 religatae,
1553 575 1713 607 dicuntur
1735 576 1780 607 ab

1119 611 1173 642 his
1188 613 1432 655 ῥυμουλκεῖσθαι,
1447 619 1597 649 remulco
1611 618 1701 650 trahi

1074 655 1266 687 Renovalus
1287 661 1422 691 animus
1438 667 1516 701 post
1532 667 1702 701 terrorem,
1725 663 1780 696 Af.

1073 742 1322 782 Renumerare,
1344 746 1461 778 wieder
1490 747 1669 788 zuziimen,
1690 750 1729 782 C.
1748 752 1779 788 3,

1118 789 1159 817 53

1073 829 1300 870 Renunciare,
1315 831 1487 872 nunciare,
1507 836 1533 872 l,
1556 838 1607 867 10.
1631 837 1675 868 II.
1692 839 1734 868 35

1073 872 1243 913 Reperire,
1257 876 1459 915 comperire,
1488 879 1515 915 1,
1535 881 1586 910 18.
1602 883 1634 917 2,
1653 883 1703 911 14.
1726 893 1779 913 re·-

1111 919 1224 956 perire
1247 919 1452 959 (adquirere,
1473 921 1603 961 parare)
1634 924 1695 954 sibi
1721 935 1778 956 sa-

1116 960 1229 995 lutem,
1247 963 1275 998 l,
1291 964 1344 992 53.
1384 962 1438 994 Sic
1455 970 1488 994 et
1503 965 1629 1006 Graeqe,
1645 966 1781 1010 εὑρέσθαι

1114 1002 1248 1041 ἀγαθόν.
1279 1003 1348 1034 vid.
1368 1004 1571 1040 Valkenaer.
1601 1011 1644 1041 ad
1667 1012 1781 1043 Hero-

1115 1046 1185 1077 dot.
1202 1049 1234 1084 9,
1250 1048 1270 1077 6

1073 1089 1240 1130 Repetere,
1256 1091 1368 1123 denuo
1386 1099 1510 1133 petere,
1533 1100 1564 1134 5,
1580 1098 1622 1127 49

1071 1134 1256 1173 Κερυνίαν-ε
1269 1145 1302 1166 se
1325 1136 1372 1167 ad
1388 1139 1548 1178 aliquem,
1573 1140 1710 1178 reverti,
1733 1142 1778 1173 H.

1072 1221 1336 1262 Remoesemare,
1351 1223 1462 1256 facere
1473 1230 1550 1256 ante
1561 1226 1777 1260 constitutam

1115 1264 1218 1304 diem,
1239 1269 1266 1304 1,
1278 1269 1331 1298 40.
1347 1267 1456 1299 facere
1469 1268 1578 1307 illico,
1588 1269 1660 1301 sine
1673 1282 1778 1308 mora,

1119 1308 1170 1348 (ut
1200 1320 1250 1341 res
1275 1309 1348 1351 ipsa
1375 1318 1408 1342 et
1432 1311 1554 1344 veritas
1581 1313 1693 1344 statim
1719 1316 1780 1346 ad-

1116 1354 1262 1392 pareat),
1285 1356 1324 1385 A.
1342 1356 1383 1386 70

1072 1397 1266 1437 Reprimere
1281 1398 1419 1440 fuqam,
1440 1398 1593 1440 fugiendi
1612 1401 1715 1433 finem
1730 1401 1780 1433 fa-

1114 1451 1202 1479 cere,
1219 1444 1249 1480 3,
1268 1444 1305 1472 14

1072 1485 1273 1516 Rescz'mlere
1285 1491 1431 1527 pontem,
1450 1488 1479 1525 1,
1496 1489 1526 1517 7.
1543 1490 1574 1526 4,
1593 1490 1630 1518 19

1072 1528 1263 1560 [tesca—ibere
1278 1531 1398 1569 pedites
1421 1531 1468 1561 ml
1483 1541 1618 1572 equum,
1645 1543 1664 1562 e
1689 1538 1781 1565 cata-

1115 1571 1194 1612 logo
1207 1573 1357 1613 peditum
1374 1573 1407 1604 in
1420 1574 1571 1614 equitum
1585 1576 1778 1617 catalogum

1114 1616 1345 1654 transcribere,
1383 1617 1557 1658 equitibus
1587 1629 1780 1659 accensere,

1115 1660 1269 1700 equitum
1285 1661 1364 1692 loco
1382 1660 1424 1691 iis
1440 1660 1502 1700 uti,
1522 1664 1550 1700 1,
1565 1665 1605 1693 42

1072 1703 1208 1742 Ερεὶηα,
1230 1705 1275 1735 ΙΙ.
1292 1707 1334 1735 33

1073 1747 1240 1789 Respaere
1271 1749 1501 1787 conditionem,
1531 1760 1596 1782 non
1625 1751 1781 1792 probare,

1119 1793 1148 1830 1,
1164 1794 1203 1822 42

1073 1836 1294 1875 Restasynarffi
1320 1835 1444 1876 stagnis
1467 1837 1608 1877 plenum
1632 1848 1717 1878 esse,
1738 1840 1779 1872 C.

1114 1882 1146 1916 2,
1162 1882 1203 1910 24

1075 1922 1216 1955 Restitui
1247 1924 1407 1964 proelium
1437 1922 1571 1962 dicitur,
1600 1936 1689 1964 cum,
1718 1926 1778 1968 qui

1117 1968 1365 2006 propemodum
1387 1967 1515 1998 fuerant
1536 1968 1634 2007 victi,
1656 1981 1691 2001 se
1708 1972 1781 2002 col-

1117 2009 1236 2049 ligunt,
1253 2015 1286 2040 et
1305 2011 1462 2051 proelium
1479 2011 1675 2051 instaurant,
1696 2017 1721 2051 1,
1737 2017 1777 2045 53

1071 2053 1251 2085 Restitutio
1264 2055 1300 2084 in
1315 2056 1495 2096 antiquum
1507 2056 1618 2087 locam
1633 2058 1778 2096 honoris,

1118 2098 1147 2133 1,
1168 2099 1206 2126 18

1069 2141 1228 2171 Retiuoere'.
1242 2141 1311 2171 vid.
1327 2141 1368 2172 ad
1385 2142 1429 2172 H.
1447 2145 1466 2173 8

1071 2184 1280 2224 Retorqzteri,
1295 2190 1472 2216 retrorsum
1489 2185 1548 2225 ire,
1569 2186 1608 2218 C.
1630 2189 1658 2225 l,
1676 2190 1717 2219 69

1071 2228 1243 2258 Recine-ire
1270 2238 1447 2267 ancoram,
1476 2230 1635 2271 adligare,
1663 2234 1692 2269 3,
1724 2234 1775 2263 13.

1111 2273 1273 2302 revincire
1288 2272 1407 2310 trabes,
1423 2274 1615 2313 copulando
1631 2274 1776 2313 firmare,

1112 2317 1145 2352 4,
1179 2316 1230 2346 17.
1263 2316 1294 2352 7,
1315 2318 1369 2346 23.
1401 2316 1444 2346 cf.
1478 2319 1507 2355 7,
1536 2319 1588 2348 73.
1621 2318 1681 2349 ubi
1712 2324 1775 2358 est,

1111 2358 1225 2399 figere,
1237 2358 1366 2390 firmare

1069 2403 1247 2440 Rei-ocare,
1263 2413 1418 2441 avocare,
1435 2405 1467 2439 3,
1483 2405 1517 2434 17

1069 2446 1204 2484 ΗΙιθάη,
1232 2445 1342 2477 minus
1371 2446 1569 2480 vehiculum
1601 2449 1772 2482 Gallorum

1111 2494 1145 2521 et
1161 2490 1414 2529 Germanorum,
1441 2493 1468 2530 1,
1483 2495 1522 2524 51

1067 2534 1257 2572 Rhenones,
1270 2536 1302 2572 6,
1317 2536 1371 2565 21.
1388 2540 1420 2565 et
1434 2543 1504 2566 not.
1519 2537 1562 2568 ad
1579 2547 1610 2567 c.
1626 2539 1669 2567 26

1067 2578 1217 2618 Rogare.
1250 2578 1303 2609 Cf.
1317 2584 1573 2611 sacramentum

1067 2621 1191 2652 Rostra
1205 2623 1371 2662 imponere
1384 2623 1528 2654 navibus
1542 2626 1716 2662 actuariis,
1729 2625 1771 2656 A.

1112 2667 1165 2695 44.
1189 2665 1363 2703 discutere,
1377 2665 1538 2706 frangere,
1559 2668 1600 2698 A.
1617 2669 1658 2698 46

1067 2709 1198 2746 Rudas,
1221 2709 1263 2739 A.
1282 2710 1310 2740 1.
1336 2709 1381 2739 Η.
1398 2712 1417 2739 8

1068 2752 1200 2789 Ruina,
1223 2761 1323 2783 casus
1338 2763 1469 2791 eorum,
1490 2753 1548 2795 qui
1564 2754 1654 2787 alius
1668 2767 1771 2799 super

1110 2795 1215 2829 aliurn
1230 2795 1500 2839 praecipitantur,
1521 2799 1563 2831 A.
1579 2801 1618 2831 31
