1946 3261
656 238 774 283 LIB.
837 239 976 284 CAP.
1007 239 1198 285 58-61.
1604 241 1689 285 459

201 382 288 410 esse
321 366 401 409 Cn.
427 365 620 426 Pompeii
647 367 818 410 nomine
849 375 895 411 et
921 368 1152 418 mem01·ia;
1182 375 1359 427 tamque
1380 368 1576 413 omnibus
1599 369 1691 413 Cae-

201 424 393 475 sarianis,
422 442 551 484 quam
575 426 862 485 Pompeianis,
896 427 1141 485 Longinum
1162 443 1250 471 esse
1272 429 1316 471 in
1336 429 1457 478 odio;
1490 444 1627 486 neque
1648 445 1690 472 se

203 492 479 534 conventum,
521 501 656 543 neque
696 486 762 528 M.
798 485 1058 528 Marcellum
1095 495 1250 528 contra
1286 487 1463 530 Caesaris
1500 502 1690 530 caussam

201 559 323 602 posse
345 543 607 602 perducere;
640 559 795 588 nomen
817 544 1011 603 Pompeii
1028 560 1080 586 ex
1096 545 1226 587 scutis
1242 545 1544 595 detraxerunt,
1567 547 1689 589 Mar-

201 602 372 651 cellum,
413 603 490 658 qui
531 618 574 644 se
615 602 792 645 Caesaris
832 619 1022 646 caussam
1060 602 1341 646 defensurum
1380 605 1689 662 profitebatur,

199 660 353 704 ducem
384 660 672 710 adsciverunt,
710 662 1033 720 Praetoremque
1053 661 1334 720 adpellarunt.
1363 671 1405 705 et
1428 674 1691 708 conventum

200 720 281 761 sibi
300 718 592 776 adjunxerunt
612 728 838 779 castraque
858 722 913 764 ad
938 720 1193 764 Cordubam
1210 729 1463 779 posuerunt.
1518 723 1690 767 Cassius

200 792 251 820 eo
282 777 415 819 biduo
447 777 620 822 circiter
652 788 841 837 quatuor
871 780 991 822 milia
1024 795 1226 838 passuum
1258 795 1284 822 a
1319 780 1542 829 Corduba,
1581 782 1691 825 citra

201 836 357 878 flumen
380 836 550 887 Baetim,
582 837 625 880 in
646 838 795 896 oppidi
816 847 1065 897 conspectu,
1095 839 1191 881 loco
1209 838 1378 881 excelso
1399 839 1503 881 facit
1524 848 1687 889 castra;

198 895 368 938 litteras
389 895 446 938 ad
470 896 637 953 Regem
660 897 887 955 Bogudem
919 899 962 940 in
987 897 1299 940 Mauritaniam
1327 905 1372 940 et
1391 897 1448 940 ad
1473 898 1539 940 M.
1562 898 1691 956 Lepi-

199 953 307 996 dum
343 955 649 998 Proconsulem
680 956 723 998 in
750 956 1003 1015 Hispaniam
1034 956 1281 999 citeriorem
1311 957 1465 1005 mittit,
1497 957 1691 1001 subsidio

199 1012 279 1056 sibi
302 1013 624 1071 provinciaeque
648 1015 829 1058 Caesaris
850 1031 998 1058 caussa
1015 1015 1339 1074 quamprimum
1356 1016 1537 1058 veniret.
1593 1016 1691 1074 Ipse

199 1071 346 1114 hostili
366 1073 496 1115 modo
520 1073 868 1116 Cordubensium
888 1090 1016 1132 agros
1037 1083 1194 1124 vastat,
1213 1074 1391 1117 aedifieia
1410 1074 1614 1118 incendit.

259 1130 329 1172 60.
366 1132 503 1189 Cujus
525 1133 588 1174 rei
608 1133 889 1175 deformitate
917 1142 1049 1192 atque
1073 1133 1332 1191 indignitate
1357 1134 1562 1191 legiones,
1593 1150 1692 1192 quae

203 1189 468 1233 Marcellum
487 1191 569 1234 sibi
592 1192 763 1234 Ducem
784 1202 1007 1251 ceperant,
1030 1192 1084 1234 ad
1103 1209 1202 1234 eum
1220 1202 1552 1243 concurrerunt,
1575 1201 1626 1235 ut
1649 1194 1692 1236 in

201 1248 336 1291 aciem
356 1249 662 1300 educerentur,
695 1252 903 1309 priusque
936 1250 1196 1308 confligendi
1228 1251 1309 1294 sibi
1340 1259 1530 1309 potestas
1551 1252 1691 1302 fieret,

200 1323 331 1365 quam
354 1324 452 1350 cum
472 1316 595 1351 tanta
617 1311 879 1352 contumelia
901 1311 1171 1353 nobilissimae
1200 1310 1512 1367 carissimaeque
1533 1327 1693 1368 posses-

201 1367 337 1408 siones
361 1367 709 1410 Cordubensium
732 1368 773 1410 in
795 1376 1032 1426 conspectu
1051 1384 1127 1410 suo
1149 1369 1328 1426 rapinis,
1351 1369 1485 1418 ferr0,
1505 1370 1692 1412 flamma-

201 1441 288 1483 que
310 1434 676 1468 consumerentur.
727 1427 981 1471 Marcellus,
1001 1443 1136 1484 quum
1155 1427 1387 1483 confligere
1405 1427 1692 1471 miserrimum

204 1492 398 1543 putaret,
433 1485 551 1541 quod
582 1494 626 1527 et
646 1485 823 1527 victoris
859 1493 902 1527 et
931 1485 1034 1528 victi
1068 1485 1376 1528 detrimentum
1405 1485 1460 1527 ad
1492 1486 1694 1531 eumdem

205 1542 418 1585 Caesarem
457 1551 567 1585 esset
606 1542 971 1592 redundaturum
1014 1560 1153 1602 neque
1190 1561 1277 1587 suae
1315 1545 1542 1601 potestatis
1581 1562 1692 1595 esse:

202 1601 393 1658 legiones
434 1601 588 1644 Baetim
628 1601 886 1651 transducit,
928 1611 1060 1660 atque
1101 1602 1237 1644 aciem
1279 1602 1469 1644 instruit.
1546 1605 1694 1654 Quum

205 1660 398 1703 Cassium
416 1669 565 1703 contra
582 1675 664 1719 pro
678 1661 763 1703 suis
781 1661 929 1703 castris
946 1662 1079 1703 aciem
1094 1661 1341 1703 instruxisse
1360 1661 1454 1703 loco
1471 1663 1693 1719 superiore

203 1719 384 1767 videret,
406 1735 555 1762 caussa
569 1720 841 1778 interposita,
858 1720 976 1777 quod
993 1721 1025 1763 is
1043 1719 1086 1762 in
1102 1736 1275 1777 aequum
1295 1735 1380 1762 non
1399 1720 1693 1775 descenderet,

207 1777 446 1820 Marcellus
486 1779 699 1821 militibus
741 1778 992 1837 persuadet,
1031 1787 1082 1822 ut
1122 1795 1166 1821 se
1205 1779 1248 1822 in
1289 1788 1430 1822 castra
1463 1780 1691 1838 recipiant.

206 1836 363 1894 Itaque
401 1837 543 1895 copias
574 1838 780 1880 reducere
815 1838 960 1896 coepit.
1025 1838 1211 1888 Cassius,
1245 1854 1334 1895 quo
1366 1839 1480 1882 bono
1501 1840 1694 1890 valebat,

206 1895 556 1954 Marcellumque
606 1896 822 1939 infirmum
872 1914 960 1940 esse
1004 1897 1185 1947 sciebat,
1228 1897 1452 1955 adgressus
1492 1899 1694 1955 equitatu

204 1954 459 2012 legionarios
495 1972 540 1998 se
576 1956 847 2014 recipientes,
886 1956 1129 2014 complures
1160 1957 1405 1998 novissimos
1436 1957 1479 1998 in
1506 1957 1693 2001 fluminis

204 2013 309 2070 ripis
329 2013 548 2056 interficit.
601 2015 748 2064 Quum
765 2015 846 2058 hoc
862 2014 1140 2064 detrimento,
1158 2014 1266 2072 quid
1283 2014 1492 2057 transitus
1511 2015 1694 2059 fluminis

205 2071 301 2113 vitii
320 2072 674 2131 difficultatisque
694 2073 892 2123 haberet,
913 2074 1135 2131 cognitum
1150 2082 1274 2123 esset,
1299 2074 1537 2117 Marcellus
1554 2083 1695 2118 castra

209 2129 365 2172 Baetim
386 2131 610 2181 transfert,
628 2132 870 2190 crebroque
889 2141 1075 2189 uterque
1096 2132 1286 2190 legiones
1307 2133 1349 2174 in
1369 2133 1502 2174 aciem
1519 2132 1690 2184 educit;

207 2204 348 2245 neque
372 2197 514 2232 tamen
535 2190 786 2248 confligitur
809 2200 993 2249 propter
1015 2191 1211 2235 locorum
1232 2191 1524 2234 difficultates.
1587 2242 1589 2244 ι

269 2248 339 2290 61.
374 2248 483 2290 Erat
502 2250 638 2308 copiis
665 2249 937 2307 pedestribus
964 2251 1102 2292 multo
1137 2250 1302 2293 firmior
1327 2250 1584 2293 Marcellus:
1619 2252 1693 2294 ha-

207 2306 342 2349 bebat
376 2307 489 2350 enim
514 2316 739 2351 veteranas
771 2309 1008 2367 multisque
1045 2309 1211 2368 proeliis
1251 2318 1451 2368 expertas
1487 2311 1691 2369 legiones.

211 2365 381 2408 Cassius
400 2365 498 2409 fidei
518 2367 668 2426 magis,
699 2384 830 2425 quam
850 2368 1008 2411 virtuti
1039 2368 1262 2427 legionum
1283 2367 1542 2412 confidebat.
1606 2369 1693 2412 Ita-

257 2506 307 2537 M.
332 2506 542 2546 Marcellum,
570 2507 774 2549 cognomine
807 2508 919 2539 AEser-

209 2550 341 2588 ninum,
367 2550 579 2588 Quaestorem
604 2552 801 2594 provinciae.
848 2552 917 2583 Dio

210 2594 304 2626 Cass.
322 2595 344 2625 l.
362 2595 386 2626 l.

260 2639 503 2670 Educerentur.
563 2640 645 2671 Post
676 2639 741 2671 hoc
776 2639 917 2672 verbum

212 2683 315 2724 vulgo
339 2683 473 2714 additur
499 2689 610 2721 orant,
631 2685 722 2725 quod
745 2694 852 2725 neque
876 2685 917 2715 ad

211 2738 312 2758 usum
342 2727 501 2768 loquendi
534 2738 621 2769 opus
652 2733 714 2765 est,
745 2737 854 2769 neque
885 2728 918 2759 in

213 2772 311 2803 codd.
329 2771 428 2802 bonis
442 2776 560 2803 exstat.
585 2773 634 2803 M.

262 2818 341 2847 Suae
365 2821 433 2856 pot.
458 2826 535 2847 esse.
580 2816 629 2846 Ita
659 2815 748 2847 Scal.
795 2815 859 2847 Sed
883 2816 918 2848 in

215 2861 316 2891 codd.
348 2865 381 2890 et
404 2860 480 2891 edd.
503 2864 570 2891 vet.
592 2865 684 2899 esset,
711 2861 803 2901 quod
832 2861 921 2892 male

217 2905 339 2944 probat
363 2903 472 2936 Jurin.
502 2904 553 2936 sic
579 2903 672 2937 enim
699 2904 733 2936 «rb
759 2915 828 2937 suae
854 2915 921 2937 non

216 2947 424 2981 conveniret.

1031 2510 1102 2544 Quo
1128 2509 1210 2542 bono
1240 2509 1387 2541 valebat.
1432 2510 1488 2542 Sic
1513 2509 1595 2541 libri
1620 2521 1692 2542 me-

985 2552 1107 2584 liores:
1140 2561 1191 2584 est
1216 2564 1297 2595 ergo
1327 2553 1466 2591 bonum,
1495 2565 1563 2594 quo
1588 2555 1692 2592 valet,

985 2597 1165 2638 equitatus.
1212 2598 1276 2629 Sed
1297 2599 1395 2628 codd.
1419 2598 1493 2636 alii,
1522 2608 1585 2639 quo
1612 2599 1692 2630 bene

985 2642 1130 2677 valebat,
1145 2651 1248 2682 quam
1268 2642 1456 2673 lectionem
1471 2651 1536 2672 non
1555 2653 1692 2683 spreve-

985 2685 1062 2717 rim.
1120 2685 1285 2716 Cellarius
1322 2696 1402 2717 vero
1440 2696 1505 2716 non
1543 2686 1692 2719 debebat

985 2730 1095 2767 edere,
1133 2732 1192 2770 qui
1219 2730 1299 2760 bene
1327 2730 1471 2768 valebat,
1508 2730 1604 2771 quasi
1634 2731 1691 2763 hic

985 2780 1199 2814 quaereretur,
1222 2783 1264 2803 an
1280 2773 1472 2804 vulneratus
1490 2784 1595 2815 nuper
1609 2774 1692 2806 Cas-

987 2817 1058 2848 sius
1088 2817 1148 2857 (cf.
1173 2827 1248 2858 cap.
1271 2817 1341 2856 52.)
1369 2817 1609 2850 convaluisset.
1639 2820 1690 2850 M.

988 2861 1075 2892 Heic
1099 2862 1222 2893 bonum
1243 2861 1312 2892 fere
1337 2860 1445 2894 simili
1467 2863 1570 2895 modo
1585 2863 1691 2895 sumi-

988 2911 1054 2946 tur,
1070 2911 1106 2937 ut
1120 2916 1220 2948 supra
1236 2916 1267 2938 c.
1287 2907 1338 2937 12.
