1946 3261
667 158 786 205 LIB.
818 157 857 203 Ι.
921 158 1061 204 CAP.
1092 149 1282 203 67-70.
1618 155 1706 207 299

221 287 368 349 copias
387 287 538 333 castris
556 287 732 338 educit:
763 302 1011 348 magnoque
1038 287 1223 331 circuitu
1256 288 1379 332 nullo
1398 296 1522 334 certo
1550 287 1705 334 itinere

219 348 458 392 'exercitum
479 348 601 392 ducit
619 364 628 390 :
661 364 780 400 nam,
801 364 900 407 quae
918 348 1072 390 itinera
1087 347 1144 389 ad
1162 347 1340 392 Iberum
1359 355 1493 407 atque
1512 350 1706 408 Octoge-

220 424 310 450 sam
342 408 642 466 pertinebant,
665 408 815 450 castris
835 407 1024 450 hostium
1044 407 1254 464 obpositis
1275 408 1552 451 tenebantur.
1615 408 1706 468 Ipsi

220 475 348 510 erant
383 466 736 511 transcendendae
771 466 907 510 valles
946 465 1143 508 maximae
1177 481 1228 508 ac
1265 466 1532 511 difficillimae
1549 482 1562 518 ;
1602 483 1709 511 saxa

222 525 372 569 multis
393 526 498 569 locis
519 535 750 585 praerupta
778 526 862 569 iter
889 523 1172 584 inpediebant
1193 539 1204 572 ;
1236 533 1286 566 ut
1313 541 1433 568 arma
1453 543 1533 586 per
1553 542 1708 571 manus

221 585 457 627 necessario
489 584 821 628 transderentur
840 584 1084 641 militesque
1113 582 1266 625 inermi
1297 585 1602 644 sublevatique
1631 586 1706 630 alii

221 643 280 687 ab
300 643 394 686 aliis
413 658 612 701 magnam
630 652 802 702 partem
823 644 988 687 itineris
1007 641 1282 685 conficerent.
1352 643 1443 685 Sed
1459 644 1573 688 hunc
1588 646 1709 689 labo-

223 718 322 744 rum
343 703 573 745 recusabat
594 718 735 754 nemo,
760 702 883 761 quod
904 718 1004 745 eum
1023 701 1211 744 omnium
1240 701 1439 744 laborum
1467 702 1595 746 finem
1615 705 1712 749 fore

220 760 543 811 existimabant,
571 761 605 804 si
639 761 806 805 hostem
833 762 961 806 Ibero
984 760 1275 804 intercludere
1296 769 1342 804 et
1367 761 1588 806 frumento
1609 780 1710 822 pro-

220 818 370 864 hibere
389 821 645 879 potuissent.

280 879 350 922 69.
384 881 451 922 Ac
471 880 612 939 primo
629 879 858 923 Afraniani
873 878 1032 923 milites
1043 878 1209 923 visendi
1226 894 1376 922 caussa
1393 878 1479 922 laeti
1495 895 1549 923 ex
1561 881 1711 925 castris

219 940 541 998 procurrebant
562 940 970 997 contumeliosisque
991 939 1173 982 vocibus
1202 939 1601 998 prosequebantur,
1633 956 1712 985 nec

220 1013 306 1042 non
331 1005 360 1024 “
382 999 609 1042 necessarii
629 999 769 1042 victus
804 998 951 1057 inopia
987 1007 1158 1042 coactos
1191 1000 1348 1057 fugere
1369 1005 1503 1056 atque
1522 998 1579 1041 ad
1602 998 1710 1042 Iler·

219 1065 250 1083 “
274 1056 374 1100 dam
394 1058 557 1101 reverti
576 1060 616 1100 :''
645 1059 730 1101 erit
749 1059 862 1101 enim
886 1059 969 1101 iter
990 1073 1016 1100 a
1037 1058 1266 1117 proposito
1286 1056 1510 1100 diversum
1539 1066 1712 1102 contra-

215 1117 416 1175 riamque
437 1117 481 1160 in
504 1126 675 1176 partem
697 1118 747 1160 iri
771 1117 1022 1161 videbatur.
1086 1117 1230 1160 Duces
1262 1132 1368 1160 vero
1399 1132 1553 1160 eorum
1583 1133 1709 1162 suum

218 1176 443 1219 consilium
465 1177 667 1221 laudibus
696 1177 915 1226 ferebant,
938 1175 1059 1235 quod
1080 1193 1123 1219 se
1151 1176 1301 1220 castris
1323 1176 1578 1226 tenuissent,
1597 1177 1710 1220 mul-

219 1244 402 1294 tumque
422 1252 575 1279 eorum
593 1236 842 1296 opinionem
861 1236 1118 1295 adjuvabat,
1138 1235 1258 1293 quod
1293 1235 1382 1278 sine
1413 1235 1621 1294 jumentis
1646 1236 1709 1279 in-

218 1293 564 1353 pedimentisque
608 1295 665 1338 ad
708 1295 791 1338 iter
832 1297 1054 1354 profectos
1089 1295 1317 1344 videbant,
1355 1303 1423 1345 ut,
1467 1311 1552 1338 non
1586 1301 1708 1354 posse

217 1352 382 1397 diutius
402 1353 591 1412 inopiam
613 1354 839 1404 sustinere,
870 1353 1153 1397 confiderent.
1219 1354 1324 1402 Sed,
1362 1353 1441 1397 ubi
1477 1354 1710 1413 paullatim

216 1413 466 1472 retorqueri
501 1429 658 1472 agmen
696 1413 754 1456 ad
774 1414 974 1456 dextram
994 1420 1332 1472 conspexerunt,
1350 1412 1527 1472 jamque
1546 1413 1709 1472 primos

215 1488 425 1531 superare
447 1473 667 1531 regionem
683 1482 924 1516 castrorum
942 1473 1132 1516 animum
1144 1472 1449 1521 adverterunt,
1466 1487 1591 1516 nemo
1611 1481 1711 1516 erat

213 1530 325 1575 adeo
347 1530 498 1574 tardus
518 1539 595 1574 aut
613 1532 785 1590 fugiens
805 1532 982 1584 laboris,
1004 1531 1110 1590 quin
1126 1531 1273 1574 statim
1294 1529 1447 1574 castris
1463 1531 1708 1576 exeundum

214 1598 347 1648 atque
380 1591 693 1634 occurrendum
727 1599 950 1650 putarent.
1015 1591 1324 1633 Conclamatur
1342 1589 1399 1631 ad
1421 1605 1545 1633 arma
1573 1599 1707 1649 atque

212 1665 360 1693 omnes
374 1649 524 1708 copiae,
542 1650 691 1708 paucis
707 1650 907 1709 praesidio
921 1649 1084 1692 relictis
1097 1648 1365 1699 cohortibus,
1388 1658 1551 1693 exeunt
1568 1660 1707 1693 recto-

214 1724 300 1766 que
321 1708 379 1752 ad
401 1708 579 1752 Iberum
602 1708 757 1752 itinere
778 1709 1061 1752 contendunt.

275 1768 347 1811 70.
382 1768 491 1811 Erat
511 1767 553 1811 in
574 1769 799 1812 celeritate
821 1785 945 1811 omne
969 1768 1160 1827 positum
1193 1776 1430 1818 certamen,
1462 1767 1553 1811 utri
1587 1768 1710 1828 prius

213 1827 435 1886 angustias
476 1837 732 1888 montesque
773 1837 1036 1887 occuparent
1061 1843 1070 1869 :
1124 1826 1200 1870 sed
1244 1827 1484 1870 exercitum
1529 1828 1711 1872 Caesaris

214 1886 385 1930 viarum
427 1885 705 1931 difficultates
747 1887 983 1931 tardabant
1008 1902 1018 1935 ;
1073 1886 1248 1930 Afranii
1297 1886 1446 1946 copias
1484 1887 1709 1944 equitatus

218 1946 398 1990 Caesaris
419 1946 646 2005 insequens
666 1948 933 1990 morabatur.
998 1946 1088 1989 Res
1106 1954 1247 1988 tamen
1271 1947 1327 1989 ab
1350 1945 1599 1989 Afranianis
1620 1945 1708 1990 huc

215 2014 313 2049 erat
334 2006 571 2049 necessario
593 2006 795 2057 deducta,
813 2016 879 2057 ut,
898 2007 930 2049 si
952 2006 1117 2066 priores
1136 2005 1312 2055 montis,
1341 2021 1450 2062 quos
1480 2005 1708 2063 petebant,

215 2064 487 2123 adtigissent‚
522 2065 605 2124 ipsi
627 2066 873 2124 periculum
895 2066 1103 2114 vitarent,
1138 2064 1439 2123 inpedimenta
1470 2064 1606 2107 totius
1637 2081 1708 2108 ex-

215 2123 377 2166 ercitus
411 2123 711 2183 cohortesque,
749 2125 794 2168 in
827 2125 976 2168 castris
997 2124 1183 2173 relictas,
1213 2139 1386 2166 servare
1408 2138 1494 2166 non
1517 2133 1708 2181 possent,

214 2183 392 2240 quibus,
433 2183 677 2227 interclusis
721 2184 917 2228 exercitu
952 2183 1146 2233 Caesaris,
1186 2183 1398 2226 auxilium
1438 2182 1544 2226 ferri
1584 2184 1709 2227 nulla

216 2241 594 2302 rationepoterat.
660 2244 863 2287 Confecit
881 2243 1003 2303 prior
1023 2243 1109 2286 iter
1131 2243 1276 2286 Caesar
1292 2251 1444 2300 atque,
1465 2257 1520 2285 ex
1540 2244 1709 2301 magnis

215 2301 400 2360 rupibus
416 2311 566 2346 nactus
580 2302 823 2365 planitiem,
840 2303 884 2346 in
902 2302 982 2345 hac
998 2312 1151 2345 contra
1168 2301 1338 2346 hostem
1357 2301 1493 2345 aciem
1513 2301 1707 2346 instruit.

994 2396 1137 2429 videtur.
1168 2396 1258 2429 Oud.
1272 2402 1368 2439 putat
1377 2395 1554 2428 subaudiri
1566 2407 1625 2428 nec
1636 2407 1706 2430 non

993 2442 1161 2475 (licebant.

1039 2488 1202 2519 Animum
1217 2487 1447 2519 adverterunt.
1467 2483 1525 2517 alii
1542 2485 1702 2517 animad-

992 2537 1175 2563 renerum.

1040 2577 1146 2607 Nemo
1157 2580 1379 2617 ——putarem
1396 2575 1477 2606 Haec
1494 2573 1702 2606 constructio

265 2396 372 2435 Nam,
387 2407 462 2438 quae
476 2400 612 2430 iti-nera.
642 2397 697 2429 Sic
713 2398 814 2430 codd.
829 2397 923 2430 boni.

219 2438 333 2481 Vulgo
348 2451 497 2483 namque
511 2445 643 2481 itinera,
658 2453 747 2484 quoe.

269 2484 485 2526 Dq'fficdlimae
498 2499 514 2524 ;
565 2497 666 2518 saara.
728 2485 799 2519 Alii
837 2487 925 2518 male

223 2529 426 2571 rlg'ffict’liima
443 2540 542 2562 samo.

265 2574 410 2604 Jnermi.
421 2573 484 2605 alii
500 2576 651 2606 inermes.

264 2618 334 2649 Nec
356 2626 425 2648 non
447 2628 466 2649 e
491 2619 592 2649 codd.
625 2618 749 2651 Paucis
771 2618 923 2650 additum

216 2666 278 2694 est.
304 2659 501 2694 Omiseram
531 2663 608 2694 edd.
633 2664 726 2704 vulg.
765 2664 828 2695 Sed
845 2674 923 2695 cum

215 2705 276 2738 alii
292 2705 392 2737 codd.
410 2717 472 2747 pro
499 2706 561 2739 illo
591 2718 651 2739 nec
679 2719 747 2740 mm
778 2708 925 2740 habeant

217 2762 274 2782 nos
289 2756 350 2782 aut
367 2751 445 2783 hos.-
475 2758 595 2793 putem
622 2753 825 2794 legendum:
847 2764 926 2795 pro-

214 2795 447 2837 sequebantur·
455 2802 596 2834 nostros,
619 2799 798 2828 necessarii
812 2814 857 2821 -—
871 2814 926 2827 —.

218 2840 270 2871 M.
299 2839 376 2871 Hoc
394 2840 580 2872 admodum
605 2840 689 2873 mihi
714 2841 927 2883 probandum

992 2619 1084 2651 bona
1107 2626 1141 2651 et
1165 2619 1303 2651 usitata.
1342 2618 1424 2650 Vid.
1443 2618 1533 2650 Oud.
1548 2618 1592 2649 ad
1606 2618 1701 2650 Suet.

994 2664 1065 2695 Jul.
1082 2665 1136 2696 75.
1182 2664 1298 2705 Vulgo
1312 2668 1460 2706 putaret,
1485 2663 1578 2704 quod
1595 2663 1701 2695 Bent-

994 2708 1081 2740 leius
1097 2707 1259 2740 defendit.

1043 2754 1115 2794 Ipsi
1133 2750 1306 2793 (quidem)
1326 2763 1400 2793 per.
1424 2753 1582 2790 vitarent,
1610 2752 1702 2791 (sed)

996 2797 1108 2839 inpezl.
1124 2807 1256 2828 sert-are
1269 2806 1338 2828 non
1349 2801 1493 2837 possent.
1524 2797 1575 2828 M.

1043 2842 1099 2872 Ex
1120 2843 1254 2883 magnis
1275 2840 1428 2882 rupibus.
1448 2839 1474 2872 i.
1490 2851 1521 2872 e.
1538 2843 1702 2882 superatis

996 2897 1042 2918 m.
1056 2895 1135 2927 τηρ.
1147 2884 1386 2928 Gronov50bs.
1404 2888 1434 2924 4,
1455 2886 1506 2918 10.
1522 2885 1701 2918 Cellarius.
