1946 3261
574 233 691 276 LIB.
726 232 810 277 III.
877 232 1016 277 CAP.
1055 231 1154 284 102,
1193 231 1291 276 103.
1560 232 1640 274 411

154 368 320 422 posset:
365 367 425 412 et,
446 367 844 419 quantumcumque
865 359 1031 404 itineris
1053 359 1254 417 equitatu
1268 357 1436 402 efficere
1453 365 1643 416 poterat,

154 420 350 481 quotidie
371 420 760 478 p1·ogrediebatur;
802 420 1103 477 legionemque
1121 434 1249 460 unam
1268 417 1505 460 minoribus
1525 417 1647 460 itine-

153 481 272 523 ribus
304 479 509 537 subsequi
539 478 679 537 jussit.
743 479 854 521 Erat
882 477 1074 520 edictum
1107 476 1303 533 Pompeii
1337 475 1507 519 nomine
1542 477 1648 518 Am-

153 539 321 598 phipoli
344 537 634 597 propositum,
658 536 723 578 uti
746 552 888 579 omnes
909 536 998 594 ejus
1017 534 1252 593 provinciae
1269 535 1476 591 juniores,
1502 534 1648 577 Graeci

154 598 353 655 civesque
390 595 590 644 Romani,
626 595 805 652 jurandi
841 611 986 637 caussa
1025 592 1333 640 convenirent3
1384 592 1459 634 sed
1497 601 1650 635 utrum

152 654 400 699 avertendae
422 653 668 711 suspicionis
688 670 832 696 caussa
858 653 1087 712 Pompeius
1108 651 1420 709 proposuisset,
1443 659 1492 692 ut
1521 667 1650 708 quam

153 713 388 757 diutissime
410 711 618 769 longioris
640 712 755 769 fugae
777 712 1002 755 consilium
1021 710 1277 758 occultaret,
1307 723 1362 750 an
1381 709 1501 751 novis
1520 709 1651 752 dilec-

153 774 288 822 tibus,
305 771 340 814 si
361 786 487 813 nemo
507 779 742 828 premeret,
770 770 1073 814 Macedoniam
1095 777 1244 812 tenere
1266 775 1515 816 conaretur,
1547 769 1652 810 exis-

156 831 297 875 timari
333 844 420 873 non
460 837 652 887 poterat.
716 828 814 888 Ipse
851 828 907 872 ad
937 844 1137 871 ancoram
1168 842 1254 869 una
1294 835 1421 870 nocte
1458 825 1652 868 constitit

155 897 216 940 et,
246 889 407 933 vocatis
434 888 490 930 ad
514 904 558 930 se
586 887 840 946 Amphipoli
871 887 1131 946 hospitibus,
1164 893 1208 928 et
1230 884 1414 944 pecunia
1435 884 1490 926 ad
1514 900 1654 927 neces-

157 949 287 992 sarios
309 954 472 990 sumtus
501 955 753 1005 conrogata,
785 947 960 1005 cognito
985 945 1162 989 Caesaris
1183 944 1389 993 adventu,
1410 959 1462 985 ex
1484 959 1534 985 eo
1556 943 1652 986 loco

155 1006 347 1051 discessit
381 1014 426 1048 et
469 1005 704 1065 Mytilenas
742 1006 891 1064 paucis
932 1005 1086 1048 diebus
1123 1004 1256 1046 venit.
1321 1001 1514 1045 Biduum
1549 1010 1654 1045 tem-

157 1073 325 1126 pestate
345 1073 557 1114 retentus,
580 1064 848 1122 navibusque
866 1064 958 1107 aliis
976 1063 1135 1107 additis
1151 1061 1370 1111 actuariis,
1391 1062 1434 1103 in
1458 1061 1656 1104 Ciciliam

124 1141 126 1143 ’
157 1134 288 1183 atque
321 1123 420 1167 inde
454 1124 654 1183 Cyprum
685 1124 901 1182 pervenit.
964 1122 1034 1166 Ibi
1064 1122 1302 1180 cognoscit,
1335 1135 1540 1163 consensu
1571 1136 1656 1162 om-

159 1185 279 1226 nium
301 1181 655 1226 Antiochensium
675 1182 921 1240 civiumque
953 1181 1266 1229 Romanorum,
1299 1179 1375 1238 qui
1406 1179 1495 1221 illic
1526 1194 1656 1238 nego-

159 1243 389 1292 tiarentur,
428 1257 571 1283 arcem
601 1250 771 1299 captam
802 1257 906 1290 esse,
940 1239 1199 1283 excludendi
1226 1238 1290 1281 sui
1312 1254 1474 1288 caussa,
1507 1239 1656 1280 nunci-

160 1317 294 1358 osque
323 1299 514 1342 dimissos
544 1300 599 1342 ad
630 1315 717 1349 eos,
753 1300 828 1358 qui
865 1317 908 1342 se
941 1316 994 1341 ex
1026 1300 1133 1357 fuga
1160 1299 1204 1340 in
1225 1297 1441 1339 finitumas
1462 1296 1659 1339 civitates

160 1359 370 1418 recepisse
392 1357 655 1407 dicerentur,
690 1374 742 1400 ne
776 1357 1050 1400 Antiochiam
1082 1356 1252 1399 adirent
1274 1373 1283 1398 :
1324 1356 1369 1398 id
1389 1356 1422 1397 si
1444 1355 1657 1406 fecissent,

160 1434 318 1476 magno
349 1433 501 1461 eorum
532 1416 686 1475 capitis
717 1416 914 1475 periculo
945 1417 1157 1458 futurum.
1223 1414 1344 1457 Idem
1364 1414 1445 1456 hoc
1469 1414 1518 1456 L.
1547 1413 1657 1456 Len-

160 1478 273 1527 tulo,
296 1477 372 1535 qui
392 1475 616 1534 superiore
637 1491 748 1518 anno
770 1475 934 1518 Consul
955 1475 1114 1524 fuerat,
1136 1481 1181 1516 et
1205 1474 1253 1515 P.
1280 1473 1469 1515 Lentulo
1493 1473 1659 1515 Consu-

160 1536 259 1585 lari,
281 1552 330 1578 ac
352 1534 568 1578 nonnullis
589 1534 680 1576 aliis
710 1535 924 1577 acciderat
956 1532 1130 1576 Rhodi:
1176 1532 1268 1589 qui,
1301 1548 1438 1589 quum
1468 1547 1522 1573 ex
1554 1531 1661 1590 fuga

166 1594 424 1653 Pompeium
445 1601 734 1649 sequerentur
755 1600 888 1649 atque
908 1592 951 1633 in
970 1592 1152 1633 insulam
1173 1590 1403 1638 venissent,
1427 1590 1587 1647 oppido
1608 1607 1659 1632 ac

164 1662 298 1711 portu
334 1651 498 1709 recepti
528 1666 614 1693 non
644 1659 796 1693 erant:
832 1650 1052 1707 missisque
1082 1649 1138 1691 ad
1157 1665 1227 1692 eos
1250 1647 1426 1698 nunciis,
1458 1656 1509 1689 ut
1531 1664 1584 1690 ex
1610 1649 1660 1691 iis

165 1711 270 1755 locis
320 1709 607 1757 discederent,
658 1718 812 1752 contra
860 1709 1133 1752 voluntatem
1183 1723 1304 1750 suam
1347 1722 1475 1749 naves
1520 1707 1659 1749 solve-

163 1778 283 1814 runt.
348 1769 538 1826 Jamque
574 1767 628 1810 de
652 1768 832 1813 Caesaris
864 1768 1057 1810 adventu
1091 1767 1203 1810 fama
1236 1766 1291 1808 ad
1328 1765 1526 1808 civitates
1562 1782 1659 1825 per-

166 1829 403 1872 ferebatur.

230 1888 325 1931 103.
361 1886 532 1936 Quibus
553 1886 734 1944 cognitis
762 1886 908 1936 rebus,
945 1882 1191 1942 Pompeius,
1214 1882 1415 1942 deposito
1443 1883 1654 1927 adeundae

170 1947 308 2006 Syriae
347 1946 539 1995 consilio,
581 1945 764 2003 pecunia
793 1946 1010 1988 societatis
1055 1942 1229 1984 sublata
1267 1950 1312 1984 et
1343 1958 1368 1984 a
1396 1942 1653 1999 quibusdam

169 2005 351 2063 privatis
372 2012 532 2053 sumta,
556 2013 600 2045 et
625 2004 718 2046 aeris
738 2019 894 2061 magno
916 2002 1107 2061 pondere
1130 2000 1186 2042 ad
1206 2000 1440 2043 militarem
1461 2017 1586 2043 usum
1609 2001 1652 2043 in

169 2079 296 2106 naves
324 2063 526 2120 inposito,
559 2062 818 2120 duobusque
838 2063 1012 2105 milibus
1031 2059 1253 2102 hominum
1273 2059 1463 2109 armatis,
1494 2060 1655 2117 partim

170 2138 278 2180 quos
299 2138 352 2164 ex
372 2121 543 2163 familiis
562 2121 817 2163 societatum
830 2122 1070 2178 delegerat,
1088 2118 1249 2176 partim
1264 2134 1289 2160 a
1309 2118 1655 2176 negotiatoribus

171 2188 389 2238 coegerat,
411 2195 604 2236 quosque
624 2195 678 2221 ex
697 2180 781 2221 suis
801 2181 985 2237 quisque
1006 2179 1061 2221 ad
1082 2178 1188 2219 hanc
1210 2193 1304 2219 rem
1324 2177 1494 2219 idoneos
1515 2177 1657 2219 existi-

170 2240 335 2288 mabat,
360 2238 581 2281 Pelusium
602 2238 817 2296 pervenit.
889 2238 958 2281 Ibi
989 2254 1088 2280 casu
1122 2236 1219 2278 Rex
1249 2246 1344 2278 erat
1381 2235 1656 2286 Ptolemaeus,

172 2315 282 2356 puer
303 2305 447 2348 aetate,
467 2298 633 2355 magnis
653 2297 802 2355 copiiS,
824 2313 924 2339 cum
953 2312 1099 2339 sorore
1129 2295 1369 2353 Cleopatra
1391 2310 1543 2352 gerens
1565 2295 1657 2337 bel-

174 2358 266 2399 lum
285 2372 295 2407 ;
335 2372 464 2414 quam
486 2356 632 2414 paucis
658 2365 757 2398 ante
778 2356 995 2398 mensibus
1016 2371 1096 2414 per
1115 2370 1212 2396 suos
1237 2353 1504 2412 propinquos
1523 2361 1655 2410 atque

225 2485 546 2524 Quantumcumque.
571 2481 625 2514 Sic
642 2483 740 2514 codd.
758 2487 791 2514 et
807 2483 882 2514 edd.
955 2484 1164 2515 Antiochiam
1193 2493 1233 2514 ex
1263 2492 1329 2523 qua
1361 2482 1550 2513 Glareanus
1578 2480 1657 2512 fecit

177 2532 242 2559 vet.
269 2527 379 2568 Vulgo
402 2532 577 2568 quantum.
955 2527 1191 2564 Antiochiae,in
1204 2526 1410 2568 quibusdam
1423 2525 1657 2566 codd.scripta

225 2572 439 2604 Emistimari.
486 2570 585 2602 Voss.
610 2570 761 2602 malebat
787 2575 884 2602 oestzc-
953 2577 1022 2602 erat
1038 2582 1098 2612 per
1113 2570 1354 2611 compendium
1371 2572 1446 2600 Ant.

178 2619 279 2647 mari.
327 2615 391 2646 Sed
416 2614 555 2656 proinde
579 2620 642 2645 est.
675 2614 728 2645 Cf.
752 2613 884 2645 Terent.
1001 2618 1078 2653 Qui,
1091 2625 1208 2656 quum.
1242 2614 1295 2645 Sic
1308 2611 1656 2644 ScaLecodUrsini.

181 2661 308 2691 Heaut.
326 2663 358 2698 2,
376 2662 406 2697 3,
424 2661 476 2690 41.
500 2658 663 2689 Phormio
684 2661 712 2696 1,
733 2659 760 2695 1,
782 2660 832 2689 11.
955 2659 1068 2700 Vulgo
1084 2669 1168 2689 nam
1183 2661 1392 2699 quic—umque.
1443 2657 1539 2688 Unde
1556 2656 1658 2688 Ciac-

227 2705 423 2745 Mytilenas
467 2702 521 2733 Sic
546 2702 640 2733 numi
668 2708 700 2733 et
724 2702 884 2743 Stephan.
954 2714 1030 2735 con.
1047 2702 1258 2743 conjectabat
1281 2712 1439 2742 namque,
1456 2711 1574 2741 quum.

183 2749 320 2789 Byzant.
368 2747 480 2787 Vulgo
497 2748 689 2787 Mdylenas.
999 2749 1186 2777 Sosi-urunt.
1225 2745 1657 2783 Aliisolvere-iubebantur.

231 2793 558 2833 Cyprumperrenit.
590 2790 803 2821 Edd.vet.v·n
819 2792 882 2832 Cy·
997 2792 1164 2822 Societatis
1188 2789 1471 2830 publicanorum:
1516 2795 1552 2820 ut
1577 2799 1657 2820 mox

180 2847 295 2879 prum.
943 2834 1089 2875 familia>
1103 2833 1224 2873 (servi)
1238 2835 1429 2864 societatum
1449 2831 1595 2864 illarum.
1612 2834 1657 2864 cf.

232 2881 349 2911 Arcem
372 2883 507 2921 captam
533 2889 611 2910 esse.
668 2879 749 2910 Post
774 2889 885 2910 arcem
952 2889 983 2909 c.
1001 2880 1054 2909 31.
1070 2896 1114 2900 -
1130 2878 1181 2908 De
1207 2876 1350 2908 consilio
1376 2876 1505 2908 itineris
1531 2882 1658 2907 mutato

185 2923 322 2965 quidam
345 2923 549 2954 inseruerant
576 2924 770 2961 Antiochiae,
798 2923 885 2954 unde
951 2921 1019 2953 alia
1034 2922 1190 2962 quaedam
1206 2921 1409 2954 Plutarchus
1433 2920 1467 2953 in
1488 2922 1608 2963 Pomp.
1624 2932 1654 2953 c.

186 2967 309 2999 vitiosa
324 2967 427 2999 lectio
445 2972 521 3000 ante
537 2972 608 2999 orta
625 2972 687 2998 est.
711 2968 762 2998 M.
810 2968 885 2998 Vox
956 2968 995 2997 76
1010 2965 1150 2997 addidit.
1177 2966 1231 2996 M.
