1946 3261
582 153 700 198 LIB.
733 152 816 199 IV.
879 153 1018 199 CAP.
1056 153 1124 205 18,
1163 152 1228 198 19.
1597 154 1653 197 89

173 289 204 310 “
260 291 405 328 ontem
436 282 646 327 mediocri
667 284 826 343 spatio,
849 291 915 333 ut,
949 283 983 326 si
1011 283 1219 327 arborum
1245 282 1391 326 trunci
1415 279 1503 325 sive
1529 296 1658 326 naves

175 350 204 369 “
227 299 453 402 dejiciendi
488 344 631 402 operis
664 352 802 387 essent
834 359 860 385 a
890 343 1086 386 barbaris
1105 344 1257 392 missae‚
1277 342 1340 385 his
1360 341 1657 385 defensoribus

175 410 204 428 “
228 419 377 445 earum
399 419 546 445 rerum
564 403 628 445 vis
645 403 931 450 minueretur,
951 416 1032 443 neu
1054 402 1176 458 ponti
1199 402 1446 445 nocerent.”

239 463 302 504 18.
339 461 506 504 Diebus
525 461 689 511 decem,
714 461 874 519 quibus
895 460 1075 502 materia
1093 468 1238 517 coepta
1258 470 1352 502 erat
1374 460 1658 519 comportari,

173 521 290 564 omni
312 536 442 578 opere
463 521 634 569 effecto,
653 520 866 562 exercitus
888 518 1197 561 transducitur.
1245 519 1406 568 Caesar,
1423 520 1478 562 ad
1496 528 1659 562 utram-

173 595 258 637 que
276 588 446 637 partem
466 579 611 636 pontis
633 579 758 621 firmo
777 577 978 636 praesidio
1002 577 1172 626 relicto,
1206 577 1250 619 in
1278 577 1380 620 fines
1408 578 1660 636 Sigambro-

173 653 269 681 rum
288 637 524 680 contendit.
589 636 769 679 Interim
802 653 827 679 a
866 636 1163 695 compluribus
1199 635 1447 678 civitatibus
1480 637 1532 679 ad
1561 653 1662 680 eum

171 697 305 754 legati
327 696 523 745 veniunt,
559 696 720 753 quibus
754 712 903 753 pacem
932 705 1064 753 atque
1085 695 1320 738 amicitiam
1343 696 1590 752 petentibus
1612 697 1661 739 li·

173 755 381 799 beraliter
419 755 641 814 respondit
677 754 932 812 obsidesque
965 755 1019 798 ad
1052 771 1094 797 se
1127 754 1282 797 adduci
1306 753 1447 812 jubet.
1511 755 1573 797 At
1597 755 1663 797 Si-

173 814 344 873 gambri
377 830 429 857 ex
461 831 512 857 eo
546 822 758 872 tempore,
790 830 878 871 quo
905 829 1012 872 pons
1046 813 1214 856 institui
1246 822 1413 871 coeptus
1446 822 1525 862 est,
1559 814 1664 873 fuga

174 883 442 932 comparata,
465 873 742 917 hortantibus
764 873 830 922 iis,
853 889 961 930 quos
979 889 1031 915 ex
1052 871 1336 915 Tenchtheris
1354 881 1486 929 atque
1510 872 1665 931 Usipe-

173 932 292 976 tibus
308 933 425 991 apud
446 950 488 976 se
509 932 745 982 habebant,
769 932 925 975 finibus
958 933 1045 974 suis
1075 940 1360 979 excesserant,
1393 947 1556 987 suaque
1577 948 1666 975 om-

173 993 243 1035 nia
262 1001 619 1051 exportaverant,
654 1008 784 1049 seque
807 992 849 1034 in
871 991 1149 1034 solitudinem
1170 1007 1218 1034 ac
1240 991 1369 1033 silvas
1389 990 1665 1033 abdiderant.

241 1052 306 1094 19.
342 1052 514 1094 Caesare
538 1067 697 1110 paucos
714 1050 804 1093 dies
826 1051 869 1093 in
891 1067 1041 1093 eorum
1059 1050 1217 1093 finibus
1237 1058 1445 1100 moratus,
1469 1050 1667 1093 omnibus

171 1110 276 1153 vicis
309 1110 588 1169 aedificiisque
626 1110 806 1153 incensis
840 1109 1154 1167 frumentisque
1192 1109 1378 1157 succisis,
1410 1125 1452 1151 se
1486 1109 1529 1152 in
1565 1109 1669 1152 fines

178 1170 399 1213 Ubiorum
423 1170 610 1228 recepit:
644 1179 778 1228 atque
802 1169 850 1210 iis
872 1169 1085 1211 auxilium
1115 1185 1241 1210 suum
1276 1168 1516 1227 pollicitus,
1550 1169 1583 1211 si
1611 1168 1669 1210 ab

179 1229 333 1272 Suevis
368 1238 690 1288 premerentur,
726 1227 814 1270 haec
849 1228 905 1270 ab
939 1228 987 1271 iis
1021 1228 1249 1286 cognovit:
1287 1229 1469 1275 Suevos,
1501 1237 1669 1286 postea-

176 1304 308 1346 quam
343 1304 421 1346 per
442 1288 742 1346 exploratores
774 1297 951 1345 pontem
975 1287 1068 1329 fieri
1097 1287 1423 1345 comperissent,
1449 1303 1569 1329 more
1591 1303 1668 1330 suo

176 1347 358 1390 concilio
381 1346 547 1396 habito,
576 1347 755 1389 nuncios
778 1348 821 1388 in
844 1361 989 1389 omnes
1012 1355 1158 1404 partes
1179 1346 1400 1395 dimisisse,
1430 1346 1495 1388 uti
1517 1346 1569 1388 de
1591 1363 1669 1405 op-

179 1406 290 1465 pidis
327 1406 640 1465 demigrarent,
678 1405 854 1454 liberos,
894 1421 1051 1448 uxores
1087 1420 1252 1462 suaque
1291 1405 1433 1446 omnia
1467 1405 1509 1447 in
1541 1405 1670 1447 silvas

176 1466 445 1524 deponerent
479 1474 613 1521 atque
648 1479 810 1513 omneS‚
849 1464 924 1522 qui
956 1479 1075 1505 arma
1098 1464 1212 1505 ferre
1245 1473 1436 1521 possent,
1470 1479 1602 1506 unum
1627 1464 1669 1506 in

175 1525 319 1568 locum
354 1524 655 1566 convenirent:
691 1522 803 1565 hunc
826 1539 915 1564 esse
937 1523 1155 1564 delectum
1187 1522 1375 1564 medium
1409 1522 1499 1564 fere
1529 1523 1670 1581 regio-

178 1599 281 1626 num
307 1599 471 1629 earum,
503 1598 611 1640 quas
635 1581 769 1623 Suevi
793 1581 1065 1624 obtinerent:
1101 1580 1167 1622 hic
1193 1580 1491 1623 Romanorum
1513 1582 1669 1625 adven-

176 1650 271 1684 tum
299 1651 552 1700 exspectare
581 1649 715 1699 atque
746 1640 805 1683 ibi
839 1639 1064 1682 decertare
1085 1639 1372 1682 constituisse.
1439 1640 1569 1688 Quod
1594 1640 1670 1683 ubi

180 1701 325 1744 Caesar
347 1700 578 1759 comperit,
611 1699 810 1742 omnibus
831 1698 894 1740 his
918 1699 1046 1742 rebus
1069 1698 1289 1747 confectis,
1314 1714 1499 1756 quarum
1523 1714 1669 1741 rerum

177 1776 324 1803 caussa
358 1759 637 1802 transducere
664 1758 903 1801 exercitum
931 1758 1235 1806 constituerat,
1261 1766 1309 1799 ut
1336 1757 1563 1800 Germanis
1586 1774 1671 1800 me-

179 1827 272 1861 tum
295 1819 504 1877 injiceret,
529 1827 579 1860 ut
604 1817 861 1876 Sigambros
884 1817 1183 1866 ulcisceretur,
1210 1826 1257 1858 ut
1285 1816 1426 1860 Ubios
1449 1817 1670 1861 obsidione

177 1878 402 1928 liberaret,
425 1878 580 1921 diebus
603 1877 774 1929 omnino
794 1877 833 1919 X
853 1886 896 1919 et
919 1875 1032 1919 VIII
1058 1885 1176 1919 trans
1199 1875 1401 1918 Rhenum
1422 1877 1671 1926 consumtis,

179 1938 280 1980 satis
311 1946 354 1980 et
383 1937 436 1980 ad
458 1937 632 1980 laudern
663 1946 708 1979 et
729 1936 782 1978 ad
807 1936 1042 1979 utilitatem
1081 1936 1315 1979 3r0fectum
1339 1935 1597 1985 arbitratus,
1628 1952 1672 1979 se

182 1997 224 2039 in
250 1997 438 2039 Galliam
462 1996 628 2055 recepit
651 2004 919 2054 pontemque
942 1953 1132 2039 rescidit.

811 2126 894 2157 Ver-

184 2171 268 2203 bum
293 2172 371 2210 hoc,
395 2171 562 2203 omissum
592 2171 625 2203 in
651 2172 750 2202 codd.
767 2171 895 2209 multis,

232 2127 416 2167 Dejicoendi
435 2131 555 2167 operis,
580 2137 628 2158 sc.
648 2136 762 2158 causa.
1011 2126 1054 2157 In
1072 2127 1159 2166 fines
1186 2126 1221 2155 S.
1239 2124 1418 2156 contendit.
1441 2123 1502 2155 alii
1523 2123 1675 2163 intendit,

963 2176 999 2201 ut
1029 2170 1163 2201 Terent.
1186 2170 1288 2202 Andr.
1319 2173 1350 2207 2,
1375 2172 1406 2200 2.
1433 2169 1464 2199 6.
1502 2168 1542 2199 V.
1564 2174 1673 2200 tamen

184 2217 251 2255 (est
264 2215 354 2246 enim
370 2215 504 2257 ellipsis
517 2226 582 2247 non
597 2226 686 2247 rara:
712 2226 741 2246 v.
757 2215 894 2246 Ouden-

186 2261 283 2300 dorp.
296 2260 337 2291 ad
354 2262 387 2297 4,
405 2260 447 2298 l.)
461 2260 523 2292 alii
541 2259 779 2301 interpretandi
795 2270 896 2290 causa

185 2304 496 2336 addiderunt.—De
505 2303 774 2344 strncturahujus
784 2302 899 2345 pontis

187 2348 362 2389 scripsisse
373 2349 564 2381 Jucundum
579 2349 814 2385 veronensem,
826 2359 898 2379 mo-

188 2392 263 2423 nuit
283 2393 325 2423 ad
350 2393 422 2424 h.1.
439 2393 664 2425 Camerarius.
711 2393 899 2423 Hotoman-

188 2447 251 2468 nus
280 2436 375 2467 addit
406 2437 581 2476 Budaeum‚
607 2437 809 2475 Cardanum,
842 2437 899 2468 Jo.

189 2480 388 2518 Buteonem,
410 2481 522 2524 (cujus
544 2481 726 2523 singularis
747 2481 834 2512 liber
858 2482 900 2512 de

191 2525 255 2556 hoc
273 2531 375 2566 ponte
391 2526 514 2562 exstat)
538 2525 735 2557 Turnebum
754 2525 776 2556 l.
792 2535 822 2556 c.
849 2526 899 2556 M.

192 2570 288 2601 Addo
314 2576 348 2600 et
368 2569 522 2611 Magium
548 2569 580 2601 in
599 2569 730 2602 Gruteri
756 2569 858 2610 lamp.
875 2575 899 2600 t.

192 2618 224 2644 2.
255 2625 287 2654 p·
305 2615 403 2644 2438.
433 2614 494 2646 ubi
518 2620 632 2646 contra
659 2614 844 2646 Buteonem
866 2621 901 2645 et

190 2658 279 2690 alios
293 2657 454 2698 disputat.

240 2703 375 2734 Earum
388 2712 501 2734 rerum
515 2705 576 2734 vis.

193 2745 227 2778 in
243 2746 459 2788 quibusdam.
481 2746 583 2777 male.

241 2792 286 2822 1η
294 2793 381 2831 fines
399 2790 666 2831 Siqa‘mbrorum.
692 2791 728 2821 In
739 2790 801 2822 hos
813 2789 903 2822 enim

195 2845 230 2866 se
247 2840 441 2876 receperant
457 2844 564 2875 nuper
585 2834 717 2876 equites
731 2834 903 2874 Germani,

194 2878 264 2910 vid.
276 2889 354 2921 cap.
367 2880 415 2909 16.
433 2879 482 2909 Μ.
508 2877 675 2920 Siganibri
692 2878 776 2910 inter
786 2878 903 2920 Sigum

195 2929 230 2954 et
239 2922 408 2966 Luppiam
421 2921 544 2955 fluvios
551 2922 738 2966 quaerendi.
750 2934 781 2957 v.
792 2923 906 2957 D'An-

194 2966 278 3002 ville
293 2974 327 3001 et
341 2967 507 3008 Mannert.

619 2701 666 2734 Τὸ
680 2712 794 2734 rerum
809 2702 903 2734 deest

963 2225 993 2245 c.
1012 2217 1065 2246 20.

1011 2261 1051 2290 At
1070 2259 1250 2298 Siqambrae'.
1296 2258 1371 2289 Hoc
1392 2259 1433 2289 At
1455 2256 1547 2288 dedit
1567 2267 1585 2287 e
1612 2267 1675 2288 suo

964 2302 1083 2334 codice
1100 2302 1256 2339 Ursinus,
1271 2301 1330 2333 ubi
1348 2301 1424 2333 scil.
1440 2301 1612 2332 invenerat
1627 2306 1674 2332 ut.

1013 2349 1130 2379 Frum.
1159 2349 1301 2378 succisis.
1359 2347 1592 2377 Hotomannus
1624 2344 1673 2377 sic

965 2402 1008 2422 cx
1026 2391 1176 2433 ingenio,
1192 2397 1227 2422 ut
1243 2402 1275 2422 c.
1293 2394 1347 2423 38.
1363 2391 1512 2422 firmatur
1526 2396 1638 2422 autem
1655 2399 1675 2419 e

967 2437 1066 2467 codd.
1117 2436 1230 2477 Vulgo
1246 2442 1317 2466 erat
1332 2437 1504 2467 succensis.

1015 2482 1056 2512 Se
1074 2482 1108 2511 in
1119 2483 1183 2521 fin.
1208 2481 1371 2511 Chiorum
1386 2482 1519 2521 recepit.
1567 2475 1678 2509 Causa

966 2535 1009 2556 ex
1024 2535 1054 2556 c.
1076 2526 1125 2556 16.
1139 2523 1296 2556 discenda
1311 2529 1373 2555 est.
1398 2524 1447 2554 M.

1016 2571 1200 2601 Dimisissp.
1216 2567 1300 2606 alias
1311 2569 1449 2599 misisse.
1465 2565 1520 2597 sed
1535 2575 1564 2596 v.
1580 2575 1612 2596 c.
1623 2565 1678 2603 34,

967 2617 999 2646 5.
1016 2616 1070 2646 49.
1088 2616 1140 2646 53.
1158 2615 1190 2652 6,
1206 2615 1258 2644 43.

1019 2659 1060 2690 In
1090 2660 1202 2690 silvas.
1233 2657 1299 2688 i.e.
1328 2655 1413 2687 intra
1433 2654 1546 2686 silvas.
1576 2655 1622 2686 al.
1642 2656 1678 2686 in

965 2704 1067 2735 silvis.

1018 2748 1086 2778 Hic
1114 2747 1210 2777 Rom.
1227 2745 1307 2776 mlv.

970 2795 1037 2823 vet.
1084 2790 1143 2820 Ast
1158 2788 1310 2830 Scaliger
1325 2788 1378 2819 ibi.

1018 2831 1680 2875 Prqfectum.nonnulliperjfectum.male.

972 2878 1026 2911 cf.
1042 2880 1074 2917 τ,
1090 2880 1144 2909 66.
1168 2876 1206 2907 C.
1223 2878 1255 2913 3,
1274 2878 1324 2908 15.
1341 2879 1393 2907 58.
1417 2876 1518 2908 Αι.3.

1019 2924 1062 2954 Se
1092 2924 1128 2953 in
1161 2922 1311 2954 Galliam
1333 2923 1464 2961 recepit.
1511 2921 1580 2952 Res
1604 2919 1681 2962 ipsa

973 2965 1133 3010 loquitur,
1157 2965 1277 2999 timore
1297 2965 1491 3010 perculsum
1511 2965 1680 2998 Caesarem

1353 2743 1409 2775 Sic
1433 2743 1534 2774 codd.
1554 2747 1588 2774 et
1601 2743 1678 2774 edd.
