1946 3261
612 243 731 288 LIB.
765 242 852 286 ΙΙΙ.
914 241 1054 286 CAP.
1079 240 1271 286 29-31.

1624 243 1712 290 365

224 385 343 414 mum
361 386 405 414 se
422 386 522 415 cum
542 371 737 415 Antonio
757 371 1063 430 conjungeret3
1098 369 1348 428 Pompeius,
1369 378 1421 414 ut
1439 369 1714 416 venientibus

224 429 269 473 in
306 431 462 474 itinere
498 447 542 474 se
579 431 837 489 obponeret,
879 431 912 473 si
947 429 1230 488 inprudentes
1265 446 1317 472 ex
1349 430 1512 474 insidiis
1550 431 1714 475 adoriri

224 499 391 548 posset:
435 490 677 547 eodemque
708 490 779 532 die
814 497 1001 547 uterque
1031 503 1183 532 eorum
1220 504 1274 530 ex
1305 490 1455 533 castris
1489 491 1659 534 stativis
1686 506 1714 534 a

225 549 401 593 flumine
423 550 546 608 Apso
572 549 813 592 exercitum
840 548 1053 596 educunt;
1097 547 1329 605 Pompeius
1359 548 1468 592 clam
1495 558 1542 592 et
1562 558 1715 600 noctu,

227 608 373 651 Caesar
406 609 552 666 palam
583 616 718 666 atque
747 607 953 651 interdiu.
1018 607 1106 650 Sed
1140 606 1300 649 Caesari
1332 606 1519 650 circuitu
1552 611 1717 667 majore

224 667 310 710 iter
331 675 427 709 erat
447 666 633 724 longius,
659 666 843 712 adverso
876 665 1067 716 flumine,
1102 674 1152 708 ut
1184 665 1296 708 vado
1329 667 1514 708 transire
1546 677 1716 726 posset:

229 725 475 784 Pompeius,
505 726 607 783 quia
635 725 841 784 expedito
874 726 1028 768 itinere
1058 725 1219 768 flumen
1238 724 1277 767 ei
1300 725 1610 769 transeundum
1631 743 1717 772 non

222 793 336 835 erat,
367 785 534 843 magnis
564 785 792 828 itineribus
813 785 868 828 ad
891 784 1135 828 Antonium
1166 783 1415 833 contendit3
1445 793 1596 842 atque,
1618 802 1718 829 eum

224 843 302 886 ubi
319 843 674 903 adpropinquare
690 844 911 904 cognovit,
928 843 1130 887 idoneum
1151 843 1295 886 locum
1314 852 1483 893 nactus,
1498 844 1558 887 ibi
1574 845 1721 903 copias

226 902 488 954 conlocavit,
523 920 707 962 suosque
746 920 892 947 omnes
930 903 1081 946 castris
1122 902 1337 946 continuit
1375 902 1586 962 ignesque
1626 904 1721 947 fieri

224 961 467 1022 prohibuit,
501 978 589 1022 quo
618 963 834 1007 occultior
866 971 976 1006 esset
1008 963 1099 1021 ejus
1131 961 1357 1005 adventus.
1424 962 1530 1005 Haec
1551 962 1606 1006 ad
1631 964 1721 1006 An-

225 1021 396 1065 tonium
416 1022 564 1065 statim
597 1039 676 1082 per
701 1024 877 1066 Graecos
894 1021 1168 1065 deferuntur.
1233 1021 1330 1075 Ille,
1351 1022 1486 1064 missis
1505 1022 1559 1065 ad
1582 1023 1722 1066 Caesa-

226 1097 318 1124 rem
334 1082 516 1132 nunciis,
534 1097 667 1125 unum
686 1082 801 1125 diem
824 1098 912 1125 sese
928 1081 1077 1123 castris
1098 1080 1259 1123 tenuit:
1293 1081 1434 1124 altero
1453 1081 1523 1124 die
1543 1082 1599 1126 ad
1621 1099 1722 1126 eum

227 1140 429 1199 pervenit
452 1141 610 1185 Caesar.
677 1141 815 1201 Cujus
834 1141 1028 1184 adventu
1051 1140 1245 1199 cognito,
1271 1140 1517 1199 Pompeius,
1543 1144 1595 1184 ne
1615 1142 1723 1185 duo-

227 1200 310 1243 bus
329 1200 750 1244 circumcluderetur
777 1200 1055 1253 exercitibus,
1086 1216 1139 1241 ex
1164 1216 1215 1243 eo
1245 1200 1340 1243 loco
1364 1200 1563 1253 discedit,
1589 1202 1723 1244 omni-

227 1259 398 1318 busque
413 1260 546 1319 copiis
563 1259 619 1302 ad
639 1260 932 1319 Asparagium
951 1257 1354 1318 Dyrrhachinorum
1374 1260 1575 1319 pervenit
1590 1270 1725 1319 atque

229 1318 290 1361 ibi
313 1317 470 1362 idoneo
490 1319 585 1362 loco
605 1328 747 1362 castra
769 1320 907 1378 ponit.

290 1379 362 1421 31.
398 1378 480 1421 His
510 1378 782 1437 temporibus
814 1377 978 1436 Scipio,
1012 1377 1286 1420 detrimentis
1318 1378 1578 1435 quibusdam
1608 1380 1724 1423 circa

228 1446 420 1480 montem
451 1438 668 1480 Amanum
697 1437 902 1496 acceptis,
935 1453 1022 1479 sese
1055 1437 1374 1495 Imperatorem
1407 1437 1724 1496 adpellaverat.

235 1497 337 1547 Quo
370 1496 501 1546 facto,
535 1497 787 1539 civitatibus
820 1496 1103 1556 tyrannisque
1135 1510 1312 1554 magnas
1338 1495 1633 1554 imperaverat
1652 1514 1727 1557 pe-

232 1556 401 1598 cunias:
446 1556 550 1598 item
589 1572 614 1598 a
655 1555 898 1614 publicanis
935 1571 1021 1598 suae
1059 1554 1295 1613 provinciae
1333 1555 1524 1598 debitam
1562 1557 1727 1601 biennii

230 1615 459 1674 pecuniam
492 1624 698 1674 exegerat
736 1624 782 1657 et
817 1615 874 1657 ab
905 1614 1065 1657 eisdem
1104 1614 1367 1671 insequentis
1397 1614 1498 1656 anni
1526 1625 1727 1660 mutuam

232 1683 501 1733 praeceperat
523 1674 779 1732 equitesque
814 1673 896 1716 toti
922 1672 1157 1732 provinciae
1179 1673 1488 1731 imperaverat.
1555 1674 1728 1724 Quibus

231 1733 409 1783 coactis,
431 1733 638 1777 finitumis
659 1733 855 1775 hostibus
880 1731 1054 1775 Parthis
1076 1741 1174 1791 post
1195 1749 1240 1775 se
1267 1732 1446 1785 relictis,
1479 1732 1556 1791 qui
1579 1735 1730 1792 paullo

231 1801 334 1836 ante
359 1793 424 1836 M.
451 1792 655 1836 Crassum
679 1792 997 1851 Imperatorem
1027 1791 1336 1835 interfecerant
1361 1801 1404 1834 et
1428 1792 1495 1836 M.
1519 1792 1731 1838 Bibulum

231 1851 276 1895 in
315 1852 537 1896 obsidione
577 1852 838 1902 habuerant,
881 1851 1071 1910 legiones
1109 1851 1366 1909 equitesque
1403 1867 1456 1894 ex
1497 1852 1626 1910 Syria
1657 1853 1731 1896 de-

231 1911 446 1956 duxerat:
480 1927 732 1970 summaque
759 1912 801 1954 in
833 1910 1123 1955 sollicitudine
1149 1926 1198 1953 ac
1220 1911 1375 1953 timore
1405 1910 1595 1953 Parthici
1626 1912 1733 1956 belli

232 1970 276 2013 in
298 1971 565 2029 provinciam
586 1987 723 2030 quum
746 1972 948 2020 venisset,
971 1986 1020 2012 ac
1042 1969 1260 2012 nonnullae
1280 1969 1468 2012 militum
1488 1985 1614 2013 voces
1634 1979 1731 2015 tum

232 2030 509 2080 audirentur,
540 2047 644 2080 sese,
674 2039 826 2073 contra
847 2029 1010 2073 hostem
1031 2029 1064 2072 si
1087 2029 1369 2078 ducerentur,
1401 2029 1556 2079 ituros,
1578 2039 1734 2074 contra

232 2089 372 2133 civem
391 2098 438 2133 et
469 2090 706 2133 Consulem
738 2105 859 2133 arma
889 2105 976 2134 11011
1007 2089 1196 2139 laturos;
1237 2087 1436 2131 deductis
1470 2088 1733 2148 Pergamum

286 2220 331 2252 Et
347 2222 376 2252 si
390 2220 529 2263 inprud.
571 2219 762 2251 Delendum
779 2224 822 2251 vl.
839 2226 875 2251 ut
892 2219 953 2251 alii

237 2271 453 2297 monuerunt.
501 2266 555 2296 Sic
569 2265 676 2305 (quod
693 2264 794 2295 codd.
813 2263 954 2302 habent)

240 2320 301 2351 pro
328 2311 356 2340 se·
380 2315 431 2341 est
455 2319 558 2347 error,
589 2315 688 2340 natus
711 2318 752 2339 ex
767 2307 872 2339 altero
891 2307 952 2339 illo

238 2363 441 2394 errore‚quo
457 2358 486 2383 1¹!
500 2353 700 2394 inrepserat.
717 2353 768 2383 M.
804 2352 893 2384 Istud
911 2358 954 2391 et,

239 2407 280 2429 ex
299 2398 441 2438 repetita
460 2397 661 2439 pra-cedenti
682 2396 811 2438 syllaba
826 2404 952 2435 ortum,

238 2441 366 2474 delevi.

286 2488 412 2518 Castris
426 2489 564 2519 stativis.
591 2486 633 2517 V.
650 2491 720 2517 not.
733 2486 773 2517 ad
787 2496 863 2527 cap.
875 2487 927 2518 37.

288 2530 474 2572 Aflnmine
489 2533 586 2573 Apso.
618 2531 718 2562 (fons.
734 2540 811 2572 cap.
833 2533 883 2562 19.
903 2531 953 2562 M.

293 2575 453 2616 Ewpeclito
462 2577 588 2614 itiam-e,
601 2580 740 2616 propter
751 2574 953 2616 expeditum

242 2617 318 2658 iter,
334 2619 368 2650 11.
380 2629 412 2650 e.
429 2619 490 2650 iter
506 2619 660 2657 brevius,
683 2619 777 2650 nullo
794 2618 952 2658 circuitu,

239 2663 486 2705 obportunum.
511 2664 561 2694 M.

288 2710 534 2748 Aspar-amum.
581 2707 632 2738 De
649 2707 714 2738 hoc
730 2713 760 2738 et
777 2717 807 2738 c.
823 2709 875 2738 76.

288 2754 412 2794 Scipio,
422 2751 526 2792 Syrifc
535 2752 738 2783 Proconsul.
754 2751 807 2782 Cf.
819 2753 885 2790 1,6.
900 2752 953 2783 M.

291 2798 509 2828 Deum-:sentis
523 2813 565 2818 —
580 2798 732 2837 acceptis.
758 2797 786 2826 A
801 2795 955 2828 barbaris

242 2840 340 2872 clade
355 2841 510 2872 adfectus
521 2847 632 2872 tamen
647 2840 714 2871 sibi
728 2839 904 2871 victoriam
921 2849 955 2872 et

244 2895 369 2916 nomen
387 2884 601 2926 Inipemtoris
617 2884 797 2915 tribuerat.
828 2886 955 2916 Cellar.

245 2929 337 2971 Ergo
363 2929 489 2960 ridetur
510 2940 530 2961 a
545 2929 693 2961 Caesare.
742 2929 791 2959 Dc
810 2929 959 2970 Impera-

244 2974 328 3008 toris
352 2974 584 3017 adpellatione
611 2973 680 3008 vid.
704 2974 747 3008 ad
769 2976 800 3012 9,
825 2976 879 3007 26.
906 2974 956 3007 Μ.

1020 2219 1097 2249 Huc
1116 2217 1258 2256 nummi,
1285 2217 1317 2250 in
1333 2218 1461 2260 quibus
1479 2229 1515 2254 Q,
1533 2227 1731 2251 METELLVS

1023 2272 1148 2294 selmo
1174 2271 1253 2294 nn·-
1284 2262 1344 2294 ubi
1369 2263 1415 2295 ob
1439 2264 1611 2295 conlatam
1640 2275 1735 2295 sum-

1021 2317 1110 2338 mam
1124 2307 1262 2347 gerendi
1285 2308 1445 2339 adversus
1462 2308 1629 2340 Caesarem
1646 2308 1733 2339 belli

1023 2357 1228 2392 potestatem
1244 2352 1462 2393 Imperatoris
1476 2353 1614 2384 titulum
1631 2352 1734 2394 gerit.

1023 2395 1066 2427 V.
1083 2395 1215 2427 Eckhcl
1231 2397 1276 2427 D.
1289 2396 1365 2427 Nx.
1377 2403 1446 2428 vet.
1467 2396 1545 2428 Vol.
1557 2401 1588 2430 5.
1607 2408 1639 2438 p.
1659 2399 1735 2427 132.

1021 2440 1207 2481 Perperam
1225 2441 1341 2472 locum
1358 2440 1523 2473 intellexit
1541 2440 1732 2477 Bendeius,

1019 2484 1078 2526 qui
1106 2495 1166 2526 pro
1188 2485 1391 2517 detrimentis
1410 2486 1465 2517 dat
1488 2486 1733 2526 subplemenlis.

1020 2529 1144 2561 Sensus
1170 2535 1232 2567 est,
1259 2536 1400 2571 accepta
1430 2530 1526 2561 clade
1551 2529 1733 2569 gloriatum

1019 2584 1093 2605 esse
1108 2575 1149 2604 de
1166 2573 1322 2612 victoria,
1341 2580 1374 2605 nt
1391 2574 1428 2604 fit
1444 2583 1510 2605 non
1526 2584 1612 2605 raro.

1066 2617 1288 2658 Proeceperat.
1305 2617 1328 2649 i.
1342 2629 1372 2648 e.
1389 2624 1466 2649 ante
1481 2623 1629 2658 ceperat.

1065 2663 1116 2694 M.
1135 2664 1306 2693 Bibulum.
1322 2661 1393 2693 vid.
1405 2663 1446 2693 ad
1461 2663 1500 2693 Β.
1514 2662 1554 2693 G.
1570 2664 1602 2700 8,
1614 2662 1666 2694 54.
1681 2662 1733 2693 M.

1067 2708 1112 2738 In
1138 2709 1348 2748 provinciam
1376 2716 1481 2747 quum
1495 2708 1645 2737 venisset.
1701 2706 1731 2737 E

1020 2751 1114 2792 Syria
1139 2749 1233 2781 venit
1262 2750 1295 2781 in
1321 2750 1410 2781 Asiae
1436 2750 1575 2781 minoris
1600 2756 1735 2791 partem

1019 2806 1108 2829 eam.
1121 2806 1198 2836 quae
1215 2795 1283 2824 κατ’
1300 2794 1402 2834 ἐξοχὴν
1417 2794 1593 2836 provincia
1609 2795 1737 2835 Populi

1024 2839 1171 2872 Romani
1195 2838 1288 2869 dicta
1304 2847 1366 2876 est,
1389 2849 1448 2879 per
1462 2849 1564 2880 quam
1580 2839 1734 2880 Scipioni

1021 2886 1063 2916 ad
1084 2882 1286 2924 Pompeium
1311 2882 1344 2913 in
1364 2883 1606 2918 Macedoniam
1629 2890 1734 2916 trans-

1023 2929 1172 2962 eundum
1189 2933 1272 2958 erat.
1296 2928 1347 2958 M.

1074 2974 1172 3007 Tum.
1189 2971 1250 3008 alii
1267 2981 1392 3015 quum.
