1946 3261
588 267 707 313 LIB.
742 267 780 311 Ι.
842 266 981 310 CAP.
1016 265 1207 310 71-74,
1585 263 1669 309 301

178 403 209 424 ‘⁶
232 393 368 440 vellet
382 396 542 447 Caesar,
555 412 643 440 sese
662 411 747 440 non
764 412 852 439 esse
869 396 1186 454 pugnaturos.’'
1217 393 1298 437 Ille
1315 393 1359 436 in
1371 407 1445 435 sua
1457 390 1671 435 sententia

178 466 429 516 perseverat
449 465 495 500 et
517 456 767 515 paullulum
794 471 848 498 ex
881 470 931 497 eo
965 455 1060 497 loco
1089 453 1356 511 digreditur,
1387 461 1437 494 ut
1468 452 1673 494 timorem

177 515 436 559 adversariis
452 515 632 558 minuat.
670 515 869 557 Petreius
887 522 1019 571 atque
1034 512 1259 562 Afranius,
1276 511 1428 555 oblata
1445 511 1673 560 facultate,

178 575 224 617 in
259 584 402 618 castra
433 590 522 617 sese
554 573 769 616 referunt.
834 574 996 622 Caesar,
1034 570 1243 629 praesidiis
1275 571 1319 612 in
1350 571 1571 614 montibus
1591 569 1675 612 dis-

179 633 346 692 positis,
383 633 501 676 omni
537 633 592 675 ad
626 632 804 675 Iberum
839 632 1073 674 intercluso
1107 630 1278 680 itinere,
1316 644 1446 687 quam
1478 629 1677 688 proxime

180 700 326 751 potest
346 691 535 734 hostium
556 691 708 733 castris
728 700 869 733 castra
891 689 1146 733 communit.

241 750 312 794 73.
350 750 532 794 Postero
573 750 642 792 die
682 750 826 792 Duces
867 748 1216 792 adversariorum
1258 746 1527 806 perturbati,
1558 746 1677 805 quod

181 824 354 854 omnem
393 809 455 853 rei
478 809 772 852 frumentariae
805 808 1082 865 fluminisque
1115 805 1232 850 Iberi
1261 821 1378 865 spem
1412 804 1678 855 dimiserant,

181 868 238 912 de
259 869 438 927 reliquis
460 869 590 911 rebus
610 868 930 911 consultabant.
994 867 1103 909 Erat
1131 881 1267 909 unum
1303 865 1403 915 iter,
1437 864 1629 908 Ilerdam
1649 868 1682 909 si

183 929 346 972 reverti
365 928 550 976 vellent;
583 926 784 977 alterum,
809 928 841 969 si
864 927 1157 969 Tarraconem
1177 933 1391 984 peterent.
1458 923 1564 968 Haec
1585 941 1683 968 con-

182 986 429 1030 siliantibus
446 986 521 1036 eis,
542 986 790 1036 nunciatur,
812 995 1044 1043 aquatores
1065 986 1123 1028 ab
1140 984 1343 1042 equitatu
1361 984 1498 1042 premi
1520 993 1684 1028 nostro.

187 1047 288 1096 Qua
310 1063 357 1090 re
376 1046 571 1103 cognita,
607 1046 781 1089 crebras
810 1046 1014 1088 stationes
1047 1043 1288 1103 disponunt
1319 1043 1518 1100 equitum
1551 1052 1595 1086 et
1616 1059 1684 1089 co-

186 1104 379 1151 hortium
412 1105 667 1155 alariarum,
700 1104 1044 1162 legionariasque
1074 1103 1345 1161 interjiciunt
1365 1102 1573 1153 cohortis,
1597 1104 1686 1146 val-

187 1164 367 1223 lumque
387 1181 442 1209 ex
462 1165 615 1207 castris
634 1163 689 1207 ad
710 1179 866 1221 aquam
899 1163 1056 1206 ducere
1080 1162 1310 1220 incipiunt,
1339 1170 1388 1204 ut
1410 1162 1525 1205 intra
1547 1164 1686 1206 muni-

188 1224 368 1273 tionem,
388 1233 433 1267 et
448 1223 537 1266 sine
561 1223 714 1266 timore
733 1232 778 1266 et
798 1222 887 1265 sine
909 1222 1184 1272 stationibus,
1206 1220 1360 1279 aquari
1380 1230 1570 1280 possent.
1633 1222 1686 1266 Id

190 1298 301 1341 opus
338 1283 452 1326 inter
488 1299 531 1325 se
569 1283 764 1325 Petreius
799 1291 932 1340 atque
964 1281 1174 1324 Afranius
1207 1280 1479 1340 partiuntur,
1517 1281 1686 1341 ipsique

191 1341 442 1401 perficiendi
464 1341 610 1400 operis
631 1356 779 1384 caussa
800 1341 971 1398 longius
990 1339 1350 1399 progrediuntur.

250 1401 322 1444 74.
358 1402 557 1452 Quorum
586 1400 772 1443 discessu
807 1399 989 1442 liberam
1018 1398 1133 1441 nacti
1165 1399 1323 1441 milites
1351 1397 1686 1456 conloquiorum

193 1459 463 1510 facultatem,
502 1460 639 1517 vulgo
677 1458 922 1517 procedunt
961 1467 1021 1507 et,
1061 1473 1191 1515 quem
1230 1458 1416 1516 quisque
1455 1458 1499 1501 in
1537 1460 1692 1501 castris

193 1528 347 1562 notum
368 1528 444 1562 aut
466 1518 729 1577 municipem
750 1517 956 1567 habebat,
978 1517 1200 1574 conquirit
1219 1525 1354 1573 atque
1372 1526 1540 1561 evocat.
1598 1517 1691 1561 Pri-

195 1593 312 1621 mum
337 1586 366 1605 ‘⁶
388 1586 527 1637 agunt
560 1577 722 1636 gratias
755 1592 900 1619 omnes
932 1577 1147 1625 omnibus,
1180 1576 1299 1632 quod
1330 1575 1412 1618 sibi
1446 1577 1694 1633 perterritis

195 1645 226 1664 ‘⁶
250 1636 390 1696 pridie
430 1636 746 1696 pepercissent:
800 1651 948 1677 eorum
987 1651 1030 1677 se
1069 1633 1279 1677 beneficio
1317 1635 1486 1677 vivere:
1534 1634 1693 1679 deinde

196 1704 226 1723 “
252 1696 533 1757 Imperatoris
554 1695 681 1738 fidem
702 1703 922 1752 quaerunt,
951 1701 1123 1737 rectene
1143 1709 1187 1737 se
1209 1692 1273 1735 illi
1294 1693 1380 1736 sint
1401 1694 1693 1745 commissuri:

196 1763 228 1783 ‘⁶
251 1765 313 1806 et,
347 1754 468 1814 quod
507 1769 591 1797 non
625 1754 682 1797 ab
705 1753 827 1797 initio
860 1753 1042 1796 fecerint
1077 1768 1284 1810 armaque
1319 1768 1419 1796 cum
1447 1752 1694 1797 hominibus

198 1823 228 1843 “
252 1815 495 1859 necessariis
516 1823 561 1857 et
590 1813 918 1872 consanguineis
939 1811 1252 1860 contulerint‚²’
1283 1821 1546 1870 queruntur.
1613 1813 1696 1856 His

198 1875 423 1934 provocati
457 1872 742 1922 sermonibus,
776 1880 804 1898 “
827 1871 953 1915 fidem
986 1872 1043 1915 ab
1066 1871 1339 1931 Imperatore
1368 1870 1424 1915 de
1458 1871 1622 1915 Petreii
1650 1882 1696 1915 et

200 1942 230 1961 “
255 1933 428 1978 Afranii
460 1933 550 1976 vita
572 1941 747 1991 petunt,
784 1947 835 1974 ne
868 1931 989 1990 quod
1021 1931 1063 1974 in
1086 1947 1128 1973 se
1153 1930 1290 1974 scelus
1324 1930 1588 1989 concepisse,
1611 1946 1695 1974 neu

200 2000 231 2021 ‘⁶
254 2009 352 2036 suos
380 1991 635 2051 prodidisse,
658 1990 905 2034 videantur.
970 1990 1142 2040 Quibus
1177 1989 1440 2032 confirmatis
1473 1989 1621 2040 rebus,
1650 2007 1696 2033 se

203 2060 234 2080 ‘⁶
257 2052 405 2095 statim
437 2051 558 2109 signa
594 2050 879 2093 translaturos
916 2049 1173 2092 confirmant
1210 2048 1465 2107 legatosque
1501 2048 1557 2091 de
1587 2065 1697 2108 pace

202 2119 234 2139 ‘⁶
259 2111 503 2170 primorum
544 2109 743 2152 ordinum
785 2108 1074 2152 Centuriones
1118 2107 1174 2150 ad
1216 2107 1431 2150 Caesarem
1470 2107 1700 2152 mittunt.”

205 2169 389 2213 Interim
409 2168 483 2213 alii
503 2184 601 2212 suos
630 2169 673 2211 in
699 2177 838 2211 castra
860 2166 1073 2210 invitandi
1096 2182 1243 2209 caussa
1264 2165 1512 2216 adducunt;
1544 2167 1617 2210 alii
1639 2168 1699 2210 ab

202 2230 291 2274 suis
321 2228 618 2278 adducuntur,
654 2227 764 2271 adeo
784 2236 835 2271 ut
856 2242 941 2271 una
963 2235 1103 2270 castra
1127 2226 1219 2286 jam
1241 2225 1356 2270 facta
1377 2242 1431 2269 ex
1449 2226 1561 2270 binis
1580 2226 1698 2270 vide-

257 2365 302 2398 In
314 2365 490 2416 montibu&
532 2366 616 2398 Sunt
630 2364 688 2408 qui
705 2364 920 2408 praepositio-

209 2420 287 2443 nem
301 2416 474 2443 omittant.

259 2456 482 2487 Dimiserant.
521 2455 575 2487 Sic
592 2455 692 2487 codd.
709 2460 742 2486 et
758 2455 834 2486 edd.
848 2459 918 2485 vet.

213 2497 327 2539 Vulgo
343 2502 542 2531 amiseram.

258 2544 463 2576 Nunciatur.
509 2542 578 2576 Alii
592 2545 811 2576 numiantur.

258 2589 468 2619 Alariarum.
492 2588 560 2619 vid.
577 2589 648 2619 lnd.
665 2588 697 2620 in
713 2590 832 2620 alarii.
847 2588 898 2619 M.

260 2633 407 2673 Quisque
422 2634 456 2662 in
471 2634 600 2665 castris.
646 2632 701 2663 Sic
728 2631 818 2662 Oud.
842 2642 922 2663 cum

214 2674 362 2708 Dav-isio
377 2686 397 2706 e
411 2676 510 2707 codd.
560 2676 672 2717 Vulgo
685 2677 864 2717 plerisque.

262 2720 397 2752 Deinde
421 2719 512 2762 Imp.
528 2720 644 2760 fidem.
689 2720 778 2751 Scal.
801 2730 819 2749 e
843 2730 924 2751 con-

210 2764 344 2807 jectura
358 2762 541 2796 ciacconii
558 2764 635 2795 dein
651 2764 692 2796 (le
707 2765 876 2805 lmp.fi‹le
891 2775 925 2806 q.

216 2808 336 2841 invitis
349 2808 448 2839 codd.
462 2814 495 2839 et
512 2808 587 2839 edd.
604 2814 670 2839 vet.

984 2375 1152 2441 αγίῗὶῐαφῖῗ
1182 2365 1274 2407 quod
1304 2375 1380 2398 cum
1410 2365 1498 2397 hom.
1538 2370 1572 2396 ut
1604 2363 1697 2417 Oud.

985 2420 1018 2441 v1
1045 2421 1053 2441 1
1074 2433 1082 2440 .
1106 2426 1114 2440 ι
1149 2434 1157 2441 .

1033 2455 1242 2489 Queruntur.
1264 2452 1326 2485 alii
1339 2458 1564 2496 coquet-uratur
1577 2458 1697 2486 contra

984 2499 1085 2529 codd.

1032 2543 1077 2574 In
1091 2553 1124 2575 se
1136 2543 1245 2574 scelus
1257 2544 1441 2584 concipere,
1455 2541 1583 2574 scelere
1599 2542 1696 2583 (pro—

987 2586 1118 2618 ditione
1155 2588 1310 2626 suorum)
1345 2585 1488 2624 efficere,
1525 2592 1561 2617 ut
1591 2585 1626 2618 in
1658 2598 1698 2618 se

987 2631 1114 2663 haereat
1130 2632 1246 2672 culpa,
1269 2638 1305 2662 ut
1329 2629 1473 2661 obnoxii
1488 2629 1555 2661 sint
1569 2630 1698 2672 culpae.

987 2675 1081 2707 Alibi
1106 2674 1230 2706 dicitur
1254 2674 1422 2706 maculam
1445 2673 1582 2706 sceleris
1605 2675 1640 2706 in
1660 2686 1699 2708 se

987 2719 1180 2760 concipere.
1206 2719 1255 2750 M.

1036 2762 1354 2800 Jncstamla'cumsa,
1376 2768 1414 2794 ut
1435 2772 1494 2794 eos
1517 2773 1623 2795 coenae
1639 2764 1700 2796 ad-

977 2807 1132 2839 .hibeant
1146 2805 1404 2848 immaniterque
1416 2806 1605 2848 excipiant.
1640 2807 1699 2840 Sic

264 2854 415 2891 Rectene,
429 2862 471 2885 an
486 2852 558 2885 sine
574 2852 726 2894 periculo
738 2851 878 2884 fallaciae
893 2858 928 2883 et
991 2851 1152 2883 Davisius
1162 2861 1240 2882 cum
1254 2850 1387 2883 Graevio
1400 2851 1462 2892 (ad
1477 2851 1601 2884 Justin.
1618 2854 1646 2891 l,
1663 2854 1702 2892 6)

215 2896 343 2931 damni.
368 2898 419 2929 M.

267 2943 438 2984 Armaque
454 2950 533 2977 cum
550 2941 642 2976 hom.
687 2941 771 2983 Leg.
793 2951 811 2972 e
828 2941 928 2974 codd.

992 2895 1169 2927 intellexit.
1193 2895 1243 2926 M.

1040 2941 1106 2971 Alii
1116 2938 1335 2979 (Caesariani)
1343 2939 1385 2972 ab
1397 2942 1464 2972 suis
1475 2939 1702 2983 (Afranianis)

993 2984 1212 3019 adducuntur
1225 2983 1276 3024 (in
1291 2990 1397 3020 eastra
1414 2982 1570 3028 Afranii).
1587 2986 1639 3022 M.
