1946 3261
228 173 311 222 164
630 171 714 217 DE
745 169 950 216 BELLO
983 167 1277 214 GALLICO.

221 301 372 364 prodit
391 316 400 343 τ
433 298 554 343 videt
573 299 779 342 inminere
797 296 939 342 hostes
959 305 1092 356 atque
1114 297 1158 340 in
1178 313 1341 341 summo
1375 312 1462 340 esse
1491 311 1583 340 rem
1609 295 1692 338 dis-

223 361 424 405 crimine:
467 358 587 418 capit
618 374 738 400 arma
772 374 798 400 a
835 357 1040 416 proximis
1064 366 1197 415 atque
1234 357 1277 400 in
1319 366 1449 415 porta
1487 354 1694 399 consistit.

224 421 564 476 Consequuntu'r
596 416 711 459 hunc
743 416 1029 459 Centuriones
1054 416 1146 474 ejus
1171 415 1377 465 cohortis,
1409 431 1506 473 quae
1537 415 1580 456 in
1612 422 1695 455 sta-

221 479 337 520 tione
370 485 492 519 erat:
538 475 776 536 paullisper
816 490 902 517 una
938 474 1142 533 proelium
1181 475 1405 517 sustinent.
1469 472 1697 530 Relinquit

218 536 384 579 animus
424 536 638 584 Sextium,
669 533 874 592 gravibus
914 533 1103 592 acceptis
1141 533 1423 576 vulneribus:
1467 547 1582 590 aegre
1616 546 1697 589 per

218 599 369 637 manus
389 601 556 637 tractus
573 601 786 636 servatur.
851 592 948 635 Hoc
967 592 1106 650 spatio
1127 593 1400 651 interposito,
1429 590 1587 647 reliqui
1606 605 1695 631 sese

215 652 471 696 confirmant
502 660 690 701 tantum,
725 659 775 694 ut
810 651 852 693 in
891 651 1203 696 munitionibus
1237 653 1466 697 consistere
1506 649 1696 692 audeant

213 712 486 772 speciemque
502 711 777 754 defensorum
799 710 1038 769 praebeant.

277 770 348 813 39.
383 769 566 813 Interim
587 771 782 813 confecta
804 769 1156 819 frumentatione,
1190 769 1348 812 milites
1376 769 1510 811 nostri
1539 768 1694 811 clamo-

218 845 309 875 rem
332 828 597 877 exaudiunt;
628 836 902 887 praecurrunt
932 828 1117 886 equites,
1151 838 1316 886 quanto
1348 826 1404 869 sit
1433 827 1564 870 resin
1583 827 1695 885 peri-

217 887 336 939 culo,
359 895 638 946 cognoscunt.
714 887 802 930 Hic
825 903 929 930 vero
947 887 1066 930 nulla
1085 887 1270 930 munitio
1299 894 1379 935 est,
1405 902 1506 943 quae
1528 895 1696 944 perter-

219 947 326 991 ritos
347 947 555 1006 recipiat:
589 945 718 989 modo
739 946 989 1004 conscripti,
1013 954 1148 1004 atque
1171 963 1269 988 usus
1286 945 1485 988 militaris
1503 945 1696 1004 inperiti,

217 1006 274 1050 ad
296 1006 543 1049 Tribunum
564 1005 751 1048 militum
772 1005 1147 1063 Centurioncsque
1169 1020 1244 1048 ora
1266 1012 1528 1047 convertunt
1548 1019 1557 1045 :
1591 1003 1696 1061 quid

216 1065 276 1109 ab
294 1064 357 1107 his
389 1064 684 1123 praecipiatur,
710 1072 979 1122 exspectant.
1034 1064 1176 1107 Nemo
1205 1073 1269 1106 est
1302 1072 1391 1106 tam
1420 1063 1557 1115 fortis,
1592 1063 1697 1119 quin

218 1124 282 1168 rei
308 1123 502 1166 novitate
534 1123 839 1182 perturbetur.
904 1122 1105 1172 Barbari,
1128 1123 1248 1180 signa
1271 1121 1425 1180 procul
1447 1122 1697 1179 conspicati,

217 1182 341 1241 obpu
376 1182 546 1224 natione
585 1181 827 1224 desistunt:
887 1181 1047 1224 redisse
1086 1178 1227 1240 primo
1267 1181 1456 1239 legiones
1496 1179 1697 1229 credunt,

251 1257 326 1284 uas
345 1197 529 1298 5ongius
566 1239 801 1283 discessisse
837 1256 891 1282 ex
928 1240 1110 1298 captivis
1149 1247 1472 1297 cognoverant:
1534 1247 1699 1296 postea,

215 1256 293 1343 des
329 1307 423 1342 ecta
445 1299 679 1357 paucitate,
702 1313 756 1341 ex
775 1299 972 1340 omnibus
992 1299 1193 1356 partibus
1217 1299 1426 1355 impetum
1449 1297 1625 1339 faciunt.

276 1316 348 1401 LK).
396 1357 582 1399 Calones
618 1358 660 1399 in
699 1357 946 1415 proximum
987 1356 1204 1399 tumulum
1244 1366 1538 1415 procurrunt:
1601 1356 1699 1399 hinc

216 1416 420 1460 celeriter
451 1415 610 1471 deiecti
643 1432 686 1458 se
716 1416 757 1458 in
795 1415 915 1473 signa
957 1415 1288 1473 manipulosque
1327 1415 1588 1473 conjiciunt:
1647 1431 1699 1458 eo

216 1475 355 1534 magis
396 1465 570 1518 timidos
613 1483 862 1532 perterrent
904 1474 1075 1516 milites.
1164 1475 1271 1523 Alii,
1315 1490 1451 1517 cuneo
1494 1475 1607 1517 facto
1648 1483 1699 1516 ut

216 1534 417 1577 celeriter
440 1542 740 1591 perrumpant,
773 1541 964 1582 censent,
997 1534 1199 1590 quoniam
1230 1544 1316 1575 tam
1346 1533 1593 1592 propinqua
1615 1533 1699 1575 sint

216 1600 386 1640 castra;
418 1600 479 1641 et,
501 1591 534 1634 si
558 1607 656 1649 pars
689 1592 838 1649 aliqua
866 1592 1159 1635 circumventa
1188 1592 1411 1640 ceciderit,
1440 1601 1485 1634 at
1509 1593 1700 1648 reliquos

216 1651 381 1694 servari
414 1665 537 1709 posse
571 1649 819 1692 confidunt:
866 1651 956 1699 alii,
996 1659 1045 1692 ut
1077 1651 1118 1692 in
1145 1651 1252 1708 jugo
1292 1651 1525 1693 consistant
1566 1659 1699 1708 atque

215 1709 414 1752 eumdem
452 1724 596 1751 omnes
632 1709 773 1751 ferant
815 1724 972 1750 casum.
1039 1708 1136 1751 Hoc
1177 1718 1344 1751 veteres
1387 1724 1469 1751 non
1511 1710 1699 1768 probant.

215 1767 394 1818 milites,
427 1783 535 1825 quos
568 1768 651 1810 sub
679 1767 838 1810 vexillo
870 1782 955 1809 una
988 1767 1206 1825 profectos
1241 1768 1476 1811 docuimus.
1542 1768 1700 1825 Itaque

216 1827 334 1870 inter
353 1843 398 1870 se
419 1826 649 1875 cohortati,
682 1826 793 1868 duce
829 1826 880 1869 C.
917 1826 1153 1875 Trebonio,
1184 1826 1346 1885 Equite
1381 1827 1593 1875 Romano,
1623 1826 1700 1884 qui

217 1886 278 1929 eis
312 1893 408 1928 erat
439 1884 711 1943 praepositus,
744 1900 823 1943 per
854 1885 1015 1927 medios
1045 1884 1185 1928 hostes
1216 1895 1506 1944 perrumpunt
1540 1886 1700 1928 incolu-

218 1960 394 2003 mesque
419 1943 474 1986 ad
508 1959 638 1986 unum
669 1959 814 1986 omnes
845 1943 885 1986 in
917 1952 1058 1986 castra
1094 1945 1368 2002 perveniunt.
1435 1944 1528 1987 Hos
1557 1946 1700 1987 subse-

217 2003 309 2046 cuti
331 2003 500 2046 calones
521 2002 775 2060 equitesque
796 2002 944 2045 eodem
966 2003 1118 2061 inpetu
1141 2003 1324 2045 militum
1345 2003 1510 2045 virtute
1531 2018 1701 2045 servan-

212 2069 310 2104 tur.
375 2063 438 2104 At
458 2061 502 2111 ii,
533 2061 609 2118 qui
632 2061 674 2103 in
698 2062 805 2119 jugo
834 2062 1135 2110 constiterant,
1167 2061 1287 2104 nullo
1316 2062 1446 2104 etiam
1478 2077 1590 2104 nunc
1622 2078 1700 2104 usu

219 2121 284 2163 rei
305 2119 502 2163 militaris
522 2129 748 2178 percepto,
780 2135 918 2179 neque
943 2121 983 2162 in
1015 2136 1081 2167 eo,
1147 2120 1230 2162 uod
1262 2121 1572 2177 probaverant,
1604 2137 1701 2164 con-

217 2178 315 2222 silio
336 2193 606 2237 permanere,
625 2187 674 2220 ut
695 2196 737 2221 se
760 2179 856 2222 loco
877 2179 1098 2237 superiore
1114 2138 1414 2225 defenderent,
1435 2195 1574 2237 neque
1591 2196 1700 2227 eam,

220 2253 352 2296 quam
388 2236 598 2296 profuisse
631 2237 724 2279 aliis
762 2239 847 2281 vim
889 2238 1244 2295 celeritatemque
1285 2238 1500 2287 viderant,
1544 2239 1700 2281 imitari

254 2304 487 2343 otuerunt;
530 2295 622 2345 sed,
661 2312 704 2337 se
743 2296 784 2338 in
823 2305 964 2339 castra
999 2297 1191 2354 recipere
1229 2296 1388 2345 conati,
1423 2297 1616 2354 iniquum
1658 2298 1700 2339 in

240 2370 364 2398 ocum
384 2354 657 2399 demiserant.
721 2355 1023 2405 Centuriones,
1053 2372 1239 2413 quorum
1265 2355 1459 2398 nonnulli
1481 2373 1534 2398 ex
1555 2356 1701 2399 inferi-

219 2413 370 2457 oribus
412 2413 636 2456 ordinibus
679 2412 944 2470 reliquarum
987 2414 1204 2469 legionum
1245 2414 1419 2457 virtutis
1459 2431 1606 2458 caussa
1656 2416 1698 2458 in

221 2473 465 2531 superiores
497 2481 626 2514 erant
652 2471 822 2514 ordines
852 2472 978 2531 hujus
1023 2473 1201 2531 legionis
1233 2473 1487 2523 transducti,
1518 2489 1570 2516 ne
1598 2483 1700 2516 ante

223 2540 397 2590 partam
418 2530 478 2574 rei
500 2530 699 2573 militaris
721 2530 888 2573 laudem
910 2531 1175 2581 amitterent,
1205 2532 1430 2575 fortissime
1459 2545 1701 2591 pugnantes

222 2590 514 2634 conciderunt.
542 2589 736 2632 Militum
756 2606 873 2648 pars,
895 2589 1049 2633 horum
1073 2590 1237 2634 virtute
1259 2590 1467 2634 submotis
1487 2590 1698 2640 hostibus,

274 2708 441 2758 Relipequie
462 2711 598 2741 animus
628 2709 791 2746 Sea-tium,
820 2706 926 2738 animi
999 2714 1033 2739 ut
1064 2709 1222 2742 Davisius
1254 2715 1388 2751 putasse
1414 2709 1558 2742 videtur.
1615 2709 1698 2741 Mox

226 2751 414 2793 deliquium
441 2763 560 2794 passus
585 2757 648 2785 est.
671 2758 706 2782 ut
731 2750 855 2782 medici
879 2751 927 2781 lo·
996 2753 1087 2784 enim
1106 2760 1256 2785 servatus
1270 2760 1432 2785 narratur.

224 2802 383 2836 quuntur.
408 2798 571 2837 Deficiem
586 2795 740 2827 additum
753 2801 829 2827 ante
839 2804 929 2836 (εμπ-θ
1042 2798 1303 2839 Obpmqnatione.
1320 2799 1365 2829 al.
1381 2799 1425 2829 ab
1440 2798 1699 2839 obpuqnatione.

227 2838 261 2870 in
279 2849 345 2870 uno
360 2841 436 2871 cod.
453 2840 567 2872 Oxon.
583 2845 710 2879 exstat5
727 2839 784 2871 sed
798 2839 929 2870 videtur
1042 2843 1083 2872 Ae
1098 2843 1253 2883 reliquos.
1279 2841 1303 2873 i.
1317 2853 1349 2873 e.
1363 2849 1434 2873 tum
1450 2841 1582 2872 saltem.

224 2883 422 2917 redundate.
447 2885 499 2917 M.
543 2884 699 2918 Mortuus
714 2893 780 2917 non
793 2882 929 2921 dicitur,
1047 2887 1112 2915 Usu
1128 2891 1290 2927 percepto.
1314 2886 1383 2918 vid.
1401 2886 1470 2918 lud.
1488 2885 1520 2918 in
1539 2896 1631 2918 usus.
1650 2887 1700 2918 M.

997 2927 1049 2960 Cf.
1065 2928 1104 2961 C..
1123 2931 1154 2960 3.
1170 2932 1223 2962 84.
