1946 3261
275 242 365 287 510
496 243 554 285 A.
587 237 793 284 HIRTII
824 237 911 282 DE
943 237 1148 282 BELLO
1181 237 1529 284 AFRICANO.

274 370 416 412 viator
448 373 659 426 praeterea
691 367 748 410 ab
769 366 799 409 J
804 367 889 410 uba
915 364 971 409 ad
993 380 1091 408 eum
1111 372 1176 408 est
1195 365 1361 420 missus,
1386 366 1463 424 qui
1483 365 1665 416 diceret,
1687 379 1762 410 au-

273 427 418 469 diente
442 428 647 469 Saserna:
683 433 713 452 ‘⁶
732 425 867 468 Vetat
888 433 930 467 te
952 424 1048 467 Rex
1066 424 1313 481 conloqui.'’
1367 427 1467 476 Quo
1487 425 1645 468 nuncio
1665 440 1763 483 per-

272 486 453 529 territus
473 484 663 528 discessit
683 492 728 527 et.
747 484 866 528 dicto
889 484 1065 527 audiens
1087 484 1172 526 fuit
1194 483 1322 543 Regi.
1385 485 1480 528 Usu
1501 485 1663 528 venisse
1682 483 1763 528 hoc

272 543 355 586 civi
378 544 590 594 Romano,
613 553 657 587 et
678 544 733 594 ei,
755 544 830 602 qui
851 561 876 586 a
900 543 1071 601 Populo
1095 543 1290 587 Romano
1311 544 1496 587 honores
1516 543 1763 601 accepisset,

269 602 473 646 incolumi
513 603 656 662 patria
687 603 960 660 fortunisque
982 602 1198 652 omnibus,
1237 603 1367 646 Jubae
1394 603 1584 647 barbaro
1618 601 1764 661 potius

270 661 545 705 obedientem
566 663 710 712 fuisse,
742 678 870 721 quam
900 669 977 703 aut
1000 661 1213 720 Scipionis
1239 663 1557 721 obtemperasse
1587 661 1761 712 nuncio,

270 729 364 773 aut,
395 722 509 764 caesis
535 722 724 779 ejusdem
755 721 890 779 partis
918 720 1102 770 civibus,
1132 721 1390 765 incolumem
1417 720 1579 766 reverti
1608 720 1762 764 malle!

272 780 423 837 Atque
452 781 582 823 etiam
610 781 841 839 superbius
862 780 889 822 J
897 780 993 822 ubae
1024 780 1186 822 factum
1217 796 1302 823 non
1329 781 1373 823 in
1410 781 1476 822 M.
1505 777 1760 838 Aquinium,⁸

269 837 484 883 hominem
520 855 681 882 novum
713 855 984 898 parvumque
1016 839 1286 888 Senatorem,
1319 839 1393 881 sed
1424 839 1467 881 in
1497 839 1762 897 Scipionem,

269 896 484 944 hominem
502 899 576 941 illa
594 898 769 948 familia,
783 898 1013 957 dignitate,
1032 897 1269 940 honoribus
1289 905 1578 956 praestantem.
1630 897 1762 947 Nam,

269 972 404 1014 quum
428 956 576 1014 Scipio
595 958 747 1014 sagulo
764 973 988 1016 purpureo
1009 965 1106 998 ante
1126 956 1258 1016 Regis
1275 957 1509 999 adventum
1526 957 1592 998 uti
1609 955 1763 999 solitus

269 1024 394 1065 esset,
411 1016 571 1059 dicitur
589 1016 617 1058 J
622 1017 705 1059 uba
726 1033 824 1058 cum
846 1033 897 1058 eo
917 1016 1067 1073 egisse,
1092 1024 1121 1042 “
1142 1031 1227 1059 non
1249 1025 1452 1075 oportere
1470 1016 1595 1058 illum
1611 1013 1763 1058 eodem

269 1081 299 1100 ‘⁶
325 1075 389 1117 uti
422 1076 599 1123 vestitu,
634 1084 765 1132 atque
794 1075 885 1133 ipse
907 1076 1152 1118 uteretur.”
1213 1074 1368 1132 Itaque
1402 1076 1564 1117 factum
1597 1082 1677 1124 est,
1711 1082 1763 1116 ut

271 1133 419 1191 Scipio
450 1133 502 1175 ad
533 1133 682 1175 album
714 1151 803 1176 sese
825 1134 1029 1176 vestitum
1059 1134 1317 1177 transferret
1347 1142 1392 1176 et
1421 1134 1450 1176 J
1457 1134 1567 1183 ubae,
1601 1131 1763 1177 homini

268 1191 574 1250 superbissimo
595 1191 952 1250 inertissimoque‚
976 1193 1316 1251 obtemperaret.

327 1251 398 1292 58.
433 1249 612 1293 Postero
630 1250 699 1293 die
721 1251 940 1294 universas
957 1252 1145 1294 omnium
1165 1252 1306 1309 copias
1323 1251 1378 1293 de
1398 1250 1548 1293 castris
1567 1248 1762 1292 omnibus

267 1309 458 1352 educunt
479 1317 538 1358 et,
570 1311 851 1367 supercilium
871 1310 1087 1368 quoddam
1111 1311 1324 1352 excelsum
1354 1310 1485 1359 nacti,
1519 1324 1605 1351 non
1634 1307 1762 1366 longe

265 1384 290 1410 a
304 1367 483 1410 Caesaris
496 1369 646 1411 castris
658 1369 790 1411 aciem
807 1369 1078 1411 constituunt
1095 1378 1226 1427 atque
1243 1369 1303 1411 ibi
1321 1369 1574 1411 consistunt.
1617 1366 1762 1410 Caesar

265 1427 368 1469 item
392 1426 599 1484 producit
621 1428 764 1485 copias
791 1427 1074 1485 celeriterque
1107 1428 1154 1470 iis
1183 1427 1403 1470 instructis
1433 1436 1533 1470 ante
1554 1441 1650 1469 suas
1669 1441 1761 1468 mu-

263 1485 462 1534 nitiones,
485 1502 581 1543 quae
601 1495 725 1529 erant
744 1487 786 1529 in
807 1502 976 1545 campo,
991 1487 1210 1535 constitit3
1243 1486 1329 1529 sine
1346 1486 1480 1529 dubio
1501 1485 1762 1534 existimans,

264 1545 386 1587 ultro
406 1544 689 1595 adversarios,
723 1562 857 1602 quum
886 1555 973 1588 tam
995 1547 1158 1604 magnis
1182 1546 1315 1604 copiis
1337 1545 1596 1603 auxiliisque
1627 1543 1762 1602 Regis

265 1612 404 1646 essent
424 1604 595 1661 praediti
617 1605 916 1662 promtiusque
945 1604 1256 1663 prosiluissent,
1284 1613 1384 1647 ante
1413 1620 1455 1646 se
1476 1617 1762 1647 concursuros

270 1716 396 1751 afferet.
456 1710 574 1742 Daris.
613 1711 840 1752 conjectabat,
879 1712 974 1753 prius
1055 1723 1141 1750 esse,
1163 1712 1263 1744 facile
1280 1711 1386 1743 oritur
1401 1711 1550 1753 suspicio
1577 1709 1760 1751 interpola-

269 1755 430 1795 scriptum
457 1755 561 1786 fuisse
588 1755 633 1786 acl
663 1757 714 1787 Sc.
741 1755 806 1787 i.c.
832 1756 878 1788 cul
904 1758 973 1787 Sci·

263 1801 408 1840 pionem.
452 1799 480 1830 E
496 1799 636 1840 vulgato
653 1800 762 1830 Bentl.
779 1801 975 1841 expiscatur

271 1843 451 1874 lectionem
489 1844 595 1874 hanc:
645 1845 683 1878 Q.
712 1852 748 1874 π.
779 1855 826 1874 m.
861 1847 973 1882 etiam,

268 1884 390 1919 'mmcio
425 1888 471 1919 acl
499 1888 685 1929 Scipionem
708 1893 898 1926 revertente,
922 1900 972 1920 re-

267 1936 382 1969 staret,
398 1937 433 1963 ut
449 1949 504 1963 —.

317 1977 386 2006 Cirr?
404 1977 566 2007 Romano.
605 1976 685 2006 Post
699 1975 770 2006 hare
785 1976 886 2006 verba
898 1975 974 2007 edd.

269 2020 362 2060 vulg.
380 2021 503 2052 addunt
519 2023 638 2058 miror,
660 2026 777 2051 contra
797 2020 895 2050 codd.
911 2030 974 2060 op-

269 2063 383 2094 timos.
427 2064 633 2095 Monuerum
654 2063 815 2095 Davisius
834 2069 865 2093 et
885 2063 973 2095 Oud.

272 2106 479 2138 infinitivum
503 2108 604 2138 etiam
622 2108 655 2138 h.
671 2108 692 2139 l.
708 2108 864 2138 absolute
882 2108 975 2148 posi-

271 2156 341 2182 tum
358 2161 443 2189 esse,
462 2157 496 2181 ut
516 2151 547 2182 in
564 2162 716 2182 sermone
732 2151 927 2183 admirantis
942 2158 975 2184 et

269 2193 488 2235 indignantis.
540 2195 668 2226 Poterit
703 2206 780 2236 ergo
820 2195 976 2236 intelligi,

269 2244 357 2270 avene
383 2239 544 2275 credibile,
573 2240 631 2269 hoc
660 2250 721 2270 usu
750 2242 894 2270 rents-se?
924 2241 972 2271 M.

271 2281 389 2313 Simile
404 2282 599 2322 exemplum
611 2293 667 2323 ap.
685 2283 858 2314 Justinum
876 2287 907 2321 2,
925 2286 973 2315 14.

270 2325 398 2357 Lucan.
418 2330 448 2363 5,
466 2327 541 2357 695.
560 2325 639 2357 item
654 2338 753 2368 supra
772 2328 814 2358 G.
833 2332 863 2361 ι),
877 2329 928 2357 97.

319 2371 475 2401 Honores
501 2373 688 2412 accepisset.
741 2370 823 2402 Mox
850 2371 975 2403 dicitur

270 2414 420 2447 Senator.
445 2414 495 2444 M.

317 2459 478 2498 Ejusdem
489 2460 606 2499 partis,
620 2458 653 2489 in
667 2468 731 2498 qua
745 2458 809 2489 fuit
826 2458 880 2489 ille
899 2458 973 2500 ipse

270 2501 357 2533 civis
376 2502 558 2533 Romanus.
581 2503 775 2534 incolumem
802 2505 930 2541 ret-erm
953 2513 973 2534 a

271 2546 402 2578 Caesare
432 2552 597 2577 servatum
631 2546 744 2587 potius
772 2545 803 2576 in
835 2547 974 2586 patriam

272 2590 391 2629 redire,
427 2601 529 2631 quam
567 2590 668 2621 Jubae
702 2589 972 2622 benevolentiam

271 2642 420 2675 captare.
455 2634 518 2665 Sed
536 2633 625 2666 Oud.
642 2639 769 2673 monet,
784 2633 856 2665 haec
871 2635 973 2666 verba

272 2680 536 2709 casis—malle
565 2679 796 2709 tantummodo
832 2677 863 2708 in
895 2678 974 2709 Lei-

273 2722 368 2752 densi
394 2721 504 2763 primo
520 2728 668 2761 exstare-3
694 2722 726 2754 in
741 2721 820 2753 aliis
833 2722 974 2763 quibus-

272 2765 347 2795 dam
369 2772 403 2797 ct
417 2766 493 2797 edd.
511 2766 627 2807 primis
651 2777 723 2799 esse
749 2768 889 2798 Caesaris
915 2777 974 2807 pro

274 2812 378 2848 eoese‘S,
400 2810 490 2850 quod
515 2810 546 2841 in
564 2821 599 2841 se
621 2821 720 2842 sensu
737 2816 844 2849 caret;
868 2812 925 2841 sed
942 2811 971 2842 si

271 2853 423 2891 addatur,
453 2854 486 2885 in
515 2854 591 2886 aliis
614 2865 727 2887 rursus
748 2854 880 2886 duobus
906 2855 971 2886 hoc

271 2895 414 2927 verbum
430 2900 574 2930 Caesaris
590 2899 671 2940 legi,
683 2899 742 2930 illa
754 2909 833 2930 vero
849 2899 974 2938 omnia,

269 2941 313 2972 ei·
326 2945 419 2983 part.
436 2943 495 2974 civ.
511 2944 576 2975 inc.
591 2953 660 2976 rev.
674 2954 735 2983 m„
757 2942 890 2986 penitus
911 2943 974 2976 ab·

1055 1756 1175 1795 tionis;
1215 1761 1329 1796 estque
1360 1755 1460 1786 nobis
1489 1766 1604 1786 sensus
1636 1753 1757 1784 horum

1054 1800 1246 1837 verborum,
1269 1804 1330 1831 aut
1351 1801 1441 1830 caesis
1456 1815 1501 1821 —-
1515 1800 1627 1837 malle,
1651 1797 1759 1829 incer-

1054 1849 1119 1875 tus.
1148 1844 1195 1874 M.
1367 1854 1375 1856 >

1101 1889 1206 1928 Atque
1221 1889 1319 1918 etiam
1334 1887 1526 1928 —sacnmm
1550 1884 1626 1918 scil.
1639 1890 1759 1924 exstat,

1053 1937 1213 1962 narratur.
1236 1932 1287 1962 M.

1100 1977 1256 2007 Parvum
1273 1976 1479 2006 Senatorem.
1503 1972 1662 2005 Davisius
1672 1982 1759 2004 nove

1053 2019 1183 2050 dictum
1201 2025 1296 2059 putat
1317 2025 1349 2049 et
1369 2017 1509 2050 librario
1525 2017 1654 2055 tribuit,
1669 2017 1759 2048 vult-

1053 2074 1119 2104 que
1133 2063 1308 2104 pedm-ium
1329 2064 1407 2093 Sen.
1423 2061 1502 2103 logi,
1526 2062 1568 2092 de
1585 2071 1653 2102 quo
1670 2060 1758 2092 Gell.

1055 2107 1096 2138 N.
1109 2109 1150 2138 A.
1168 2109 1199 2138 3.
1215 2110 1263 2137 18.
1300 2106 1427 2137 Contra
1444 2105 1533 2137 Oud.
1545 2105 1578 2136 in
1588 2104 1760 2136 Addendis

1054 2151 1140 2182 benc
1166 2150 1317 2181 defendit
1341 2161 1395 2189 eo,
1425 2149 1506 2191 quia
1535 2149 1698 2181 Horatius
1724 2147 1758 2180 in

1055 2195 1167 2236 Epod.
1184 2198 1214 2234 ⁴,
1238 2197 1286 2225 15.
1310 2193 1408 2234 dixit,
1430 2196 1466 2225 in
1479 2195 1600 2235 primis
1615 2202 1759 2235 maynus

1056 2240 1179 2281 Eques.
1207 2239 1256 2269 M.

1101 2284 1228 2324 Saqzdo
1240 2292 1419 2324 purpurea,
1433 2281 1682 2322 paludamento.
1705 2279 1758 2311 Cf.

1054 2327 1094 2358 B.
1111 2327 1152 2358 G.
1171 2329 1202 2364 7,
1225 2329 1277 2357 88.
1294 2343 1336 2348 —
1353 2325 1554 2357 Plutarchus
1582 2323 1615 2355 in
1638 2323 1757 2355 Caton.

1055 2381 1087 2402 c.
1105 2372 1156 2401 57.
1186 2369 1286 2401 etiam
1310 2374 1404 2400 notat
1425 2368 1619 2410 superbiam
1645 2366 1757 2405 Jubae,

1054 2414 1113 2456 qui
1137 2413 1318 2454 aliquando
1343 2413 1376 2444 in
1391 2412 1576 2454 conloquio
1591 2422 1669 2443 eum
1685 2411 1759 2442 Sci-

1057 2459 1158 2500 pione
1174 2465 1207 2488 et
1222 2458 1348 2489 Catone
1363 2467 1460 2489 suam
1475 2457 1594 2488 sellam
1609 2455 1757 2487 mediam

1055 2502 1137 2544 poni
1154 2502 1316 2541 voluerit;
1340 2512 1359 2533 a
1375 2501 1505 2532 Catone
1520 2506 1631 2531 tamen
1650 2499 1697 2530 ita
1714 2498 1758 2529 sit

1055 2556 1117 2577 con
1124 2553 1242 2584 rectus,
1255 2544 1517 2586 ut,transpositis
1526 2541 1756 2584 sellis,Scipio

1055 2590 1189 2621 medius
1223 2590 1360 2621 sederet.
1409 2588 1632 2629 Conqueritur
1667 2587 1756 2618 idem

1055 2633 1254 2665 Plutarchus
1273 2635 1314 2665 de
1329 2632 1533 2669 adulatione,
1554 2641 1622 2673 qua
1637 2629 1755 2672 Scipio

1055 2679 1192 2720 captarit
1210 2678 1307 2709 Jubae
1322 2678 1484 2709 favorem.
1508 2676 1558 2707 M.

1101 2724 1238 2754 Factum
1255 2727 1312 2753 est.
1356 2721 1490 2752 Addunt
1503 2718 1565 2751 alii
1581 2719 1674 2750 illim.

1101 2767 1337 2805 Supereslium,
1366 2765 1460 2796 locus
1487 2763 1609 2800 editus,
1643 2759 1755 2792 collis.

1054 2810 1108 2841 Cf.
1136 2809 1228 2851 Virg.
1253 2809 1378 2850 Georg.
1405 2810 1432 2848 l,
1461 2810 1533 2839 108.
1556 2812 1589 2838 et
1613 2804 1754 2837 Gesneri

1053 2854 1258 2885 thesaurum.
1305 2853 1417 2884 Etiam
1438 2851 1553 2884 Graece
1568 2848 1616 2881 sic
1631 2849 1758 2880 dicitur

1052 2897 1146 2941 ὂφςὺς,
1170 2899 1211 2928 de
1231 2907 1301 2938 quo
1324 2895 1438 2928 multis
1458 2894 1527 2937 egit
1549 2892 1758 2926 Wetstenius

1051 2942 1095 2974 ad
1111 2941 1242 2984 Evang.
1256 2941 1358 2975 Lucae
1374 2943 1407 2979 4,
1422 2940 1476 2972 29.
1497 2938 1551 2973 M.
