1946 3261
227 235 286 279 84
648 230 732 274 DE
765 229 969 274 BELLO
1003 229 1301 274 GALLICO.

221 368 252 388 ‘⁶
279 354 726 406 Mediomatricorum,
757 354 1065 406 Tribucorum‚
1088 354 1371 400 Trevirorum
1389 355 1546 399 citatus
1567 355 1711 398 fertur

220 427 252 447 “
273 428 333 468 et,
374 416 448 458 ubi
487 415 660 457 Oceano
699 413 1040 473 adpropinquat,
1080 415 1123 457 in
1165 415 1312 474 plures
1347 414 1508 458 diffluit
1548 422 1711 473 partes,

221 485 252 505 “
274 475 420 519 multis
441 473 775 532 ingentibusque
794 471 940 515 insulis
970 473 1146 523 effectis,
1177 489 1361 530 quarum
1381 488 1482 531 pars
1512 487 1668 532 magna
1686 488 1714 514 a

220 544 250 563 “
274 534 374 576 feris
394 532 676 590 barbarisque
705 531 950 575 nationibus
980 531 1199 581 incolitur,
1230 548 1283 574 ex
1304 531 1462 590 quibus
1490 540 1606 579 sunt.
1637 531 1713 589 qui

218 602 250 621 “
274 591 462 651 piscibus
493 598 625 648 atque
655 590 747 632 ovis
778 590 921 633 avium
952 589 1100 634 vivere
1129 591 1445 640 existimantur,
1480 589 1714 648 multisque

218 660 249 680 ‘⁴
270 650 486 709 capitibus
506 649 549 692 in
573 648 793 691 Oceanum
814 647 999 691 influit.”

284 710 350 753 ll.
384 708 528 751 Caesar
547 723 683 765 quum
701 707 757 750 ab
776 706 898 750 hoste
914 722 998 750 non
1016 705 1200 766 amplius
1216 723 1412 766 passuum
1433 707 1521 752 XII
1541 707 1715 751 milibus

217 768 401 817 abesset,
423 775 474 810 ut
493 774 589 809 erat
608 767 906 815 constitutum,
933 765 989 809 ad
1011 781 1109 809 eum
1130 766 1263 826 legati
1283 776 1586 811 revertuntur:
1620 766 1712 824 qui,

216 828 262 871 in
297 826 452 870 itinere
486 825 716 883 congressi,
752 840 1029 884 magnopere,
1066 841 1118 868 ne
1155 825 1324 883 longius
1361 826 1713 885 progrederetur,

216 886 419 930 orabant.
485 885 631 934 Quum
666 884 710 927 id
746 899 830 927 non
865 884 1167 943 inpetrassent,
1203 885 1430 942 petebant,
1464 884 1529 927 uti
1561 884 1616 927 ad
1641 898 1712 927 eos

216 944 397 1003 equites,
420 943 494 1001 qui
516 958 669 999 agmen
690 943 1022 993 antecessissent,
1055 942 1353 1001 praemitteret,
1385 959 1542 1000 eosque
1565 957 1713 1002 pugna

219 1003 493 1063 prohiberet;
525 1002 693 1059 sibique
721 1002 785 1044 uti
820 1010 1080 1060 potestatem
1109 1002 1285 1051 faceret,
1320 1002 1361 1044 in
1387 1001 1527 1046 Ubios
1547 1001 1713 1059 legatos

217 1061 442 1105 mittendi:
479 1069 507 1088 ‘⁶
532 1076 718 1118 quorum
739 1060 771 1102 si
797 1060 1017 1120 Principes
1049 1076 1097 1103 ac
1126 1070 1295 1104 senatus
1321 1061 1402 1104 sibi
1430 1059 1714 1119 jurejurando

220 1129 251 1148 ‘⁶
274 1121 402 1164 fidem
437 1119 617 1169 fecisset,
654 1136 706 1162 ea
746 1119 1004 1169 conditione,
1041 1136 1137 1177 quae
1174 1136 1200 1162 a
1234 1119 1401 1162 Caesare
1435 1120 1638 1168 ferretur,
1671 1135 1714 1162 se

220 1188 251 1208 “
275 1195 425 1223 usuros
461 1178 797 1221 ostendebant:⁷'
839 1178 895 1221 ad
935 1179 1009 1222 has
1042 1194 1108 1221 res
1143 1178 1426 1221 conficiendas
1457 1178 1538 1221 sibi
1580 1177 1713 1221 tridui

215 1239 407 1298 spatium
425 1238 565 1281 daret.
631 1237 736 1280 Haec
756 1238 899 1280 omnia
922 1237 1066 1280 Caesar
1086 1236 1238 1279 eodem
1262 1236 1338 1279 illo
1362 1237 1577 1295 pertinere
1598 1237 1714 1279 arbi-

217 1298 440 1347 trabatur,
471 1305 537 1346 ut,
572 1296 703 1338 tridui
724 1311 844 1338 mora
866 1295 1136 1354 interposita,
1169 1295 1333 1351 equites
1354 1311 1518 1343 eorum,
1540 1295 1616 1352 qui
1637 1295 1713 1338 ab-

215 1364 371 1406 essent,
390 1363 731 1398 reverterentur:
767 1363 911 1396 tamen
932 1370 1017 1396 sese
1035 1369 1117 1396 non
1135 1353 1305 1410 longius
1324 1353 1497 1397 milibus
1515 1369 1714 1412 passuum

217 1424 408 1473 quatuor
449 1413 692 1471 aquationis
731 1428 876 1454 caussa
919 1427 1215 1470 processurum
1255 1427 1306 1455 eo
1344 1411 1411 1455 die
1451 1411 1581 1455 dixit:
1611 1411 1714 1456 -huc

217 1481 394 1533 postero
429 1472 497 1515 die
534 1486 666 1529 quam
704 1470 1032 1528 frequentissimi
1070 1470 1364 1521 convenirent,
1402 1479 1450 1514 ut
1484 1469 1539 1514 de
1565 1486 1712 1515 eorum

216 1531 446 1592 postulatis
479 1538 770 1588 cognosceret.
835 1529 1014 1572 Interim
1035 1529 1089 1572 ad
1117 1529 1361 1579 Praefectos,
1384 1530 1458 1588 qui
1480 1545 1577 1574 cum
1598 1530 1714 1574 omni

214 1591 417 1649 equitatu
459 1597 788 1636 antecesserant,
842 1588 993 1637 mittit,
1041 1588 1116 1645 qui
1167 1589 1438 1638 nunciarent,
1481 1604 1533 1632 ne
1574 1588 1715 1633 hostes

216 1649 374 1718 proelio
393 1648 648 1690 lacesserent
667 1655 727 1695 et,
760 1647 793 1689 si
814 1646 894 1705 ipsi
917 1646 1242 1697 lacesserentur,
1264 1648 1539 1697 sustinerent,
1567 1647 1713 1706 quoad

217 1725 310 1768 ipse
331 1722 428 1750 cum
449 1705 641 1749 exercitu
664 1705 846 1764 propius
867 1706 1119 1748 accessisset.

284 1767 350 1809 12.
386 1767 449 1808 At
474 1764 632 1813 hostes,
667 1764 741 1806 ubi
777 1764 963 1822 primum
995 1773 1163 1808 nostros
1191 1764 1356 1822 equites
1381 1775 1712 1824 conspexerunt,

217 1840 405 1884 quorum
424 1831 520 1866 erat
540 1823 730 1880 quinque
748 1822 914 1865 milium
932 1839 1150 1872 numerus,
1168 1840 1300 1881 quum
1326 1824 1404 1881 ipsi
1425 1840 1508 1867 non
1528 1824 1714 1884 amplius

220 1884 391 1929 DCCC
429 1882 595 1939 equites
630 1881 854 1931 haberent,
893 1881 1010 1938 quod
1048 1882 1091 1931 ii,
1129 1883 1203 1940 qui
1240 1882 1530 1926 frumentandi
1567 1899 1713 1927 caussa

217 1946 360 1987 ierant
400 1950 521 1984 trans
564 1940 748 1989 Mosam,
792 1939 981 1983 nondum
1033 1941 1266 1989 redierant,
1315 1941 1419 1984 nihil
1462 1942 1714 1986 timentibus

216 2002 389 2049 nostris,
423 1998 541 2057 quod
562 1998 695 2054 legati
716 2014 866 2042 eorum
890 1999 1039 2058 paullo
1059 2010 1158 2043 ante
1179 2016 1205 2041 a
1228 1999 1397 2043 Caesare
1417 1999 1712 2051 discesserant,

217 2069 350 2118 atque
371 2060 404 2102 is
425 2058 514 2101 dies
534 2058 714 2100 induciis
733 2067 827 2100 erat
849 2059 906 2101 ab
924 2058 981 2100 eis
1005 2061 1179 2117 petitus,
1199 2058 1347 2117 inpetu
1369 2059 1497 2108 facto,
1515 2059 1712 2103 celeriter

222 2128 391 2165 nostros
426 2116 812 2176 perturbaverunt.
879 2117 1046 2160 Rursus
1081 2117 1380 2162 resistentibus
1412 2118 1582 2169 nostris,
1614 2134 1712 2163 con·

1000 2294 1197 2319 extremam.
1248 2288 1280 2319 ln
1298 2287 1355 2318 Gr.
1372 2285 1537 2327 metaphr.
1553 2292 1616 2324 est,
1634 2293 1711 2318 ⁴102.-

1003 2334 1062 2366 2055
1079 2332 1220 2370 napum*
1237 2332 1391 2367 ιῖιβίλλυ
1406 2330 1442 2364 ιῖς
1459 2331 1600 2361 'natu-61.
1646 2329 1711 2362 Ce-

1002 2382 1109 2407 terum
1125 2377 1167 2406 de
1184 2374 1399 2406 multitudine
1416 2373 1579 2406 ostiorum
1597 2373 1709 2406 Rheni

222 2298 306 2333 quos
332 2290 435 2321 etiam
462 2288 535 2328 ejus
552 2286 659 2327 flur-ii
680 2286 789 2326 fomes
816 2290 881 2319 sine
896 2290 931 2318 in

225 2334 341 2367 Adula
371 2337 492 2364 monle.
549 2329 598 2361 lbi
629 2329 719 2361 onim
753 2330 931 2371 leg-ebatur

223 2377 401 2414 Αἰτουαίτιοι,
412 2385 453 2406 ex
464 2373 589 2416 quibus
603 2374 694 2404 docti
710 2374 820 2405 fecere
838 2376 931 2406 Nan-

222 2427 343 2459 tumes,
359 2419 516 2456 Caesaris,
533 2423 567 2448 ut
582 2417 710 2454 volunt,
729 2418 931 2449 auctoritate

222 2472 256 2498 et
274 2465 382 2508 ipsius
399 2461 585 2499 Strabonis,
605 2472 639 2503 p.
654 2464 729 2493 204.
745 2462 803 2502 qui
822 2468 930 2494 tamen

222 2511 289 2543 hoc
313 2510 389 2541 loco
412 2508 600 2539 Nantuates
619 2515 697 2537 cum
716 2504 874 2545 Vei-agris
889 2508 932 2538 ad

221 2556 432 2587 Lemannum
458 2551 571 2582 lacum
588 2549 734 2592 ablegat,
761 2555 797 2580 ut
818 2549 933 2582 Caesar

249 2623 258 2638 ³
273 2643 508 2675 Tribmorum.
543 2637 629 2670 alias
672 2637 931 2670 Truboccorum.

224 2688 268 2719 de
283 2686 409 2728 quibus
424 2696 456 2715 v.
469 2681 708 2724 Schmpflfflus,
722 2681 746 2713 l.
762 2692 793 2712 c.
811 2691 845 2723 p.
861 2684 930 2713 136.

273 2730 458 2771 Capitibus.
510 2726 636 2759 Docuit
672 2725 932 2767 Oudendorpius

223 2775 267 2805 ad
283 2775 454 2805 Lucanum
471 2773 502 2809 3,
515 2772 592 2808 201,
607 2779 685 2801 cum
701 2779 742 2801 ex
753 2769 842 2807 aliis,
857 2775 929 2800 tum

224 2828 244 2848 e
260 2816 398 2849 Liviano
416 2816 493 2846 loco
513 2816 567 2852 83,
585 2816 638 2849 41.
664 2818 761 2856 caput
771 2814 930 2856 fluminis

224 2860 326 2893 etiam
347 2863 463 2892 ostium
481 2857 679 2900 significare,
703 2857 763 2889 etsi
786 2857 931 2899 plerum-

224 2915 292 2947 que
309 2903 451 2944 estfons.
481 2903 570 2944 Ergo
585 2901 616 2932 in
629 2901 821 2942 hujusmodi
833 2900 928 2934 locis.

223 2948 316 2992 quod
332 2952 365 2978 et
381 2945 532 2978 Gesnero
549 2945 581 2977 in
597 2945 698 2976 Thes.
716 2944 755 2977 L.
766 2944 805 2976 L.
821 2944 928 2976 visum

225 2998 288 3030 est,
311 2995 414 3034 caput
441 2989 563 3024 indicat
595 2994 722 3031 partem
750 2999 927 3028 summam,

1001 2426 1034 2451 et
1049 2419 1200 2451 dissensu
1215 2419 1417 2460 scriptorum
1432 2429 1532 2460 super
1549 2419 1609 2450 hac
1626 2429 1661 2450 re
1675 2426 1710 2450 et

1001 2464 1064 2494 fide
1079 2463 1221 2495 Caesaris
1243 2470 1275 2494 et
1299 2463 1399 2494 modo
1416 2463 1488 2504 ejus
1503 2462 1710 2503 explicandi,

999 2508 1174 2538 adeundus
1189 2514 1239 2538 est
1253 2507 1531 2548 diligentissimus
1545 2505 1711 2538 Cellarins

1002 2551 1034 2583 in
1050 2551 1155 2583 Notit.
1168 2551 1270 2582 Orbis
1288 2556 1319 2589 2,
1337 2555 1368 2585 3,
1385 2556 1415 2582 5.
1433 2550 1506 2582 init.
1520 2551 1579 2592 qui
1593 2549 1710 2582 existi·

998 2602 1079 2633 mat,
1088 2594 1267 2630 Caesarem,
1276 2606 1353 2626 cuin
1364 2596 1470 2627 multa
1480 2595 1566 2626 ostia
1575 2593 1709 2630 dixerit.

1000 2639 1202 2670 intellexisse
1220 2638 1320 2670 etiarn
1346 2638 1435 2670 rivos
1456 2645 1490 2670 et
1509 2637 1626 2675 elices,
1650 2647 1710 2679 per

997 2694 1083 2724 quos
1102 2683 1166 2714 sub
1183 2683 1258 2714 illas
1281 2683 1435 2724 regiones
1450 2683 1591 2715 Rhenus
1607 2680 1709 2713 diffu-

998 2737 1054 2758 sus
1072 2727 1183 2758 fuerit.
1209 2727 1258 2758 M.

1047 2773 1219 2803 Fet-issent.
1238 2770 1442 2812 aliisecisset.
1487 2769 1541 2802 Sic
1559 2774 1594 2801 et
1607 2769 1705 2802 alibi.

999 2825 1030 2845 v.
1045 2814 1084 2846 C.
1106 2817 1131 2850 l.
1150 2819 1180 2846 2.
1200 2815 1296 2847 Alex.
1313 2819 1344 2846 2.

1044 2860 1126 2894 Qnoe
1141 2870 1163 2890 a
1183 2860 1430 2900 Caes-serretur.
1468 2856 1523 2889 Cf.
1539 2867 1570 2889 c.
1584 2859 1616 2889 8.
1634 2857 1685 2889 M.

1046 2904 1176 2934 Rau-sm
1206 2903 1370 2944 significat
1409 2911 1520 2943 porro,
1550 2907 1621 2941 aut,
1654 2900 1707 2933 vi-

997 2946 1122 2978 cissim.
1142 2948 1191 2978 M.
1239 2947 1328 2979 Male
1344 2947 1410 2978 hoc
1425 2945 1623 2980 adverbium
1637 2945 1706 2979 vir-

996 2991 1073 3032 gula
1088 3000 1108 3024 a
1124 3001 1193 3034 seq.
1212 3001 1295 3024 voce
1309 2990 1496 3032 sejungunt.
