1946 3261
623 202 740 246 LIB.
776 201 837 246 ΙΙ.
901 203 1041 246 CAP.
1073 204 1149 255 33,
1181 197 1255 246 34.
1613 203 1699 247 335

208 338 380 375 mutata
413 331 605 375 omnium
639 331 869 375 voluntate
898 340 943 375 et
964 330 1182 389 opinione,
1217 346 1424 373 consensu
1445 344 1524 374 suo
1544 332 1700 374 consti-

208 392 296 434 tuit
320 392 425 434 Cui
417 408 473 439 10,
497 408 633 450 quum
655 391 846 449 primum
867 391 922 433 sit
941 390 1045 432 data
1067 399 1275 448 potestas,
1299 406 1351 449 pl
1355 390 1455 433 oelio
1475 406 1566 433 lem
1587 407 1705 433 com-

208 451 397 494 mittere.
464 451 645 493 Posteio
667 450 738 492 die
760 450 1013 518 productos,
1050 449 1200 491 eodem
1222 450 1334 499 loco,
1359 465 1448 507 quo
1469 466 1668 509 superloi
1671 467 1704 493 1·-

208 510 290 553 bus
329 510 482 553 diebus
516 509 788 560 constiterat,
812 525 854 552 1n
889 509 978 552 acie
1012 508 1240 551 conlocat:
1282 524 1333 550 ne
1357 509 1397 550 V
1400 525 1449 551 ar
1452 526 1502 551 us
1521 509 1701 567 quidem

209 569 362 612 Attius
380 569 554 611 dubitat
576 568 721 626 copias
740 568 960 626 produce1
963 584 1001 618 e,
1024 567 1115 609 sive
1137 566 1398 609 sollicitandi
1415 569 1590 618 milites,
1611 569 1709 612 sive

207 643 332 695 aequo
368 627 463 671 loco
496 626 729 670 dimicandi
763 627 899 670 detur
931 627 1112 676 occasio,
1149 642 1202 669 ne
1237 626 1489 669 facultatem
1521 637 1705 686 praeter-

207 687 371 729 mittat.

265 745 337 788 34.
376 745 488 788 Erat
522 744 646 788 vallis
686 745 799 789 inter
832 745 939 788 duas
961 745 1087 794 acies,
1126 752 1177 787 ut
1197 760 1332 803 supra
1351 743 1700 791 demonstratum

207 812 286 857 est,
308 819 393 847 non
414 805 474 847 ita
494 820 701 863 magna,
689 814 735 847 at
756 805 922 848 difficili
944 813 989 846 et
1005 805 1144 847 arduo
1165 804 1385 847 adscensu.
1436 803 1562 847 Hanc
1582 819 1700 848 uter-

207 879 292 922 que
313 864 346 906 si
368 864 714 907 adversariorum
737 865 871 923 copiae
893 864 1077 906 tlansire
1100 871 1380 915 conarentur,
1399 865 1700 931 exspectabat,

207 939 297 981 quo
316 924 506 981 aequiore
533 923 628 966 loco
661 924 865 990 proelium
901 923 1210 966 committeret.
1277 897 1419 964 Sim’ul
1448 923 1505 966 ab
1525 923 1699 967 sinistro

206 998 343 1026 cornu
367 983 415 1025 P.
443 983 554 1025 Attii
575 983 794 1040 equitatus
817 983 967 1050 omnis,
1005 991 1048 1024 et
1070 998 1155 1025 una
1185 982 1288 1024 levis
1315 991 1548 1025 armaturae
1568 983 1702 1026 inter-

201 1041 303 1099 jecti
325 1042 587 1099 complures,
606 1058 742 1109 quum
763 1060 806 1085 se
827 1043 869 1084 in
892 1042 1050 1084 vallem
1068 1041 1364 1090 demitteoent,
1387 1042 1696 1086 cernebantur.

208 1100 282 1143 Ad
321 1118 392 1144 eos
421 1102 559 1144 Curio
592 1102 838 1160 equitatum
880 1110 924 1143 et
962 1100 1070 1143 duas
1114 1101 1175 1143 M
1169 1100 1471 1143 wulucinorum
1511 1101 1701 1145 cohortis

205 1160 363 1203 mittit:
401 1176 590 1217 quorum
624 1161 812 1219 plimum
848 1162 1045 1219 inpetum
1067 1160 1235 1218 equites
1254 1159 1439 1202 hostium
1473 1176 1559 1203 non
1589 1161 1702 1204 tule-

207 1228 326 1269 runt,
348 1219 437 1270 sed,
461 1220 654 1262 admissis
671 1220 809 1278 equis,
845 1220 899 1262 ad
920 1235 1018 1262 suos
1049 1221 1339 1278 r'efugerunt·
1383 1219 1524 1263 relicti
1545 1221 1601 1263 ab
1622 1220 1701 1271 his,

208 1278 284 1336 qui
326 1294 409 1321 una
449 1288 778 1337 procurrerant,
823 1279 927 1322 levis
967 1288 1201 1321 armaturae
1243 1278 1700 1323 circumveniebantur

206 1345 340 1394 atque
373 1336 746 1382 interficiebantur
779 1339 836 1381 ab
872 1339 1042 1381 nostris.
1108 1338 1210 1380 Huc
1241 1346 1333 1380 tota
1357 1338 1463 1380 Vari
1492 1354 1699 1382 conversa

207 1396 317 1439 acies
337 1413 435 1440 suos
457 1397 610 1455 fugere
632 1405 676 1439 et
697 1397 866 1440 concidi
887 1397 1082 1439 videbat
1147 1397 1260 1438 Tum
1284 1396 1482 1446 Rebilus,
1507 1397 1698 1456 Legatus

210 1455 404 1505 Caesaris,
427 1472 558 1513 quem
577 1456 714 1499 Curio
732 1473 877 1498 secum
895 1473 947 1498 ex
967 1455 1113 1498 Sicilia
1129 1455 1335 1504 duxer‚at
1353 1456 1474 1512 quod
1491 1473 1697 1515 magnum

207 1513 367 1557 habere
400 1531 523 1557 usum
545 1531 589 1557 1n
611 1532 656 1557 re
678 1516 854 1558 militari
884 1516 1064 1563 sciebat,
1105 1522 1133 1540 ‘⁶
1158 1514 1482 1564 Petheriitumss
1474 1519 1499 1534 '’
1538 1495 1697 1574 inquit,

210 1580 239 1600 ‘⁶
259 1573 427 1616 hostem
461 1574 594 1624 vides,
630 1575 789 1617 Curio:
833 1575 938 1632 qnid
961 1574 1135 1616 dubitas
1156 1574 1220 1615 uti
1245 1574 1452 1639 temporis
1481 1575 1698 1633 obportu-

209 1639 238 1659 “
262 1633 425 1676 nitate.
413 1636 459 1664 ‘²⁹’
509 1632 590 1675 Ille
623 1649 758 1675 unum
780 1633 993 1683 elocutus,
1017 1650 1045 1674 11
1050 1641 1067 1674 t
1089 1648 1297 1699 memoria
1320 1641 1519 1675 tenerent
1540 1635 1713 1677 milites·

207 1707 273 1741 ea,
295 1708 393 1748 quae
416 1691 557 1750 pridie
578 1692 657 1734 sibi
679 1692 858 1735 confirm
863 1701 1017 1742 assent,
1041 1691 1163 1748 sequi
1186 1707 1274 1733 sese
1293 1691 1422 1749 jubet
1443 1700 1487 1734 et
1510 1708 1700 1750 121··aecu1-

207 1750 266 1794 rit
289 1760 389 1794 ante
413 1767 580 1794 omnes:
615 1751 811 1819 adeoque
831 1759 927 1794 erat
950 1751 1145 1809 inpedita
1168 1750 1310 1798 vallis,
1332 1759 1379 1792 ut
1401 1751 1444 1792 in
1473 1751 1696 1803 adscensu,

207 1809 286 1853 nisi
306 1810 523 1853 sublevati
544 1826 568 1852 a
588 1827 689 1860 SulS,
711 1811 839 1869 primi
862 1826 948 1853 non
974 1810 1099 1853 facile
1129 1811 1414 1852 eniter.entur
1480 1810 1568 1853 Sed
1591 1828 1698 1870 prae-

205 1878 446 1928 occupatus
485 1870 649 1912 animus
690 1871 972 1913 Attianorum
1014 1869 1201 1911 militum
1246 1869 1400 1911 timore
1435 1878 1480 1912 et
1514 1871 1619 1937 fuga
1654 1880 1700 1914 et

208 1929 321 1971 caede
342 1945 538 1997 suorum,
558 1929 664 1971 nihil
685 1929 739 1972 de
762 1929 999 1972 resistendo
1019 1929 1260 1987 cogitabat,
1284 1944 1516 1985 omnesque
1533 1929 1622 1987 jam
1655 1948 1698 1973 se

205 1988 263 2030 ab
282 1988 484 2045 equitatu
504 1989 810 2031 circumveniri
825 1989 1171 2031 a1b1trabantu1
1227 1986 1380 2044 Itaque
1403 1987 1539 2046 prius,
1564 2005 1696 2048 quam

208 2046 345 2090 telum
383 2047 512 2105 adjici
548 2056 707 2104 posset,
743 2057 821 2090 aut
857 2048 993 2091 nostri
1029 2064 1081 2106 pl
1085 2064 1209 2105 opius
1241 2046 1511 2099 accederent,
1562 2050 1700 2092 omnis

211 2105 319 2151 Vari
339 2106 449 2148 acies
470 2114 594 2165 teroa
615 2123 641 2148 v
645 2116 750 2149 e1t1t
766 2123 897 2165 seque
920 2108 962 2150 in
983 2116 1122 2150 castra
1141 2106 1320 2165 recepit.

209 2249 347 2291 tur‚qui
358 2249 501 2282 infausta
514 2248 597 2281 belli
609 2248 707 2281 initia
717 2250 918 2283 habuerunt.
1031 2253 1172 2293 Μαρια).
1203 2251 1292 2292 Lege
1309 2263 1328 2283 c
1344 2262 1424 2293 cap.
1445 2254 1487 2283 27
1503 2263 1645 2293 magma,
1657 2260 1694 2286 ut

212 2295 428 2333 —Ceterum,
458 2294 516 2336 qui
549 2294 633 2325 illud
661 2305 706 2326 an
736 2296 917 2336 repetitum
984 2297 1081 2328 multi
1099 2302 1315 2328 monuerunt.
1342 2298 1391 2328 JJ.
1436 2297 1589 2329 Clarkius
1606 2297 1705 2329 bene*

211 2339 392 2381 aliquoties
421 2340 651 2380 praetulerunt,
693 2349 754 2379 pro
783 2351 854 2381 quo
884 2340 917 2371 in

211 2383 311 2415 MSS.
328 2383 453 2424 passim
469 2386 583 2421 estin,
612 2383 636 2414 ii
652 2381 724 2414 sine
739 2384 845 2416 dubio
860 2395 918 2415 ve-

212 2439 287 2460 rum
303 2428 470 2459 viderunt.
495 2429 544 2459 M.
575 2428 761 2459 particulas
779 2440 825 2460 an
842 2439 918 2460 om·

211 2482 272 2504 nes
287 2483 386 2504 suasu
404 2471 585 2504 Ciacconii
601 2472 688 2504 Scal.
714 2473 918 2505 omittendas

212 2516 353 2548 inclusit
366 2515 474 2548 uncis.

259 2564 430 2594 Consensu
452 2571 522 2592 suo.
561 2559 650 2592 Oud.
678 2561 729 2595 sic
756 2562 919 2604 explicat,

147 2611 157 2615 ”
213 2605 412 2644 Curionem,
434 2605 494 2646 qui
519 2604 666 2637 noluerit
695 2611 797 2637 antea
828 2617 918 2648 proe-

211 2650 298 2682 lium
311 2650 633 2687 committere‚nunc
646 2650 871 2689 consensisse,
884 2657 920 2683 ut

211 2694 305 2726 fieret
320 2694 491 2736 proelium,
517 2694 661 2734 ideoque
678 2706 739 2727 suo
750 2705 919 2727 consensu

213 2748 300 2770 nunc
313 2738 545 2770 constituisse.
579 2737 710 2771 Tamen
725 2740 834 2770 multo
850 2751 920 2770 me-

213 2783 425 2821 liuserit‚vel
441 2793 590 2823 suarum,
599 2784 651 2814 vel
665 2784 778 2824 potius
793 2793 919 2816 summo

211 2828 337 2869 legere,
349 2834 384 2859 ut
393 2828 470 2858 edd.
482 2828 575 2869 vulg.
586 2829 656 2870 jam
666 2828 854 2859 ediderunt.
872 2829 919 2859 M.

261 2873 375 2914 Supra
402 2873 677 2906 demonstratum.
704 2878 763 2906 est.
785 2882 820 2904 v.
845 2879 933 2916 cap.·

213 2916 269 2948 27.
297 2918 351 2948 M.-

986 2341 1127 2382 recepit,
1144 2351 1280 2382 sequor.

1030 2388 1073 2417 ΑΙ
1090 2384 1229 2423 (Ιέίῗίοϋί.
1268 2385 1362 2417 Male
1377 2386 1479 2427 vulgo
1497 2397 1538 2417 ac
1553 2386 1605 2417 vel
1620 2391 1692 2418 αιιΙ.

1032 2430 1128 2461 Lecis-
1144 2435 1334 2462 armatura?
1350 2430 1425 2461 scil.
1443 2430 1581 2461 milites.

1030 2475 1218 2505 Proemzrril
1256 2479 1335 2505 [mre
1380 2485 1503 2506 omnes.
1562 2475 1692 2507 Lucan.

982 2518 1137 2550 Pharsal.
1162 2522 1193 2552 4.
1212 2520 1286 2550 702.
1310 2519 1362 2550 M.

1032 2564 1293 2604 Proeorcupaiux
1318 2565 1465 2594 animm.
1511 2562 1566 2594 Sic
1591 2564 1691 2595 codd.

986 2607 1057 2638 Alii
1081 2609 1318 2649 praeoccupatis
1347 2609 1468 2638 (mimi-5
1496 2622 1538 2627 —-
1567 2611 1707 2651 cogita--

986 2652 1078 2683 bant.
1096 2652 1149 2682 vel
1162 2654 1386 2692 prtem-capati
1400 2652 1516 2682 animi.

1034 2696 1191 2736 Etfa'qa.
1231 2695 1354 2726 Marcl.
1379 2706 1413 2736 p.
1440 2697 1516 2726 268.
1543 2695 1640 2727 malit
1651 2707 1694 2728 ev

977 2740 1078 2782 fuya.
1103 2749 1168 2770 non
1193 2740 1291 2773 male,
1308 2739 1334 2770 si
1359 2740 1460 2770 codd.
1487 2739 1705 2772 addicerent.-

988 2785 1036 2815 Ita
1062 2784 1180 2815 Dav-is.
1207 2784 1289 2815 infra
1307 2785 1338 2817 3,
1353 2786 1407 2814 49.
1438 2793 1457 2814 e
1479 2784 1694 2826 codd.repo-

988 2828 1056 2860 suit
1073 2828 1170 2860 odore
1186 2832 1266 2860 tetro
1280 2838 1322 2858 eJ·
1332 2828 1446 2859 multis
1455 2828 1576 2861 cadat.
1596 2829 1644 2861 sic
1661 2834 1694 2860 et

989 2876 1021 2911 3,
1058 2874 1125 2903 1ss
1140 2883 1201 2913 pro
1232 2873 1344 2903 'morbo
1373 2881 1415 2903 em
1433 2872 1568 2914 friqore
1606 2874 1695 2906 male

989 2917 1087 2949 codd.
1102 2917 1244 2959 quidam
1261 2916 1389 2948 habent
1403 2915 1583 2959 etfriyore.
