1946 3261
245 238 333 282 286
701 231 786 277 DE
817 229 1021 276 BELLO
1054 228 1268 274 CIVILI.

251 379 356 408 num
395 360 548 421 procul
596 360 653 403 ab
691 357 891 418 utrisque
940 356 1281 417 conspiciuntur,
1322 370 1430 415 quas
1472 356 1526 400 G.
1561 354 1723 400 Fabius

251 422 459 466 ulteriore
479 427 612 478 ponte
642 417 833 461 subsidio
864 417 1022 460 nostris
1055 416 1244 466 miserat,
1278 415 1519 474 suspicatus
1549 415 1644 459 fore
1664 415 1725 466 id,

284 481 370 523 uod
389 478 563 527 accidit,
595 485 645 519 ut
667 476 812 519 Duces
843 475 1188 520 adversariorum
1209 474 1428 518 occasione
1455 483 1500 517 et
1519 472 1729 518 beneficio

250 498 436 581 lintunae
454 536 508 580 ad
531 543 697 579 nostros
717 535 1021 595 obprimendos
1041 543 1292 578 uterentur:
1325 549 1515 592 quarum
1535 533 1729 577 adventu

250 596 455 656 proelium
476 595 696 638 dirimitur
716 611 766 637 ac
785 611 878 638 suas
899 602 1085 652 uterque
1106 593 1296 652 legiones
1316 592 1486 636 reducit
1506 593 1550 636 in
1571 600 1726 636 castra.

309 655 381 697 41.
415 655 483 697 Eo
511 653 642 697 biduo
675 654 818 697 Caesar
853 669 949 696 cum
981 652 1203 711 equitibus
1236 652 1480 710 nongentis,
1514 667 1624 709 quos
1644 650 1729 694 sibi

253 714 449 772 praesidio
483 712 738 771 reliquerat,
776 712 819 754 in
854 721 995 755 castra
1030 714 1243 770 pervenit.
1310 712 1438 761 Pons,
1473 711 1551 769 qui
1588 710 1730 753 fuerat

252 780 506 831 tempestate
545 771 833 830 interruptus,
876 786 996 828 paene
1046 778 1140 813 erat
1179 770 1392 819 refectus;
1440 769 1556 813 hunc
1596 776 1731 812 noctu

252 831 402 890 perfici
418 830 555 889 jussit.
618 829 731 889 Ipse,
753 829 927 888 cognita
949 829 1142 873 locorum
1157 837 1327 880 natura,
1345 828 1469 887 ponti
1490 828 1731 886 castrisque

253 890 454 950 praesidio
474 906 547 932 sex
566 889 752 932 cohortis
779 888 989 947 relinquit
1020 897 1153 945 atque
1184 888 1328 931 omnia
1354 886 1665 945 inpedimenta,
1683 893 1731 929 et

254 958 428 1008 postero
448 948 518 991 die
539 948 734 992 omnibus
752 948 902 1006 copiis,
925 947 1091 1006 triplici
1111 948 1322 990 instructa
1341 948 1446 995 acie,
1465 945 1521 988 ad
1542 944 1731 988 Ilerdam

255 1007 544 1068 proficiscitur
564 1016 607 1050 et
621 1008 700 1050 sub
720 1006 869 1049 castris
888 1006 1058 1049 Afranii
1079 1006 1295 1048 constitit:
1329 1014 1389 1055 et,
1413 1004 1474 1048 ibi
1493 1003 1732 1064 paullisper

255 1068 337 1110 sub
369 1066 495 1109 armis
529 1074 735 1115 moratus,
773 1065 876 1108 facit
909 1081 1036 1123 aequo
1068 1065 1165 1107 loco
1196 1064 1418 1123 pugnandi
1450 1070 1728 1121 potestatem.

258 1126 478 1169 Potestate
499 1126 627 1174 facta,
657 1125 865 1167 Afranius
896 1124 1040 1182 copias
1061 1123 1205 1166 educit
1226 1133 1269 1165 et
1291 1123 1334 1165 in
1356 1122 1499 1165 medio
1520 1121 1630 1165 colle
1650 1120 1732 1164 sub

255 1185 405 1228 castris
425 1183 659 1227 constituit.
724 1183 883 1233 Caesar,
912 1183 987 1226 ubi
1010 1182 1231 1240 cognovit,
1253 1197 1331 1240 per
1354 1180 1583 1223 Afranium
1602 1188 1732 1229 stare,

255 1260 342 1302 quo
371 1243 511 1286 minus
541 1241 695 1300 proelio
725 1241 1023 1291 dimicaretur,
1059 1242 1115 1284 ab
1136 1240 1289 1283 infimis
1318 1239 1539 1282 radicibus
1559 1239 1733 1287 montis,

255 1301 501 1345 intermissis
524 1301 695 1343 circiter
723 1301 917 1358 passibus
938 1299 1281 1358 quadringentis,
1311 1306 1451 1340 castra
1472 1297 1615 1340 facere
1636 1312 1734 1340 con·

255 1362 419 1403 stituit:
453 1368 512 1408 et,
543 1375 594 1401 ne
624 1359 667 1401 in
696 1375 828 1416 opere
861 1358 1061 1401 faciundo
1095 1358 1252 1400 milites
1286 1357 1513 1415 repentino
1548 1355 1736 1399 hostium

256 1419 430 1462 incursu
461 1426 784 1462 exterrerentur
813 1426 946 1475 atque
975 1432 1106 1475 opere
1127 1414 1483 1474 prohiberentur,
1503 1415 1621 1458 vallo
1642 1431 1736 1458 mu-

257 1478 341 1521 niri
359 1477 518 1527 vetuit,
539 1476 655 1534 quod
676 1477 859 1519 eminere
881 1484 926 1518 et
948 1475 1102 1535 procul
1122 1475 1258 1517 videri
1279 1490 1446 1517 necesse
1467 1483 1585 1522 erat;
1616 1473 1691 1518 sed
1710 1490 1737 1516 a

256 1539 399 1580 fronte
431 1545 582 1579 contra
615 1535 779 1578 hostem
812 1535 970 1593 pedum
1004 1533 1250 1592 quindecim
1284 1534 1438 1576 fossam
1467 1532 1562 1575 fieri
1594 1533 1735 1591 jussit.

261 1596 409 1639 Prima
429 1603 473 1637 et
493 1594 676 1636 secunda
697 1594 807 1636 acies
829 1595 869 1636 in
891 1595 1035 1643 armis,
1068 1601 1119 1635 ut
1149 1593 1206 1635 ab
1229 1593 1349 1635 initio
1370 1592 1603 1635 constituta
1623 1600 1735 1641 erat,

258 1653 558 1714 permanebat:
592 1661 691 1711 post
719 1652 794 1694 hos
831 1669 938 1710 opus
972 1653 1015 1695 in
1047 1651 1219 1694 occulto
1251 1667 1275 1693 a
1304 1651 1433 1694 tertia
1464 1650 1554 1692 acie
1586 1649 1734 1694 fiebat.

262 1715 335 1756 Sic
376 1727 500 1755 omne
555 1712 671 1769 prius
722 1719 785 1752 est
831 1711 1091 1769 perfectum,
1134 1726 1264 1767 quam
1306 1709 1637 1767 intellegeretur
1679 1709 1738 1752 ab

263 1771 462 1820 Afranio,
485 1780 623 1812 castra
641 1769 817 1812 muniri.

319 1832 390 1872 42.
418 1830 512 1872 Sub
528 1845 754 1886 vesperum
774 1828 917 1871 Caesar
936 1827 1049 1869 intra
1064 1826 1171 1869 hanc
1189 1827 1342 1870 fossam
1360 1827 1551 1886 legiones
1568 1825 1739 1869 reducit

263 1888 387 1947 atqui
409 1888 469 1931 ibi
491 1888 570 1930 sub
590 1888 717 1930 armis
745 1888 944 1945 proxima
966 1894 1091 1928 nocte
1124 1886 1400 1944 conquiescit.
1466 1886 1646 1928 Postero
1668 1885 1739 1928 die

263 1963 433 1990 omnem
454 1946 689 1989 exercitum
712 1946 827 1988 intra
849 1945 1002 1988 fossam
1023 1945 1214 1986 continet
1236 1954 1294 1994 et,
1316 1944 1435 2002 quod
1457 1944 1628 2002 longius
1647 1952 1742 1986 erat

264 2023 399 2066 agger
413 2004 638 2064 petendus,
657 2005 698 2047 in
716 2004 943 2062 praesentia
959 2003 1136 2046 similem
1153 2004 1361 2046 rationem
1381 2003 1522 2062 operis
1538 2002 1742 2052 instituit,

264 2065 522 2123 singulaque
563 2064 700 2106 latera
741 2072 981 2105 castrorum
1021 2062 1200 2119 singulis
1244 2063 1457 2106 adtribuit
1497 2061 1744 2120 legionibus

266 2123 495 2166 munienda
517 2123 730 2180 fossasque
763 2121 818 2164 ad
839 2121 1029 2164 eamdem
1053 2121 1393 2179 magnitudinem
1417 2120 1563 2179 perfici
1592 2120 1742 2178 jubet:

268 2183 456 2239 reliquas
477 2181 662 2239 legiones
694 2182 736 2222 in
758 2181 885 2223 armis
907 2179 1129 2237 expeditas
1149 2190 1299 2222 contra
1319 2179 1484 2223 hostem
1505 2179 1744 2221 constituit.

269 2240 474 2283 Afranius
491 2240 788 2295 Petreiusque,
807 2238 997 2280 terrendi
1015 2253 1160 2280 caussa
1175 2248 1308 2297 atque
1323 2238 1465 2298 operis
1478 2236 1745 2296 inpediendi‚

268 2300 413 2358 copias
440 2314 541 2341 ‘suas
570 2298 624 2339 ad
659 2298 820 2339 infimas
852 2297 1008 2339 montis
1042 2297 1204 2339 radices
1234 2297 1483 2356 producunt
1512 2305 1557 2338 et
1587 2295 1744 2354 proelio

267 2358 496 2400 lacessunt.
561 2357 715 2413 Neque
753 2356 913 2398 idcirco
944 2356 1088 2399 Caesar
1125 2371 1233 2413 opus
1269 2354 1536 2404 intermittit,
1567 2354 1748 2397 confisus

269 2416 467 2475 praesidio
505 2414 722 2474 legionum
758 2415 889 2457 trium
925 2423 969 2458 et
1006 2415 1241 2457 munitione
1277 2415 1410 2458 fossae.
1474 2413 1545 2456 Illi
1566 2429 1651 2456 non
1671 2413 1747 2456 diu

274 2546 316 2577 ab
343 2544 518 2586 equitibus.
547 2543 601 2574 vel
630 2541 901 2574 substituendum
932 2543 974 2573 ab

272 2592 432 2631 utrisque.
476 2586 566 2618 Mihi
590 2586 723 2618 videtur
749 2588 915 2617 commisso
933 2587 974 2616 ab

273 2637 375 2675 equit.
396 2632 512 2674 proelio
537 2630 726 2672 significare
748 2630 827 2661 (lum
853 2632 975 2671 equites

269 2678 467 2719 praeliamur
481 2674 668 2716 sejunctim.

327 2721 486 2751 {rumore
501 2718 710 2759 (superiore)
721 2722 830 2760 ponte.
853 2717 902 2747 M.

1042 2548 1108 2573 vet.
1122 2544 1275 2574 consistit.
1311 2541 1374 2573 Sed
1389 2551 1530 2584 sequens
1543 2546 1594 2572 est
1606 2539 1747 2572 variatio

1042 2594 1219 2626 temporis.

1089 2630 1159 2661 Sub
1176 2633 1294 2662 armis.
1339 2629 1435 2666 Mox,
1451 2632 1487 2660 in
1503 2630 1620 2661 armis.
1643 2627 1696 2659 M.

1091 2675 1274 2706 Comeituit.
1298 2674 1384 2705 bene
1411 2673 1458 2704 sic
1487 2673 1587 2704 codd.
1614 2677 1648 2703 et
1670 2670 1746 2702 edd.

1044 2723 1109 2749 vet.
1156 2717 1226 2748 Alii
1243 2720 1397 2749 consistit.
1421 2717 1502 2748 item
1516 2718 1667 2748 constitit.

322 2763 572 2805 Sibipraesiclin.
592 2762 651 2794 alii
672 2763 729 2801 ibi,
752 2761 863 2792 minus
878 2759 976 2790 bene.

322 2809 436 2839 Poene.
454 2806 680 2848 Vulgmeque,
691 2811 806 2837 contra
816 2804 915 2836 codd.
928 2805 976 2834 Μ.

323 2852 492 2924 Ιηςιςυεια
508 2853 585 2882 acie.
602 2851 648 2881 al.
664 2856 802 2883 stmtcta.
829 2848 871 2879 V.
887 2847 977 2878 Oud.

277 2895 483 2971 adgcingstim.
525 2937 579 2971 Sic
607 2938 707 2971 codd.
752 2937 878 2972 Contra
903 2935 978 2968 edd.

1091 2763 1116 2792 A
1134 2764 1227 2793 emin
1244 2765 1315 2793 acie
1323 2762 1438 2803 fiebat.
1470 2760 1538 2792 Alii
1551 2762 1636 2792 acies
1648 2760 1747 2791 tertia

1036 2805 1197 2846 faciebat.

1092 2849 1252 2890 Leyiones
1267 2849 1410 2881 reducit.
1454 2847 1509 2880 Al.
1524 2847 1667 2880 deducit.

1093 2894 1241 2924 Similem
1269 2899 1337 2925 rat.
1360 2895 1479 2935 operis,
1499 2901 1566 2934 qua
1587 2901 1666 2924 usus
1680 2895 1750 2924 erat

1046 2935 1219 2979 superiore
1233 2936 1302 2971 die.
1324 2937 1374 2969 M.
