<?xml version="1.0" encoding="UTF-8"?>
<!DOCTYPE html PUBLIC "-//W3C//DTD XHTML 1.0 Transitional//EN"
    "http://www.w3.org/TR/xhtml1/DTD/xhtml1-transitional.dtd">
<html xmlns="http://www.w3.org/1999/xhtml" xml:lang="en" lang="en">
 <head>
  <title>
</title>
<meta http-equiv="Content-Type" content="text/html;charset=utf-8" />
  <meta name='ocr-system' content='tesseract 3.04.00' />
  <meta name='ocr-capabilities' content='ocr_page ocr_carea ocr_par ocr_line ocrx_word'/>
</head>
<body>
  <div class='ocr_page' id='page_1' title='image "./commentariidebel00caesuoft_0172.png"; bbox 0 0 1946 3261; ppageno 0'>
   <div class='ocr_carea' id='block_1_1' title="bbox 296 240 1354 287">
    <p class='ocr_par' dir='ltr' id='par_1_1' title="bbox 296 240 1354 287">
     <span class='ocr_line' id='line_1_1' title="bbox 296 240 1354 287; baseline -0.002 -1"><span class='ocrx_word' id='word_1_1' title='bbox 296 242 379 286; x_wconf 78' lang='lat'>132</span> <span class='ocrx_word' id='word_1_2' title='bbox 702 241 788 286; x_wconf 91' lang='lat' dir='ltr'>DE</span> <span class='ocrx_word' id='word_1_3' title='bbox 819 240 1024 287; x_wconf 88' lang='lat' dir='ltr'>BELLO</span> <span class='ocrx_word' id='word_1_4' title='bbox 1058 240 1289 286; x_wconf 82' lang='lat' dir='ltr'>GALLIO</span> <span class='ocrx_word' id='word_1_5' title='bbox 1299 241 1354 285; x_wconf 92' lang='lat' dir='ltr'>O.</span> 
     </span>
    </p>
   </div>
   <div class='ocr_carea' id='block_1_2' title="bbox 282 365 1778 2415">
    <p class='ocr_par' dir='ltr' id='par_1_2' title="bbox 282 365 1769 1071">
     <span class='ocr_line' id='line_1_2' title="bbox 286 365 1762 426; baseline 0 -15"><span class='ocrx_word' id='word_1_6' title='bbox 286 365 510 425; x_wconf 88' lang='lat' dir='ltr'>coepisset:</span> <span class='ocrx_word' id='word_1_7' title='bbox 541 374 757 411; x_wconf 89' lang='lat' dir='ltr'>armatum</span> <span class='ocrx_word' id='word_1_8' title='bbox 787 369 1015 413; x_wconf 90' lang='lat' dir='ltr'>concilium</span> <span class='ocrx_word' id='word_1_9' title='bbox 1046 369 1214 424; x_wconf 81' lang='lat' dir='ltr'><strong>indicit,</strong></span> <span class='ocrx_word' id='word_1_10' title='bbox 1251 369 1349 426; x_wconf 81' lang='lat' dir='ltr'>(hoc</span> <span class='ocrx_word' id='word_1_11' title='bbox 1381 382 1500 412; x_wconf 88' lang='lat' dir='ltr'>more</span> <span class='ocrx_word' id='word_1_12' title='bbox 1532 366 1762 411; x_wconf 86' lang='lat' dir='ltr'>Gallorum</span> 
     </span>
     <span class='ocr_line' id='line_1_3' title="bbox 287 424 1760 487; baseline -0.001 -19"><span class='ocrx_word' id='word_1_13' title='bbox 287 433 353 468; x_wconf 89' lang='lat' dir='ltr'>est</span> <span class='ocrx_word' id='word_1_14' title='bbox 372 424 542 468; x_wconf 89' lang='lat' dir='ltr'>initium</span> <span class='ocrx_word' id='word_1_15' title='bbox 566 426 706 484; x_wconf 87' lang='lat' dir='ltr'>belli‚)</span> <span class='ocrx_word' id='word_1_16' title='bbox 736 443 825 486; x_wconf 92' lang='lat' dir='ltr'>quo</span> <span class='ocrx_word' id='word_1_17' title='bbox 852 429 950 487; x_wconf 88' lang='lat' dir='ltr'>lege</span> <span class='ocrx_word' id='word_1_18' title='bbox 981 430 1196 472; x_wconf 91' lang='lat' dir='ltr'>communi</span> <span class='ocrx_word' id='word_1_19' title='bbox 1227 444 1372 471; x_wconf 88' lang='lat' dir='ltr'>omnes</span> <span class='ocrx_word' id='word_1_20' title='bbox 1397 428 1583 486; x_wconf 84' lang='lat' dir='ltr'>puberes</span> <span class='ocrx_word' id='word_1_21' title='bbox 1604 426 1760 469; x_wconf 90' lang='lat' dir='ltr'>armati</span> 
     </span>
     <span class='ocr_line' id='line_1_4' title="bbox 288 483 1762 545; baseline 0.002 -22"><span class='ocrx_word' id='word_1_22' title='bbox 288 483 518 526; x_wconf 87' lang='lat' dir='ltr'>convenire</span> <span class='ocrx_word' id='word_1_23' title='bbox 550 495 838 536; x_wconf 89' lang='lat' dir='ltr'>consuerunt;</span> <span class='ocrx_word' id='word_1_24' title='bbox 871 489 948 545; x_wconf 92' lang='lat' dir='ltr'>qui</span> <span class='ocrx_word' id='word_1_25' title='bbox 984 504 1038 530; x_wconf 82' lang='lat' dir='ltr'>ex</span> <span class='ocrx_word' id='word_1_26' title='bbox 1068 489 1119 530; x_wconf 90' lang='lat' dir='ltr'>iis</span> <span class='ocrx_word' id='word_1_27' title='bbox 1145 488 1395 531; x_wconf 88' lang='lat' dir='ltr'>novissimus</span> <span class='ocrx_word' id='word_1_28' title='bbox 1428 485 1565 535; x_wconf 87' lang='lat' dir='ltr'>venit,</span> <span class='ocrx_word' id='word_1_29' title='bbox 1598 485 1642 527; x_wconf 90' lang='lat' dir='ltr'>in</span> <span class='ocrx_word' id='word_1_30' title='bbox 1663 500 1762 527; x_wconf 90' lang='lat' dir='ltr'>con·</span> 
     </span>
     <span class='ocr_line' id='line_1_5' title="bbox 285 541 1762 597; baseline 0.002 -16"><span class='ocrx_word' id='word_1_31' title='bbox 285 548 439 597; x_wconf 89' lang='lat' dir='ltr'>spectu</span> <span class='ocrx_word' id='word_1_32' title='bbox 472 541 766 588; x_wconf 89' lang='lat' dir='ltr'>multitudinis</span> <span class='ocrx_word' id='word_1_33' title='bbox 802 547 998 589; x_wconf 89' lang='lat' dir='ltr'>omnibus</span> <span class='ocrx_word' id='word_1_34' title='bbox 1030 547 1294 590; x_wconf 89' lang='lat' dir='ltr'>cruciatibus</span> <span class='ocrx_word' id='word_1_35' title='bbox 1336 545 1533 588; x_wconf 87' lang='lat' dir='ltr'>adfectus</span> <span class='ocrx_word' id='word_1_36' title='bbox 1568 552 1762 586; x_wconf 88' lang='lat' dir='ltr'>necatur.</span> 
     </span>
     <span class='ocr_line' id='line_1_6' title="bbox 286 598 1764 663; baseline 0.002 -23"><span class='ocrx_word' id='word_1_37' title='bbox 286 598 339 640; x_wconf 92' lang='lat' dir='ltr'>In</span> <span class='ocrx_word' id='word_1_38' title='bbox 373 614 425 641; x_wconf 92' lang='lat' dir='ltr'>eo</span> <span class='ocrx_word' id='word_1_39' title='bbox 457 602 639 645; x_wconf 90' lang='lat' dir='ltr'>concilio</span> <span class='ocrx_word' id='word_1_40' title='bbox 678 604 1022 663; x_wconf 82' lang='lat' dir='ltr'>Cingetorigem,</span> <span class='ocrx_word' id='word_1_41' title='bbox 1062 606 1240 648; x_wconf 87' lang='lat' dir='ltr'>alterius</span> <span class='ocrx_word' id='word_1_42' title='bbox 1273 604 1515 663; x_wconf 88' lang='lat' dir='ltr'>principem</span> <span class='ocrx_word' id='word_1_43' title='bbox 1551 602 1764 651; x_wconf 80' lang='lat' dir='ltr'>factionis,</span> 
     </span>
     <span class='ocr_line' id='line_1_7' title="bbox 285 661 1767 721; baseline 0.001 -22"><span class='ocrx_word' id='word_1_44' title='bbox 285 671 498 715; x_wconf 85' lang='lat' dir='ltr'><strong>generum</strong></span> <span class='ocrx_word' id='word_1_45' title='bbox 516 676 657 712; x_wconf 90' lang='lat' dir='ltr'>suum,</span> <span class='ocrx_word' id='word_1_46' title='bbox 689 664 844 721; x_wconf 88' lang='lat' dir='ltr'>(quum</span> <span class='ocrx_word' id='word_1_47' title='bbox 862 680 994 721; x_wconf 88' lang='lat' dir='ltr'>supra</span> <span class='ocrx_word' id='word_1_48' title='bbox 1021 663 1426 713; x_wconf 81' lang='lat' dir='ltr'>demonstravimus,</span> <span class='ocrx_word' id='word_1_49' title='bbox 1451 661 1629 704; x_wconf 87' lang='lat' dir='ltr'>Caesaris</span> <span class='ocrx_word' id='word_1_50' title='bbox 1649 675 1767 702; x_wconf 91' lang='lat' dir='ltr'>secu-</span> 
     </span>
     <span class='ocr_line' id='line_1_8' title="bbox 284 716 1767 780; baseline 0.001 -22"><span class='ocrx_word' id='word_1_51' title='bbox 284 723 383 759; x_wconf 83' lang='lat' dir='ltr'>tum</span> <span class='ocrx_word' id='word_1_52' title='bbox 412 716 559 769; x_wconf 91' lang='lat' dir='ltr'>fidem,</span> <span class='ocrx_word' id='word_1_53' title='bbox 587 721 645 765; x_wconf 88' lang='lat' dir='ltr'>ab</span> <span class='ocrx_word' id='word_1_54' title='bbox 678 738 730 764; x_wconf 90' lang='lat' dir='ltr'>eo</span> <span class='ocrx_word' id='word_1_55' title='bbox 762 737 847 764; x_wconf 91' lang='lat' dir='ltr'>non</span> <span class='ocrx_word' id='word_1_56' title='bbox 879 722 1149 780; x_wconf 87' lang='lat' dir='ltr'>discessisse‚)</span> <span class='ocrx_word' id='word_1_57' title='bbox 1173 723 1340 765; x_wconf 85' lang='lat' dir='ltr'>hostem</span> <span class='ocrx_word' id='word_1_58' title='bbox 1367 721 1533 780; x_wconf 84' lang='lat' dir='ltr'>judicat</span> <span class='ocrx_word' id='word_1_59' title='bbox 1566 720 1767 774; x_wconf 86' lang='lat' dir='ltr'>bonaque</span> 
     </span>
     <span class='ocr_line' id='line_1_9' title="bbox 284 774 1767 836; baseline 0.001 -20"><span class='ocrx_word' id='word_1_60' title='bbox 284 774 377 832; x_wconf 85' lang='lat' dir='ltr'>ejus</span> <span class='ocrx_word' id='word_1_61' title='bbox 398 777 609 834; x_wconf 84' lang='lat' dir='ltr'>publicat.</span> <span class='ocrx_word' id='word_1_62' title='bbox 675 780 757 823; x_wconf 84' lang='lat' dir='ltr'>His</span> <span class='ocrx_word' id='word_1_63' title='bbox 787 781 916 824; x_wconf 90' lang='lat' dir='ltr'>rebus</span> <span class='ocrx_word' id='word_1_64' title='bbox 949 781 1169 832; x_wconf 88' lang='lat' dir='ltr'>confectis,</span> <span class='ocrx_word' id='word_1_65' title='bbox 1203 783 1246 824; x_wconf 93' lang='lat' dir='ltr'>in</span> <span class='ocrx_word' id='word_1_66' title='bbox 1280 780 1460 823; x_wconf 87' lang='lat' dir='ltr'>concilio</span> <span class='ocrx_word' id='word_1_67' title='bbox 1491 778 1767 836; x_wconf 80' lang='lat' dir='ltr'>pronunciat,</span> 
     </span>
     <span class='ocr_line' id='line_1_10' title="bbox 283 835 1767 895; baseline 0.001 -21"><span class='ocrx_word' id='word_1_68' title='bbox 283 835 535 879; x_wconf 88' lang='lat' dir='ltr'>arcessitum</span> <span class='ocrx_word' id='word_1_69' title='bbox 555 853 598 879; x_wconf 90' lang='lat' dir='ltr'>se</span> <span class='ocrx_word' id='word_1_70' title='bbox 614 853 640 880; x_wconf 90' lang='lat' dir='ltr'>a</span> <span class='ocrx_word' id='word_1_71' title='bbox 662 839 905 882; x_wconf 84' lang='lat' dir='ltr'>Senonibus</span> <span class='ocrx_word' id='word_1_72' title='bbox 922 848 968 882; x_wconf 90' lang='lat' dir='ltr'>et</span> <span class='ocrx_word' id='word_1_73' title='bbox 985 841 1255 883; x_wconf 86' lang='lat' dir='ltr'>Carnutibus</span> <span class='ocrx_word' id='word_1_74' title='bbox 1267 839 1448 895; x_wconf 89' lang='lat' dir='ltr'>aliisque</span> <span class='ocrx_word' id='word_1_75' title='bbox 1467 835 1767 893; x_wconf 82' lang='lat' dir='ltr'>compluribus</span> 
     </span>
     <span class='ocr_line' id='line_1_11' title="bbox 285 891 1763 954; baseline 0.001 -21"><span class='ocrx_word' id='word_1_76' title='bbox 285 891 442 937; x_wconf 84' lang='lat' dir='ltr'>Galliae</span> <span class='ocrx_word' id='word_1_77' title='bbox 479 895 748 948; x_wconf 86' lang='lat' dir='ltr'>civitatibus,</span> <span class='ocrx_word' id='word_1_78' title='bbox 785 898 870 941; x_wconf 94' lang='lat' dir='ltr'>huc</span> <span class='ocrx_word' id='word_1_79' title='bbox 904 899 988 941; x_wconf 88' lang='lat' dir='ltr'>iter</span> <span class='ocrx_word' id='word_1_80' title='bbox 1022 899 1242 941; x_wconf 88' lang='lat' dir='ltr'>facturum</span> <span class='ocrx_word' id='word_1_81' title='bbox 1276 912 1355 954; x_wconf 88' lang='lat' dir='ltr'>per</span> <span class='ocrx_word' id='word_1_82' title='bbox 1384 895 1487 937; x_wconf 87' lang='lat' dir='ltr'>fines</span> <span class='ocrx_word' id='word_1_83' title='bbox 1511 894 1763 945; x_wconf 86' lang='lat' dir='ltr'>Remorum,</span> 
     </span>
     <span class='ocr_line' id='line_1_12' title="bbox 282 952 1769 1014; baseline 0.001 -23"><span class='ocrx_word' id='word_1_84' title='bbox 282 964 522 1009; x_wconf 87' lang='lat' dir='ltr'>eorumque</span> <span class='ocrx_word' id='word_1_85' title='bbox 544 969 671 1013; x_wconf 87' lang='lat' dir='ltr'>agros</span> <span class='ocrx_word' id='word_1_86' title='bbox 691 957 1009 1014; x_wconf 90' lang='lat' dir='ltr'>populaturum</span> <span class='ocrx_word' id='word_1_87' title='bbox 1031 973 1080 999; x_wconf 87' lang='lat' dir='ltr'>ac</span> <span class='ocrx_word' id='word_1_88' title='bbox 1109 958 1245 1013; x_wconf 78' lang='lat' dir='ltr'>priuS,</span> <span class='ocrx_word' id='word_1_89' title='bbox 1280 970 1412 1011; x_wconf 86' lang='lat' dir='ltr'>quam</span> <span class='ocrx_word' id='word_1_90' title='bbox 1432 952 1476 995; x_wconf 91' lang='lat' dir='ltr'>id</span> <span class='ocrx_word' id='word_1_91' title='bbox 1510 952 1654 1005; x_wconf 86' lang='lat' dir='ltr'>faciat,</span> <span class='ocrx_word' id='word_1_92' title='bbox 1689 952 1769 994; x_wconf 89' lang='lat' dir='ltr'>La-</span> 
     </span>
     <span class='ocr_line' id='line_1_13' title="bbox 285 1007 1603 1071; baseline 0.001 -21"><span class='ocrx_word' id='word_1_93' title='bbox 285 1007 404 1051; x_wconf 85' lang='lat' dir='ltr'>bieni</span> <span class='ocrx_word' id='word_1_94' title='bbox 426 1019 570 1054; x_wconf 84' lang='lat' dir='ltr'>castra</span> <span class='ocrx_word' id='word_1_95' title='bbox 588 1014 974 1071; x_wconf 85' lang='lat' dir='ltr'>obpugnaturum:</span> <span class='ocrx_word' id='word_1_96' title='bbox 1010 1028 1108 1069; x_wconf 79' lang='lat' dir='ltr'>quae</span> <span class='ocrx_word' id='word_1_97' title='bbox 1129 1013 1224 1055; x_wconf 93' lang='lat' dir='ltr'>fieri</span> <span class='ocrx_word' id='word_1_98' title='bbox 1245 1013 1368 1060; x_wconf 88' lang='lat' dir='ltr'>velit,</span> <span class='ocrx_word' id='word_1_99' title='bbox 1392 1010 1603 1068; x_wconf 79' lang='lat' dir='ltr'>praecipit.</span> 
     </span>
    </p>

    <p class='ocr_par' dir='ltr' id='par_1_3' title="bbox 283 1067 1773 1768">
     <span class='ocr_line' id='line_1_14' title="bbox 342 1067 1771 1127; baseline 0.002 -19"><span class='ocrx_word' id='word_1_100' title='bbox 342 1067 416 1108; x_wconf 87' lang='lat'>57.</span> <span class='ocrx_word' id='word_1_101' title='bbox 449 1069 682 1121; x_wconf 85' lang='lat' dir='ltr'>Labienus,</span> <span class='ocrx_word' id='word_1_102' title='bbox 711 1085 849 1127; x_wconf 88' lang='lat' dir='ltr'>quum</span> <span class='ocrx_word' id='word_1_103' title='bbox 880 1078 926 1111; x_wconf 90' lang='lat' dir='ltr'>et</span> <span class='ocrx_word' id='word_1_104' title='bbox 955 1071 1039 1112; x_wconf 92' lang='lat' dir='ltr'>loci</span> <span class='ocrx_word' id='word_1_105' title='bbox 1060 1080 1216 1113; x_wconf 88' lang='lat' dir='ltr'>natura</span> <span class='ocrx_word' id='word_1_106' title='bbox 1242 1079 1287 1112; x_wconf 88' lang='lat' dir='ltr'>et</span> <span class='ocrx_word' id='word_1_107' title='bbox 1319 1085 1447 1111; x_wconf 90' lang='lat' dir='ltr'>manu</span> <span class='ocrx_word' id='word_1_108' title='bbox 1481 1068 1771 1111; x_wconf 85' lang='lat' dir='ltr'>munitissimis</span> 
     </span>
     <span class='ocr_line' id='line_1_15' title="bbox 284 1124 1768 1186; baseline 0.003 -20"><span class='ocrx_word' id='word_1_109' title='bbox 284 1124 435 1167; x_wconf 88' lang='lat' dir='ltr'>castris</span> <span class='ocrx_word' id='word_1_110' title='bbox 454 1141 542 1167; x_wconf 90' lang='lat' dir='ltr'>sese</span> <span class='ocrx_word' id='word_1_111' title='bbox 560 1134 746 1176; x_wconf 86' lang='lat' dir='ltr'>teneret,</span> <span class='ocrx_word' id='word_1_112' title='bbox 769 1127 823 1169; x_wconf 91' lang='lat' dir='ltr'>de</span> <span class='ocrx_word' id='word_1_113' title='bbox 845 1143 924 1168; x_wconf 91' lang='lat' dir='ltr'>suo</span> <span class='ocrx_word' id='word_1_114' title='bbox 944 1143 993 1170; x_wconf 88' lang='lat' dir='ltr'>ac</span> <span class='ocrx_word' id='word_1_115' title='bbox 1016 1128 1194 1185; x_wconf 83' lang='lat' dir='ltr'>legionis</span> <span class='ocrx_word' id='word_1_116' title='bbox 1217 1128 1413 1186; x_wconf 87' lang='lat' dir='ltr'>periculo</span> <span class='ocrx_word' id='word_1_117' title='bbox 1436 1126 1540 1168; x_wconf 89' lang='lat' dir='ltr'>nihil</span> <span class='ocrx_word' id='word_1_118' title='bbox 1559 1127 1740 1170; x_wconf 90' lang='lat' dir='ltr'>timebat</span> <span class='ocrx_word' id='word_1_119' title='bbox 1758 1143 1768 1176; x_wconf 92' lang='lat'>;</span> 
     </span>
     <span class='ocr_line' id='line_1_16' title="bbox 283 1184 1770 1243; baseline 0.003 -19"><span class='ocrx_word' id='word_1_120' title='bbox 283 1197 339 1224; x_wconf 89' lang='lat' dir='ltr'>ne</span> <span class='ocrx_word' id='word_1_121' title='bbox 359 1199 491 1240; x_wconf 92' lang='lat' dir='ltr'>quam</span> <span class='ocrx_word' id='word_1_122' title='bbox 509 1184 773 1226; x_wconf 85' lang='lat' dir='ltr'>occasionem</span> <span class='ocrx_word' id='word_1_123' title='bbox 792 1185 855 1227; x_wconf 91' lang='lat' dir='ltr'>rei</span> <span class='ocrx_word' id='word_1_124' title='bbox 887 1185 998 1228; x_wconf 91' lang='lat' dir='ltr'>bene</span> <span class='ocrx_word' id='word_1_125' title='bbox 1020 1186 1220 1243; x_wconf 72' lang='lat' dir='ltr'>gerendae</span> <span class='ocrx_word' id='word_1_126' title='bbox 1251 1185 1509 1236; x_wconf 83' lang='lat' dir='ltr'>dimitteret,</span> <span class='ocrx_word' id='word_1_127' title='bbox 1531 1187 1770 1243; x_wconf 80' lang='lat' dir='ltr'>cogitabat.</span> 
     </span>
     <span class='ocr_line' id='line_1_17' title="bbox 285 1239 1770 1302; baseline 0.003 -20"><span class='ocrx_word' id='word_1_128' title='bbox 285 1239 446 1298; x_wconf 86' lang='lat' dir='ltr'>Itaque</span> <span class='ocrx_word' id='word_1_129' title='bbox 467 1256 493 1284; x_wconf 89' lang='lat' dir='ltr'>a</span> <span class='ocrx_word' id='word_1_130' title='bbox 514 1242 796 1301; x_wconf 87' lang='lat' dir='ltr'>Cingetorige</span> <span class='ocrx_word' id='word_1_131' title='bbox 818 1251 952 1300; x_wconf 88' lang='lat' dir='ltr'>atque</span> <span class='ocrx_word' id='word_1_132' title='bbox 975 1244 1066 1300; x_wconf 83' lang='lat' dir='ltr'>ejus</span> <span class='ocrx_word' id='word_1_133' title='bbox 1084 1243 1338 1302; x_wconf 84' lang='lat' dir='ltr'>propinquis</span> <span class='ocrx_word' id='word_1_134' title='bbox 1355 1244 1549 1285; x_wconf 89' lang='lat' dir='ltr'>oratione</span> <span class='ocrx_word' id='word_1_135' title='bbox 1573 1243 1770 1286; x_wconf 87' lang='lat' dir='ltr'>Indutio-</span> 
     </span>
     <span class='ocr_line' id='line_1_18' title="bbox 286 1300 1769 1358; baseline 0.003 -17"><span class='ocrx_word' id='word_1_136' title='bbox 286 1300 398 1341; x_wconf 87' lang='lat' dir='ltr'>mari</span> <span class='ocrx_word' id='word_1_137' title='bbox 419 1300 606 1357; x_wconf 87' lang='lat' dir='ltr'>cognita‚</span> <span class='ocrx_word' id='word_1_138' title='bbox 639 1317 770 1358; x_wconf 89' lang='lat' dir='ltr'>quam</span> <span class='ocrx_word' id='word_1_139' title='bbox 804 1301 848 1343; x_wconf 88' lang='lat' dir='ltr'>in</span> <span class='ocrx_word' id='word_1_140' title='bbox 869 1302 1048 1344; x_wconf 90' lang='lat' dir='ltr'>concilio</span> <span class='ocrx_word' id='word_1_141' title='bbox 1076 1303 1307 1351; x_wconf 86' lang='lat' dir='ltr'>habuerat,</span> <span class='ocrx_word' id='word_1_142' title='bbox 1346 1302 1522 1344; x_wconf 88' lang='lat' dir='ltr'>nuncios</span> <span class='ocrx_word' id='word_1_143' title='bbox 1555 1302 1691 1344; x_wconf 89' lang='lat' dir='ltr'>mittit</span> <span class='ocrx_word' id='word_1_144' title='bbox 1711 1303 1769 1346; x_wconf 89' lang='lat' dir='ltr'>ad</span> 
     </span>
     <span class='ocr_line' id='line_1_19' title="bbox 286 1356 1772 1417; baseline 0.003 -18"><span class='ocrx_word' id='word_1_145' title='bbox 286 1356 506 1400; x_wconf 88' lang='lat' dir='ltr'>finitumas</span> <span class='ocrx_word' id='word_1_146' title='bbox 539 1358 736 1401; x_wconf 88' lang='lat' dir='ltr'>civitates</span> <span class='ocrx_word' id='word_1_147' title='bbox 771 1359 1028 1416; x_wconf 88' lang='lat' dir='ltr'>equitesque</span> <span class='ocrx_word' id='word_1_148' title='bbox 1067 1360 1261 1417; x_wconf 90' lang='lat' dir='ltr'>undique</span> <span class='ocrx_word' id='word_1_149' title='bbox 1295 1369 1470 1402; x_wconf 90' lang='lat' dir='ltr'>evocat:</span> <span class='ocrx_word' id='word_1_150' title='bbox 1520 1360 1568 1402; x_wconf 91' lang='lat' dir='ltr'>iis</span> <span class='ocrx_word' id='word_1_151' title='bbox 1600 1369 1772 1404; x_wconf 87' lang='lat' dir='ltr'>certum</span> 
     </span>
     <span class='ocr_line' id='line_1_20' title="bbox 285 1414 1770 1477; baseline 0.003 -21"><span class='ocrx_word' id='word_1_152' title='bbox 285 1414 404 1457; x_wconf 89' lang='lat' dir='ltr'>diem</span> <span class='ocrx_word' id='word_1_153' title='bbox 436 1417 720 1459; x_wconf 88' lang='lat' dir='ltr'>conveniendi</span> <span class='ocrx_word' id='word_1_154' title='bbox 758 1416 878 1460; x_wconf 84' lang='lat' dir='ltr'>dicit.</span> <span class='ocrx_word' id='word_1_155' title='bbox 943 1417 1125 1460; x_wconf 89' lang='lat' dir='ltr'>Interim</span> <span class='ocrx_word' id='word_1_156' title='bbox 1158 1434 1294 1477; x_wconf 87' lang='lat' dir='ltr'>prope</span> <span class='ocrx_word' id='word_1_157' title='bbox 1317 1419 1512 1476; x_wconf 84' lang='lat' dir='ltr'>quotidie</span> <span class='ocrx_word' id='word_1_158' title='bbox 1534 1434 1634 1461; x_wconf 90' lang='lat' dir='ltr'>cum</span> <span class='ocrx_word' id='word_1_159' title='bbox 1655 1421 1770 1462; x_wconf 90' lang='lat' dir='ltr'>omni</span> 
     </span>
     <span class='ocr_line' id='line_1_21' title="bbox 284 1473 1773 1535; baseline 0.003 -20"><span class='ocrx_word' id='word_1_160' title='bbox 284 1473 489 1530; x_wconf 89' lang='lat' dir='ltr'>equitatu</span> <span class='ocrx_word' id='word_1_161' title='bbox 510 1473 832 1519; x_wconf 86' lang='lat' dir='ltr'>Indutiomarus</span> <span class='ocrx_word' id='word_1_162' title='bbox 863 1475 946 1520; x_wconf 89' lang='lat' dir='ltr'>sub</span> <span class='ocrx_word' id='word_1_163' title='bbox 981 1478 1130 1520; x_wconf 88' lang='lat' dir='ltr'>castris</span> <span class='ocrx_word' id='word_1_164' title='bbox 1158 1478 1249 1535; x_wconf 80' lang='lat' dir='ltr'>ejus</span> <span class='ocrx_word' id='word_1_165' title='bbox 1287 1477 1546 1535; x_wconf 86' lang='lat' dir='ltr'>vagabatur,</span> <span class='ocrx_word' id='word_1_166' title='bbox 1579 1477 1684 1520; x_wconf 87' lang='lat' dir='ltr'>alias</span> <span class='ocrx_word' id='word_1_167' title='bbox 1720 1487 1773 1520; x_wconf 89' lang='lat' dir='ltr'>ut</span> 
     </span>
     <span class='ocr_line' id='line_1_22' title="bbox 284 1531 1772 1593; baseline 0.003 -19"><span class='ocrx_word' id='word_1_168' title='bbox 284 1531 418 1575; x_wconf 89' lang='lat' dir='ltr'>situm</span> <span class='ocrx_word' id='word_1_169' title='bbox 438 1541 681 1576; x_wconf 89' lang='lat' dir='ltr'>castrorum</span> <span class='ocrx_word' id='word_1_170' title='bbox 698 1543 992 1593; x_wconf 87' lang='lat' dir='ltr'>cognosceret,</span> <span class='ocrx_word' id='word_1_171' title='bbox 1013 1535 1118 1578; x_wconf 87' lang='lat' dir='ltr'>alias</span> <span class='ocrx_word' id='word_1_172' title='bbox 1134 1535 1422 1593; x_wconf 87' lang='lat' dir='ltr'>conloquendi</span> <span class='ocrx_word' id='word_1_173' title='bbox 1443 1545 1520 1578; x_wconf 91' lang='lat' dir='ltr'>aut</span> <span class='ocrx_word' id='word_1_174' title='bbox 1541 1535 1772 1579; x_wconf 89' lang='lat' dir='ltr'>territandi</span> 
     </span>
     <span class='ocr_line' id='line_1_23' title="bbox 291 1592 1772 1652; baseline 0.003 -20"><span class='ocrx_word' id='word_1_175' title='bbox 291 1605 463 1633; x_wconf 86' lang='lat' dir='ltr'>caussa:</span> <span class='ocrx_word' id='word_1_176' title='bbox 497 1592 666 1649; x_wconf 90' lang='lat' dir='ltr'>equites</span> <span class='ocrx_word' id='word_1_177' title='bbox 695 1593 957 1651; x_wconf 90' lang='lat' dir='ltr'>plerumque</span> <span class='ocrx_word' id='word_1_178' title='bbox 976 1609 1121 1636; x_wconf 89' lang='lat' dir='ltr'>omnes</span> <span class='ocrx_word' id='word_1_179' title='bbox 1141 1595 1228 1637; x_wconf 89' lang='lat' dir='ltr'>tela</span> <span class='ocrx_word' id='word_1_180' title='bbox 1257 1595 1371 1637; x_wconf 88' lang='lat' dir='ltr'>intra</span> <span class='ocrx_word' id='word_1_181' title='bbox 1391 1594 1557 1636; x_wconf 90' lang='lat' dir='ltr'>vallum</span> <span class='ocrx_word' id='word_1_182' title='bbox 1577 1595 1772 1652; x_wconf 87' lang='lat' dir='ltr'>conjicie-</span> 
     </span>
     <span class='ocr_line' id='line_1_24' title="bbox 286 1648 1768 1711; baseline 0.003 -20"><span class='ocrx_word' id='word_1_183' title='bbox 286 1648 411 1691; x_wconf 89' lang='lat' dir='ltr'>bant.</span> <span class='ocrx_word' id='word_1_184' title='bbox 476 1650 695 1693; x_wconf 89' lang='lat' dir='ltr'>Labienus</span> <span class='ocrx_word' id='word_1_185' title='bbox 711 1667 808 1694; x_wconf 88' lang='lat' dir='ltr'>suos</span> <span class='ocrx_word' id='word_1_186' title='bbox 829 1652 946 1694; x_wconf 89' lang='lat' dir='ltr'>intra</span> <span class='ocrx_word' id='word_1_187' title='bbox 967 1652 1226 1695; x_wconf 88' lang='lat' dir='ltr'>munitiones</span> <span class='ocrx_word' id='word_1_188' title='bbox 1243 1653 1493 1695; x_wconf 84' lang='lat' dir='ltr'>continebat</span> <span class='ocrx_word' id='word_1_189' title='bbox 1515 1652 1768 1711; x_wconf 88' lang='lat' dir='ltr'>timorisque</span> 
     </span>
     <span class='ocr_line' id='line_1_25' title="bbox 287 1707 1516 1768; baseline 0.002 -20"><span class='ocrx_word' id='word_1_190' title='bbox 287 1707 553 1765; x_wconf 88' lang='lat' dir='ltr'>opinionem,</span> <span class='ocrx_word' id='word_1_191' title='bbox 576 1709 925 1768; x_wconf 90' lang='lat' dir='ltr'>quibuscumque</span> <span class='ocrx_word' id='word_1_192' title='bbox 947 1719 1122 1768; x_wconf 90' lang='lat' dir='ltr'>poterat</span> <span class='ocrx_word' id='word_1_193' title='bbox 1142 1712 1289 1761; x_wconf 86' lang='lat' dir='ltr'>rebus,</span> <span class='ocrx_word' id='word_1_194' title='bbox 1310 1712 1516 1768; x_wconf 85' lang='lat' dir='ltr'>augebat.</span> 
     </span>
    </p>

    <p class='ocr_par' dir='ltr' id='par_1_4' title="bbox 290 1765 1778 2415">
     <span class='ocr_line' id='line_1_26' title="bbox 297 1765 1775 1827; baseline 0.003 -20"><span class='ocrx_word' id='word_1_195' title='bbox 297 1793 300 1798; x_wconf 97' lang='lat'>-</span> <span class='ocrx_word' id='word_1_196' title='bbox 350 1765 423 1808; x_wconf 87' lang='lat'>58.</span> <span class='ocrx_word' id='word_1_197' title='bbox 459 1768 607 1817; x_wconf 84' lang='lat' dir='ltr'>Quum</span> <span class='ocrx_word' id='word_1_198' title='bbox 638 1769 800 1827; x_wconf 82' lang='lat' dir='ltr'>majore</span> <span class='ocrx_word' id='word_1_199' title='bbox 839 1769 883 1811; x_wconf 92' lang='lat' dir='ltr'>in</span> <span class='ocrx_word' id='word_1_200' title='bbox 917 1769 1009 1812; x_wconf 90' lang='lat' dir='ltr'>dies</span> <span class='ocrx_word' id='word_1_201' title='bbox 1038 1770 1324 1812; x_wconf 85' lang='lat' dir='ltr'>contemtione</span> <span class='ocrx_word' id='word_1_202' title='bbox 1355 1769 1679 1812; x_wconf 90' lang='lat' dir='ltr'>Indutiomarus</span> <span class='ocrx_word' id='word_1_203' title='bbox 1717 1770 1775 1813; x_wconf 89' lang='lat' dir='ltr'>ad</span> 
     </span>
     <span class='ocr_line' id='line_1_27' title="bbox 290 1825 1775 1886; baseline 0.003 -20"><span class='ocrx_word' id='word_1_204' title='bbox 290 1831 435 1867; x_wconf 88' lang='lat' dir='ltr'>castra</span> <span class='ocrx_word' id='word_1_205' title='bbox 464 1825 708 1877; x_wconf 90' lang='lat' dir='ltr'>accederet,</span> <span class='ocrx_word' id='word_1_206' title='bbox 750 1836 876 1870; x_wconf 89' lang='lat' dir='ltr'>nocte</span> <span class='ocrx_word' id='word_1_207' title='bbox 909 1843 1011 1878; x_wconf 90' lang='lat' dir='ltr'>una,</span> <span class='ocrx_word' id='word_1_208' title='bbox 1042 1828 1293 1872; x_wconf 85' lang='lat' dir='ltr'>intromissis</span> <span class='ocrx_word' id='word_1_209' title='bbox 1327 1828 1547 1886; x_wconf 90' lang='lat' dir='ltr'>equitibus</span> <span class='ocrx_word' id='word_1_210' title='bbox 1583 1829 1775 1871; x_wconf 90' lang='lat' dir='ltr'>omnium</span> 
     </span>
     <span class='ocr_line' id='line_1_28' title="bbox 292 1882 1777 1944; baseline 0.004 -20"><span class='ocrx_word' id='word_1_211' title='bbox 292 1882 593 1927; x_wconf 86' lang='lat' dir='ltr'>finitumarum</span> <span class='ocrx_word' id='word_1_212' title='bbox 635 1884 877 1939; x_wconf 87' lang='lat' dir='ltr'>civitatum,</span> <span class='ocrx_word' id='word_1_213' title='bbox 921 1902 1029 1944; x_wconf 91' lang='lat' dir='ltr'>quos</span> <span class='ocrx_word' id='word_1_214' title='bbox 1069 1887 1338 1930; x_wconf 85' lang='lat' dir='ltr'>arcessendos</span> <span class='ocrx_word' id='word_1_215' title='bbox 1377 1895 1623 1937; x_wconf 78' lang='lat' dir='ltr'>curaverat,</span> <span class='ocrx_word' id='word_1_216' title='bbox 1655 1896 1777 1930; x_wconf 86' lang='lat' dir='ltr'>tanta</span> 
     </span>
     <span class='ocr_line' id='line_1_29' title="bbox 294 1940 1777 1996; baseline 0.004 -14"><span class='ocrx_word' id='word_1_217' title='bbox 294 1940 374 1983; x_wconf 91' lang='lat' dir='ltr'>dili</span> <span class='ocrx_word' id='word_1_218' title='bbox 408 1942 526 1984; x_wconf 90' lang='lat' dir='ltr'>entia</span> <span class='ocrx_word' id='word_1_219' title='bbox 564 1958 709 1987; x_wconf 90' lang='lat' dir='ltr'>omnes</span> <span class='ocrx_word' id='word_1_220' title='bbox 744 1959 840 1987; x_wconf 87' lang='lat' dir='ltr'>suos</span> <span class='ocrx_word' id='word_1_221' title='bbox 884 1945 1087 1988; x_wconf 88' lang='lat' dir='ltr'>custodiis</span> <span class='ocrx_word' id='word_1_222' title='bbox 1125 1947 1241 1988; x_wconf 88' lang='lat' dir='ltr'>intra</span> <span class='ocrx_word' id='word_1_223' title='bbox 1281 1955 1422 1988; x_wconf 83' lang='lat' dir='ltr'>castra</span> <span class='ocrx_word' id='word_1_224' title='bbox 1462 1945 1692 1996; x_wconf 89' lang='lat' dir='ltr'>continuit,</span> <span class='ocrx_word' id='word_1_225' title='bbox 1725 1954 1777 1988; x_wconf 90' lang='lat' dir='ltr'>ut</span> 
     </span>
     <span class='ocr_line' id='line_1_30' title="bbox 293 1999 1775 2062; baseline 0.004 -21"><span class='ocrx_word' id='word_1_226' title='bbox 293 1999 372 2041; x_wconf 88' lang='lat' dir='ltr'>nul</span> <span class='ocrx_word' id='word_1_227' title='bbox 392 2016 417 2042; x_wconf 94' lang='lat' dir='ltr'>a</span> <span class='ocrx_word' id='word_1_228' title='bbox 438 2001 605 2043; x_wconf 88' lang='lat' dir='ltr'>ratione</span> <span class='ocrx_word' id='word_1_229' title='bbox 627 2017 679 2044; x_wconf 90' lang='lat' dir='ltr'>ea</span> <span class='ocrx_word' id='word_1_230' title='bbox 699 2018 767 2046; x_wconf 87' lang='lat' dir='ltr'>res</span> <span class='ocrx_word' id='word_1_231' title='bbox 784 2004 1004 2046; x_wconf 86' lang='lat' dir='ltr'>enunciari</span> <span class='ocrx_word' id='word_1_232' title='bbox 1024 2013 1101 2046; x_wconf 90' lang='lat' dir='ltr'>aut</span> <span class='ocrx_word' id='word_1_233' title='bbox 1122 2004 1178 2047; x_wconf 88' lang='lat' dir='ltr'>ad</span> <span class='ocrx_word' id='word_1_234' title='bbox 1200 2005 1402 2046; x_wconf 86' lang='lat' dir='ltr'>Treviros</span> <span class='ocrx_word' id='word_1_235' title='bbox 1415 2004 1600 2062; x_wconf 88' lang='lat' dir='ltr'>perferri</span> <span class='ocrx_word' id='word_1_236' title='bbox 1620 2013 1775 2062; x_wconf 87' lang='lat' dir='ltr'>posset.</span> 
     </span>
     <span class='ocr_line' id='line_1_31' title="bbox 297 2056 1777 2119; baseline 0.004 -20"><span class='ocrx_word' id='word_1_237' title='bbox 297 2056 479 2101; x_wconf 92' lang='lat' dir='ltr'>Interim</span> <span class='ocrx_word' id='word_1_238' title='bbox 511 2075 564 2102; x_wconf 85' lang='lat' dir='ltr'>ex</span> <span class='ocrx_word' id='word_1_239' title='bbox 603 2061 915 2104; x_wconf 88' lang='lat' dir='ltr'>consuetudine</span> <span class='ocrx_word' id='word_1_240' title='bbox 944 2062 1199 2119; x_wconf 89' lang='lat' dir='ltr'>quotidiana</span> <span class='ocrx_word' id='word_1_241' title='bbox 1220 2062 1541 2105; x_wconf 88' lang='lat' dir='ltr'>Indutiomarus</span> <span class='ocrx_word' id='word_1_242' title='bbox 1562 2062 1617 2105; x_wconf 86' lang='lat' dir='ltr'>ad</span> <span class='ocrx_word' id='word_1_243' title='bbox 1638 2072 1777 2105; x_wconf 89' lang='lat' dir='ltr'>castra</span> 
     </span>
     <span class='ocr_line' id='line_1_32' title="bbox 296 2116 1776 2178; baseline 0.005 -21"><span class='ocrx_word' id='word_1_244' title='bbox 296 2116 465 2158; x_wconf 89' lang='lat' dir='ltr'>accedit</span> <span class='ocrx_word' id='word_1_245' title='bbox 483 2124 618 2174; x_wconf 90' lang='lat' dir='ltr'>atque</span> <span class='ocrx_word' id='word_1_246' title='bbox 639 2119 701 2160; x_wconf 91' lang='lat' dir='ltr'>ibi</span> <span class='ocrx_word' id='word_1_247' title='bbox 722 2134 923 2177; x_wconf 86' lang='lat' dir='ltr'>magnam</span> <span class='ocrx_word' id='word_1_248' title='bbox 944 2128 1114 2178; x_wconf 88' lang='lat' dir='ltr'>partem</span> <span class='ocrx_word' id='word_1_249' title='bbox 1127 2120 1212 2163; x_wconf 90' lang='lat' dir='ltr'>diei</span> <span class='ocrx_word' id='word_1_250' title='bbox 1233 2122 1470 2169; x_wconf 87' lang='lat' dir='ltr'>consumit;</span> <span class='ocrx_word' id='word_1_251' title='bbox 1501 2121 1669 2178; x_wconf 89' lang='lat' dir='ltr'>equites</span> <span class='ocrx_word' id='word_1_252' title='bbox 1690 2121 1776 2164; x_wconf 88' lang='lat' dir='ltr'>tela</span> 
     </span>
     <span class='ocr_line' id='line_1_33' title="bbox 294 2173 1776 2234; baseline 0.005 -19"><span class='ocrx_word' id='word_1_253' title='bbox 294 2173 530 2232; x_wconf 78' lang='lat' dir='ltr'>conjiciunt</span> <span class='ocrx_word' id='word_1_254' title='bbox 562 2183 609 2216; x_wconf 91' lang='lat' dir='ltr'>et</span> <span class='ocrx_word' id='word_1_255' title='bbox 643 2190 800 2234; x_wconf 88' lang='lat' dir='ltr'>magna</span> <span class='ocrx_word' id='word_1_256' title='bbox 832 2193 931 2220; x_wconf 90' lang='lat' dir='ltr'>cum</span> <span class='ocrx_word' id='word_1_257' title='bbox 966 2179 1228 2222; x_wconf 88' lang='lat' dir='ltr'>contumelia</span> <span class='ocrx_word' id='word_1_258' title='bbox 1257 2180 1492 2222; x_wconf 84' lang='lat' dir='ltr'>verborum</span> <span class='ocrx_word' id='word_1_259' title='bbox 1522 2188 1690 2222; x_wconf 89' lang='lat' dir='ltr'>nostros</span> <span class='ocrx_word' id='word_1_260' title='bbox 1721 2180 1776 2222; x_wconf 91' lang='lat' dir='ltr'>ad</span> 
     </span>
     <span class='ocr_line' id='line_1_34' title="bbox 295 2236 1776 2295; baseline 0.003 -21"><span class='ocrx_word' id='word_1_261' title='bbox 295 2247 491 2291; x_wconf 84' lang='lat' dir='ltr'>pugnam</span> <span class='ocrx_word' id='word_1_262' title='bbox 512 2241 706 2275; x_wconf 89' lang='lat' dir='ltr'>evocant.</span> <span class='ocrx_word' id='word_1_263' title='bbox 771 2236 911 2278; x_wconf 92' lang='lat' dir='ltr'>Nullo</span> <span class='ocrx_word' id='word_1_264' title='bbox 931 2237 986 2280; x_wconf 90' lang='lat' dir='ltr'>ab</span> <span class='ocrx_word' id='word_1_265' title='bbox 1008 2238 1161 2279; x_wconf 86' lang='lat' dir='ltr'>nostris</span> <span class='ocrx_word' id='word_1_266' title='bbox 1177 2237 1282 2280; x_wconf 91' lang='lat' dir='ltr'>dato</span> <span class='ocrx_word' id='word_1_267' title='bbox 1304 2253 1520 2295; x_wconf 90' lang='lat' dir='ltr'>responso,</span> <span class='ocrx_word' id='word_1_268' title='bbox 1544 2238 1619 2280; x_wconf 89' lang='lat' dir='ltr'>ubi</span> <span class='ocrx_word' id='word_1_269' title='bbox 1639 2237 1776 2279; x_wconf 88' lang='lat' dir='ltr'>visum</span> 
     </span>
     <span class='ocr_line' id='line_1_35' title="bbox 298 2291 1778 2354; baseline 0.003 -21"><span class='ocrx_word' id='word_1_270' title='bbox 298 2298 381 2341; x_wconf 87' lang='lat' dir='ltr'>est,</span> <span class='ocrx_word' id='word_1_271' title='bbox 415 2291 499 2334; x_wconf 90' lang='lat' dir='ltr'>sub</span> <span class='ocrx_word' id='word_1_272' title='bbox 531 2307 761 2349; x_wconf 91' lang='lat' dir='ltr'>vesperum</span> <span class='ocrx_word' id='word_1_273' title='bbox 793 2293 973 2353; x_wconf 91' lang='lat' dir='ltr'>dispersi</span> <span class='ocrx_word' id='word_1_274' title='bbox 1006 2312 1055 2338; x_wconf 90' lang='lat' dir='ltr'>ac</span> <span class='ocrx_word' id='word_1_275' title='bbox 1088 2295 1282 2354; x_wconf 86' lang='lat' dir='ltr'>dissipati</span> <span class='ocrx_word' id='word_1_276' title='bbox 1311 2295 1551 2338; x_wconf 84' lang='lat' dir='ltr'>discedunt.</span> <span class='ocrx_word' id='word_1_277' title='bbox 1617 2296 1778 2339; x_wconf 89' lang='lat' dir='ltr'>Subito</span> 
     </span>
     <span class='ocr_line' id='line_1_36' title="bbox 301 2349 1778 2415; baseline 0.002 -22"><span class='ocrx_word' id='word_1_278' title='bbox 301 2349 518 2394; x_wconf 84' lang='lat' dir='ltr'>Labienus</span> <span class='ocrx_word' id='word_1_279' title='bbox 539 2350 709 2415; x_wconf 84' lang='lat' dir='ltr'>duabus</span> <span class='ocrx_word' id='word_1_280' title='bbox 730 2352 866 2410; x_wconf 86' lang='lat' dir='ltr'>portis</span> <span class='ocrx_word' id='word_1_281' title='bbox 889 2369 1057 2397; x_wconf 89' lang='lat' dir='ltr'>omnem</span> <span class='ocrx_word' id='word_1_282' title='bbox 1084 2355 1329 2414; x_wconf 91' lang='lat' dir='ltr'>equitatum</span> <span class='ocrx_word' id='word_1_283' title='bbox 1359 2355 1547 2404; x_wconf 60' lang='lat' dir='ltr'>emittm</span> <span class='ocrx_word' id='word_1_284' title='bbox 1580 2354 1778 2413; x_wconf 86' lang='lat' dir='ltr'>praecipit</span> 
     </span>
    </p>
   </div>
   <div class='ocr_carea' id='block_1_3' title="bbox 349 2463 1777 2509">
    <p class='ocr_par' dir='ltr' id='par_1_5' title="bbox 349 2463 1777 2509">
     <span class='ocr_line' id='line_1_37' title="bbox 349 2463 1777 2509; baseline 0.001 -14"><span class='ocrx_word' id='word_1_285' title='bbox 349 2463 531 2497; x_wconf 71' lang='lat' dir='ltr'>Armatam</span> <span class='ocrx_word' id='word_1_286' title='bbox 550 2464 743 2498; x_wconf 75' lang='lat' dir='ltr'>concilium.</span> <span class='ocrx_word' id='word_1_287' title='bbox 790 2465 841 2497; x_wconf 81' lang='lat' dir='ltr'>Cf.</span> <span class='ocrx_word' id='word_1_288' title='bbox 857 2464 934 2498; x_wconf 87' lang='lat' dir='ltr'>Liv.</span> <span class='ocrx_word' id='word_1_289' title='bbox 950 2467 1005 2506; x_wconf 82' lang='lat'>21,</span> <span class='ocrx_word' id='word_1_290' title='bbox 1075 2466 1203 2509; x_wconf 83' lang='lat' dir='ltr'>glossa3</span> <span class='ocrx_word' id='word_1_291' title='bbox 1227 2465 1412 2508; x_wconf 75' lang='lat' dir='ltr'>opponitur</span> <span class='ocrx_word' id='word_1_292' title='bbox 1425 2465 1555 2508; x_wconf 82' lang='lat' dir='ltr'>quippe</span> <span class='ocrx_word' id='word_1_293' title='bbox 1581 2467 1625 2506; x_wconf 65' lang='grc' dir='ltr'>τῷ·</span> <span class='ocrx_word' id='word_1_294' title='bbox 1648 2470 1777 2497; x_wconf 74' lang='lat' dir='ltr'>natura</span> 
     </span>
    </p>
   </div>
   <div class='ocr_carea' id='block_1_4' title="bbox 300 2508 1777 2728">
    <p class='ocr_par' dir='ltr' id='par_1_6' title="bbox 304 2508 1563 2587">
     <span class='ocr_line' id='line_1_38' title="bbox 304 2508 1563 2548; baseline 0.001 -9"><span class='ocrx_word' id='word_1_295' title='bbox 304 2508 362 2539; x_wconf 79' lang='lat'>20.</span> <span class='ocrx_word' id='word_1_296' title='bbox 389 2508 439 2540; x_wconf 90' lang='lat' dir='ltr'>M.</span> <span class='ocrx_word' id='word_1_297' title='bbox 1074 2513 1223 2543; x_wconf 68' lang='lat' dir='ltr'>munitis.</span> <span class='ocrx_word' id='word_1_298' title='bbox 1246 2512 1300 2542; x_wconf 81' lang='lat' dir='ltr'>Cf.</span> <span class='ocrx_word' id='word_1_299' title='bbox 1316 2511 1440 2541; x_wconf 83' lang='lat' dir='ltr'>Justin.</span> <span class='ocrx_word' id='word_1_300' title='bbox 1459 2513 1513 2548; x_wconf 69' lang='lat'>24,</span> <span class='ocrx_word' id='word_1_301' title='bbox 1531 2512 1563 2542; x_wconf 91' lang='grc'>6.</span> 
     </span>
     <span class='ocr_line' id='line_1_39' title="bbox 349 2552 1514 2587; baseline 0.003 -4"><span class='ocrx_word' id='word_1_302' title='bbox 349 2552 426 2583; x_wconf 85' lang='lat' dir='ltr'>Hoc</span> <span class='ocrx_word' id='word_1_303' title='bbox 441 2562 535 2586; x_wconf 85' lang='lat' dir='ltr'>more</span> <span class='ocrx_word' id='word_1_304' title='bbox 548 2554 642 2587; x_wconf 75' lang='lat' dir='ltr'>Gale.</span> <span class='ocrx_word' id='word_1_305' title='bbox 658 2558 725 2585; x_wconf 87' lang='lat' dir='ltr'>etc.</span> <span class='ocrx_word' id='word_1_306' title='bbox 748 2552 925 2587; x_wconf 73' lang='lat' dir='ltr'>Glossema</span> <span class='ocrx_word' id='word_1_307' title='bbox 940 2554 1008 2587; x_wconf 85' lang='lat' dir='ltr'>hoc</span> <span class='ocrx_word' id='word_1_308' title='bbox 1121 2556 1258 2587; x_wconf 69' lang='lat' dir='ltr'>Evocat.</span> <span class='ocrx_word' id='word_1_309' title='bbox 1275 2554 1335 2585; x_wconf 81' lang='lat' dir='ltr'>alii</span> <span class='ocrx_word' id='word_1_310' title='bbox 1347 2560 1514 2587; x_wconf 72' lang='lat' dir='ltr'>convocat.</span> 
     </span>
    </p>

    <p class='ocr_par' dir='ltr' id='par_1_7' title="bbox 300 2592 1777 2684">
     <span class='ocr_line' id='line_1_40' title="bbox 300 2592 1777 2640; baseline 0.001 -14"><span class='ocrx_word' id='word_1_311' title='bbox 300 2592 448 2627; x_wconf 84' lang='lat' dir='ltr'>videtur.</span> <span class='ocrx_word' id='word_1_312' title='bbox 1123 2599 1338 2637; x_wconf 61' lang='lat' dir='ltr'>Itur-omissis,</span> <span class='ocrx_word' id='word_1_313' title='bbox 1361 2598 1506 2640; x_wconf 75' lang='lat' dir='ltr'>receptis</span> <span class='ocrx_word' id='word_1_314' title='bbox 1533 2597 1566 2629; x_wconf 93' lang='lat' dir='ltr'>in</span> <span class='ocrx_word' id='word_1_315' title='bbox 1583 2602 1693 2629; x_wconf 84' lang='lat' dir='ltr'>castra</span> <span class='ocrx_word' id='word_1_316' title='bbox 1711 2596 1777 2628; x_wconf 87' lang='lat' dir='ltr'>La-</span> 
     </span>
     <span class='ocr_line' id='line_1_41' title="bbox 347 2640 1259 2684; baseline 0.003 -14"><span class='ocrx_word' id='word_1_317' title='bbox 347 2640 568 2675; x_wconf 72' lang='lat' dir='ltr'>C&#39;omuerunt.</span> <span class='ocrx_word' id='word_1_318' title='bbox 604 2641 715 2683; x_wconf 80' lang='lat' dir='ltr'>Vulgo</span> <span class='ocrx_word' id='word_1_319' title='bbox 738 2651 758 2673; x_wconf 91' lang='lat' dir='ltr'>e</span> <span class='ocrx_word' id='word_1_320' title='bbox 790 2641 1007 2684; x_wconf 85' lang='lat' dir='ltr'>paucioribus</span> <span class='ocrx_word' id='word_1_321' title='bbox 1073 2642 1180 2675; x_wconf 82' lang='lat' dir='ltr'>bieni.</span> <span class='ocrx_word' id='word_1_322' title='bbox 1209 2644 1259 2674; x_wconf 83' lang='lat' dir='ltr'>M.</span> 
     </span>
    </p>

    <p class='ocr_par' dir='ltr' id='par_1_8' title="bbox 301 2679 1776 2728">
     <span class='ocr_line' id='line_1_42' title="bbox 301 2679 1776 2728; baseline 0.001 -16"><span class='ocrx_word' id='word_1_323' title='bbox 301 2679 412 2722; x_wconf 85' lang='lat' dir='ltr'>libris,</span> <span class='ocrx_word' id='word_1_324' title='bbox 425 2691 606 2727; x_wconf 68' lang='lat' dir='ltr'>coquntur.</span> <span class='ocrx_word' id='word_1_325' title='bbox 630 2687 682 2718; x_wconf 86' lang='lat' dir='ltr'>M.</span> <span class='ocrx_word' id='word_1_326' title='bbox 720 2685 783 2717; x_wconf 90' lang='lat' dir='ltr'>Sed</span> <span class='ocrx_word' id='word_1_327' title='bbox 800 2686 856 2718; x_wconf 86' lang='lat' dir='ltr'>Gr.</span> <span class='ocrx_word' id='word_1_328' title='bbox 874 2685 1006 2717; x_wconf 67' lang='grc' dir='ltr'>εἰώθασι.</span> <span class='ocrx_word' id='word_1_329' title='bbox 1121 2688 1256 2728; x_wconf 65' lang='grc' dir='ltr'><em>Μαῃηα</em></span> <span class='ocrx_word' id='word_1_330' title='bbox 1272 2697 1348 2718; x_wconf 70' lang='lat' dir='ltr'>cum</span> <span class='ocrx_word' id='word_1_331' title='bbox 1365 2686 1578 2719; x_wconf 78' lang='lat' dir='ltr'>contumelia.</span> <span class='ocrx_word' id='word_1_332' title='bbox 1607 2684 1659 2716; x_wconf 89' lang='lat' dir='ltr'>Sic</span> <span class='ocrx_word' id='word_1_333' title='bbox 1675 2684 1776 2714; x_wconf 84' lang='lat' dir='ltr'>codd.</span> 
     </span>
    </p>
   </div>
   <div class='ocr_carea' id='block_1_5' title="bbox 303 2727 1779 3036">
    <p class='ocr_par' dir='ltr' id='par_1_9' title="bbox 303 2727 1779 3036">
     <span class='ocr_line' id='line_1_43' title="bbox 348 2727 1775 2772; baseline 0 -15"><span class='ocrx_word' id='word_1_334' title='bbox 348 2727 464 2769; x_wconf 80' lang='lat' dir='ltr'>Supra</span> <span class='ocrx_word' id='word_1_335' title='bbox 478 2730 660 2763; x_wconf 78' lang='lat' dir='ltr'>demonstr.</span> <span class='ocrx_word' id='word_1_336' title='bbox 693 2730 930 2772; x_wconf 83' lang='lat' dir='ltr'>Conf.cap.3.</span> <span class='ocrx_word' id='word_1_337' title='bbox 956 2732 1007 2762; x_wconf 89' lang='lat' dir='ltr'>M.</span> <span class='ocrx_word' id='word_1_338' title='bbox 1076 2730 1133 2762; x_wconf 88' lang='lat' dir='ltr'>hic</span> <span class='ocrx_word' id='word_1_339' title='bbox 1160 2736 1193 2761; x_wconf 87' lang='lat' dir='ltr'>et</span> <span class='ocrx_word' id='word_1_340' title='bbox 1217 2730 1313 2762; x_wconf 86' lang='lat' dir='ltr'>alibi.</span> <span class='ocrx_word' id='word_1_341' title='bbox 1364 2731 1405 2761; x_wconf 85' lang='lat' dir='ltr'>V.</span> <span class='ocrx_word' id='word_1_342' title='bbox 1437 2732 1468 2769; x_wconf 82' lang='lat'>7,</span> <span class='ocrx_word' id='word_1_343' title='bbox 1499 2734 1553 2762; x_wconf 89' lang='lat'>55.</span> <span class='ocrx_word' id='word_1_344' title='bbox 1589 2728 1628 2759; x_wconf 92' lang='lat' dir='ltr'>C.</span> <span class='ocrx_word' id='word_1_345' title='bbox 1660 2732 1692 2765; x_wconf 76' lang='lat'>2,</span> <span class='ocrx_word' id='word_1_346' title='bbox 1724 2728 1775 2758; x_wconf 70' lang='lat'>14.</span> 
     </span>
     <span class='ocr_line' id='line_1_44' title="bbox 346 2771 1200 2815; baseline 0.005 -14"><span class='ocrx_word' id='word_1_347' title='bbox 346 2771 496 2805; x_wconf 69' lang='lat' dir='ltr'>Jude&#39;cat.</span> <span class='ocrx_word' id='word_1_348' title='bbox 548 2773 615 2805; x_wconf 90' lang='lat' dir='ltr'>Alii</span> <span class='ocrx_word' id='word_1_349' title='bbox 642 2774 874 2815; x_wconf 72' lang='lat' dir='ltr'>judicandum</span> <span class='ocrx_word' id='word_1_350' title='bbox 899 2780 1006 2812; x_wconf 77' lang='lat' dir='ltr'>curat,</span> <span class='ocrx_word' id='word_1_351' title='bbox 1073 2775 1129 2807; x_wconf 82' lang='lat' dir='ltr'>Al.</span> <span class='ocrx_word' id='word_1_352' title='bbox 1149 2776 1200 2806; x_wconf 87' lang='grc'>60.</span> 
     </span>
     <span class='ocr_line' id='line_1_45' title="bbox 303 2814 1777 2860; baseline 0.001 -15"><span class='ocrx_word' id='word_1_353' title='bbox 303 2821 380 2855; x_wconf 85' lang='lat' dir='ltr'>quae</span> <span class='ocrx_word' id='word_1_354' title='bbox 395 2821 444 2847; x_wconf 83' lang='lat' dir='ltr'>est</span> <span class='ocrx_word' id='word_1_355' title='bbox 459 2817 658 2858; x_wconf 80' lang='lat' dir='ltr'>explicatio.</span> <span class='ocrx_word' id='word_1_356' title='bbox 684 2819 735 2849; x_wconf 89' lang='lat' dir='ltr'>M.</span> <span class='ocrx_word' id='word_1_357' title='bbox 832 2843 839 2852; x_wconf 81' lang='grc'><strong><em>,</em></strong></span> <span class='ocrx_word' id='word_1_358' title='bbox 1121 2820 1278 2860; x_wconf 71' lang='grc' dir='ltr'><em>Ριίεσίρίι</em></span> <span class='ocrx_word' id='word_1_359' title='bbox 1306 2824 1406 2860; x_wconf 73' lang='lat' dir='ltr'>atque</span> <span class='ocrx_word' id='word_1_360' title='bbox 1437 2817 1611 2849; x_wconf 74' lang='lat' dir='ltr'>interdicit.</span> <span class='ocrx_word' id='word_1_361' title='bbox 1659 2814 1777 2845; x_wconf 67' lang='lat' dir='ltr'>Potest</span> 
     </span>
     <span class='ocr_line' id='line_1_46' title="bbox 352 2857 1775 2904; baseline 0.001 -14"><span class='ocrx_word' id='word_1_362' title='bbox 352 2858 397 2888; x_wconf 82' lang='lat' dir='ltr'>Ac</span> <span class='ocrx_word' id='word_1_363' title='bbox 411 2862 515 2899; x_wconf 78' lang='lat' dir='ltr'>prius.</span> <span class='ocrx_word' id='word_1_364' title='bbox 547 2861 663 2892; x_wconf 84' lang='lat' dir='ltr'>Davis.</span> <span class='ocrx_word' id='word_1_365' title='bbox 678 2861 774 2893; x_wconf 86' lang='lat' dir='ltr'>malit</span> <span class='ocrx_word' id='word_1_366' title='bbox 788 2857 835 2894; x_wconf 62' lang='grc' dir='ltr'>αἴ.</span> <span class='ocrx_word' id='word_1_367' title='bbox 1071 2866 1222 2904; x_wconf 71' lang='lat' dir='ltr'>praem&#39;pit</span> <span class='ocrx_word' id='word_1_368' title='bbox 1238 2862 1352 2894; x_wconf 73' lang='lat' dir='ltr'>referri</span> <span class='ocrx_word' id='word_1_369' title='bbox 1369 2873 1421 2899; x_wconf 76' lang='lat' dir='ltr'>eo,</span> <span class='ocrx_word' id='word_1_370' title='bbox 1438 2862 1526 2902; x_wconf 89' lang='lat' dir='ltr'>quod</span> <span class='ocrx_word' id='word_1_371' title='bbox 1542 2868 1658 2890; x_wconf 68' lang='lat' dir='ltr'>omnes</span> <span class='ocrx_word' id='word_1_372' title='bbox 1674 2868 1775 2889; x_wconf 86' lang='lat' dir='ltr'>unum</span> 
     </span>
     <span class='ocr_line' id='line_1_47' title="bbox 354 2902 1776 2950; baseline -0.002 -15"><span class='ocrx_word' id='word_1_373' title='bbox 354 2902 522 2942; x_wconf 72' lang='lat' dir='ltr'>Qssaefieri</span> <span class='ocrx_word' id='word_1_374' title='bbox 536 2906 624 2937; x_wconf 70' lang='lat' dir='ltr'>relic.</span> <span class='ocrx_word' id='word_1_375' title='bbox 639 2905 699 2937; x_wconf 86' lang='lat' dir='ltr'>alii</span> <span class='ocrx_word' id='word_1_376' title='bbox 714 2915 864 2947; x_wconf 77' lang='lat' dir='ltr'>qnaeque.</span> <span class='ocrx_word' id='word_1_377' title='bbox 1077 2913 1189 2947; x_wconf 74' lang='lat' dir='ltr'>petere</span> <span class='ocrx_word' id='word_1_378' title='bbox 1213 2906 1306 2947; x_wconf 70' lang='lat' dir='ltr'>jubet</span> <span class='ocrx_word' id='word_1_379' title='bbox 1323 2918 1331 2945; x_wconf 86' lang='lat'>;</span> <span class='ocrx_word' id='word_1_380' title='bbox 1356 2912 1390 2936; x_wconf 82' lang='lat' dir='ltr'>ct</span> <span class='ocrx_word' id='word_1_381' title='bbox 1415 2905 1574 2935; x_wconf 73' lang='lat' dir='ltr'>interdicit</span> <span class='ocrx_word' id='word_1_382' title='bbox 1603 2913 1656 2950; x_wconf 61' lang='lat' dir='ltr'>eo,</span> <span class='ocrx_word' id='word_1_383' title='bbox 1684 2902 1776 2943; x_wconf 81' lang='lat' dir='ltr'>quod</span> 
     </span>
     <span class='ocr_line' id='line_1_48' title="bbox 352 2945 1776 2990; baseline 0.001 -15"><span class='ocrx_word' id='word_1_384' title='bbox 352 2945 465 2977; x_wconf 72' lang='lat' dir='ltr'>Blanu</span> <span class='ocrx_word' id='word_1_385' title='bbox 488 2951 728 2980; x_wconf 74' lang='lat' dir='ltr'>munitissimis.</span> <span class='ocrx_word' id='word_1_386' title='bbox 767 2949 905 2981; x_wconf 81' lang='lat' dir='ltr'>Ursinus</span> <span class='ocrx_word' id='word_1_387' title='bbox 934 2958 1008 2990; x_wconf 84' lang='lat' dir='ltr'>per·</span> <span class='ocrx_word' id='word_1_388' title='bbox 1077 2949 1245 2990; x_wconf 79' lang='lat' dir='ltr'>prohibet.</span> <span class='ocrx_word' id='word_1_389' title='bbox 1267 2961 1307 2981; x_wconf 79' lang='lat' dir='ltr'>nc</span> <span class='ocrx_word' id='word_1_390' title='bbox 1322 2959 1422 2990; x_wconf 85' lang='lat' dir='ltr'>quem</span> <span class='ocrx_word' id='word_1_391' title='bbox 1441 2947 1532 2988; x_wconf 81' lang='lat' dir='ltr'>prius</span> <span class='ocrx_word' id='word_1_392' title='bbox 1549 2947 1776 2977; x_wconf 77' lang='lat' dir='ltr'>Indutiomaro</span> 
     </span>
     <span class='ocr_line' id='line_1_49' title="bbox 303 2990 1779 3036; baseline -0.001 -16"><span class='ocrx_word' id='word_1_393' title='bbox 303 2997 419 3031; x_wconf 81' lang='lat' dir='ltr'>peram</span> <span class='ocrx_word' id='word_1_394' title='bbox 447 2991 611 3032; x_wconf 80' lang='lat' dir='ltr'>expungit</span> <span class='ocrx_word' id='word_1_395' title='bbox 639 2992 674 3023; x_wconf 74' lang='grc' dir='ltr'>τὸ</span> <span class='ocrx_word' id='word_1_396' title='bbox 703 3003 822 3031; x_wconf 75' lang='lat' dir='ltr'>mareu,</span> <span class='ocrx_word' id='word_1_397' title='bbox 860 2993 959 3036; x_wconf 80' lang='lat' dir='ltr'>quasi</span> <span class='ocrx_word' id='word_1_398' title='bbox 991 3003 1010 3025; x_wconf 85' lang='lat' dir='ltr'>e</span> <span class='ocrx_word' id='word_1_399' title='bbox 1077 2994 1259 3026; x_wconf 72' lang='lat' dir='ltr'>vulnerent.</span> <span class='ocrx_word' id='word_1_400' title='bbox 1286 2994 1438 3025; x_wconf 78' lang='lat' dir='ltr'>Fortasse</span> <span class='ocrx_word' id='word_1_401' title='bbox 1456 2997 1565 3023; x_wconf 76' lang='lat' dir='ltr'>tannen</span> <span class='ocrx_word' id='word_1_402' title='bbox 1583 2990 1779 3022; x_wconf 71' lang='lat' dir='ltr'>interdicere</span> 
     </span>
    </p>
   </div>
  </div>
 </body>
</html>
