1946 3261
279 229 360 272 144
685 223 769 268 DE
801 220 1003 267 BELLO
1036 221 1329 267 GALLICO.

271 362 302 381 ⁶⁶
323 362 454 412 atque
472 350 552 393 hoc
572 348 753 392 maxime
768 349 823 392 ad
843 349 1051 392 virtutem
1067 348 1243 392 excitari
1261 356 1435 408 putant,
1452 355 1569 391 metu
1581 345 1734 391 mortis

275 421 304 439 ⁶⁶
327 412 536 469 neglecto.
585 408 732 450 Multa
750 417 958 466 praeterea
977 407 1030 449 de
1047 407 1255 450 sideribus
1274 417 1406 466 atque
1424 423 1574 450 eorum
1594 414 1733 455 motu,

273 479 302 497 ⁶⁶
324 472 377 512 de
408 466 554 510 mundi
583 483 632 509 ac
662 475 876 509 terrarum
899 465 1208 524 magnitudine,
1240 466 1294 509 de
1316 483 1460 509 rerum
1480 474 1652 514 natura,
1681 463 1736 506 de

270 537 299 555 ‘⁶
324 529 522 570 Deorum
539 525 833 568 inmortalium
854 524 896 568 vi
916 540 964 567 ac
985 533 1199 582 potestate
1215 525 1440 584 disputant
1455 533 1499 567 et
1515 521 1738 582 juventuti

270 595 298 613 ⁶⁶
321 585 564 628 transdunt.

333 645 397 686 15.
431 652 459 670 ‘⁶
484 644 687 686 Alterum
724 658 858 701 genus
886 649 950 685 est
970 641 1194 700 Equitum.
1258 643 1335 693 Hi,
1369 657 1506 700 quum
1536 648 1600 682 est
1636 654 1736 681 usus

269 711 298 731 ⁶⁶
321 713 453 760 atque
469 702 648 759 aliquod
664 702 830 744 bellum
847 700 1012 750 incidit,
1028 701 1165 759 (quod
1186 710 1284 744 ante
1305 701 1484 744 Caesaris
1503 699 1736 742 adventum

270 771 299 789 ‘⁶
321 763 410 804 fere
432 761 660 819 quotannis
688 760 881 803 accidere
912 760 1094 809 solebat,
1124 760 1190 802 uti
1211 769 1288 802 aut
1308 761 1390 818 ipsi
1411 758 1587 817 injurias
1608 757 1734 798 infer-

269 829 298 848 ⁶⁶
322 829 433 870 rent,
457 828 533 862 aut
555 819 706 861 inlatas
731 819 1074 877 propulsarent.)
1107 834 1249 861 omnes
1280 819 1323 860 in
1346 818 1462 861 bello
1484 823 1732 859 versantur:

269 888 298 906 ⁶⁶
321 888 453 938 atque
473 893 623 920 eorum
649 885 700 920 ut
720 878 902 934 quisque
928 887 992 920 est
1013 893 1167 935 genere
1195 877 1413 934 copiisque
1433 874 1734 932 amplissimus,

268 946 297 966 ⁶⁶
320 938 380 980 ita
401 937 610 996 plurimos
630 937 790 978 circum
811 952 852 978 se
871 936 1089 978 ambactos
1106 936 1368 993 clientesque
1386 934 1560 976 habent.
1607 931 1734 974 Hanc

266 1005 294 1024 ⁶⁶
318 1012 446 1038 unam
469 995 653 1054 gratiam
676 994 999 1053 potentiamque
1021 1003 1248 1037 noverunt.

328 1055 392 1097 16.
426 1063 454 1082 “
479 1054 613 1097 Natio
633 1063 698 1096 est
718 1054 907 1097 omnium
943 1054 1172 1096 Gallorum
1204 1051 1439 1096 admodum
1467 1049 1616 1093 dedita
1635 1047 1732 1092 reli-

268 1226 439 1248 manarum
460 1214 492 1246 in
510 1214 626 1246 bruta:
650 1212 722 1244 vult
740 1211 852 1253 potius
869 1211 967 1243 intel-

266 1261 327 1302 ligi
344 1258 519 1291 transitum
543 1268 584 1289 ex
607 1257 674 1289 alio
692 1256 773 1287 orbe
799 1256 832 1286 in
849 1255 967 1287 alium.

266 1305 329 1336 Sed
347 1304 448 1335 verba
461 1301 604 1334 Caesaris
625 1300 709 1332 nihil
733 1299 905 1330 continent
925 1300 966 1329 de

263 1349 352 1380 orbe.
398 1347 468 1378 Nec
491 1356 627 1376 necesse
653 1350 713 1380 est,
744 1349 781 1373 ut
806 1342 965 1373 transitus

263 1392 385 1423 animae
401 1391 557 1421 humanae
584 1388 617 1418 in
642 1389 779 1418 brutam
800 1385 966 1426 intelliga-

263 1441 332 1475 tur3
357 1435 414 1465 sed
438 1433 482 1465 ab
498 1432 576 1464 aliis
604 1431 790 1463 hominibus
814 1430 855 1460 ad
878 1430 964 1460 alios

263 1479 407 1521 migrare
422 1477 551 1511 an'unas
560 1475 712 1507 videntur
727 1474 895 1505 docuisse.
920 1474 963 1504 Et

263 1523 312 1554 sic
335 1522 454 1554 diserte
475 1520 626 1562 explicat
651 1519 752 1550 Diod.
769 1517 837 1549 Sic.
855 1522 886 1556 5,
909 1520 962 1548 28.

263 1567 352 1598 Illud
378 1565 540 1597 incertum
564 1569 624 1600 est,
647 1569 758 1594 utrum
784 1561 919 1592 Druidae
943 1571 963 1591 a

262 1611 464 1652 Pythagora,
488 1618 529 1638 an
557 1607 613 1636 hic
638 1607 682 1635 ab
702 1605 768 1634 illis
792 1604 964 1643 acceperit

263 1655 349 1684 hanc
365 1650 575 1684 sententiam.
607 1648 655 1678 Ac
671 1657 712 1678 ne
727 1657 813 1687 opus
825 1647 960 1687 quidem

261 1702 323 1734 est,
338 1702 387 1733 ut,
410 1695 438 1725 si
453 1693 528 1735 quis
542 1691 621 1733 quid
637 1690 800 1728 statuerit,
823 1691 914 1730 quod
931 1695 964 1721 et

261 1740 462 1781 Pythagorae
472 1737 582 1768 visum
597 1740 656 1773 est,
670 1734 764 1765 illico
777 1734 962 1771 credamus,

262 1783 351 1814 hunc
364 1781 539 1813 hominem
549 1789 625 1810 cum
639 1777 827 1818 Pythagora
836 1775 963 1816 aliquid

261 1824 516 1859 consuetudinis
524 1821 757 1858 habuisse,aut
768 1820 809 1850 ad
817 1820 960 1850 alterum

261 1873 305 1903 ab
319 1872 423 1902 altero
441 1867 576 1899 fluxisse
592 1864 803 1906 opinionem.
842 1863 960 1893 Nonne

264 1914 378 1957 potuit
407 1913 524 1944 eadem
553 1908 717 1941 sententia
747 1905 902 1948 pluribus
929 1907 961 1937 in

263 1964 410 1990 mentem
439 1954 571 1987 venire?
617 1952 686 1990 Qui
716 1951 820 1990 enim,
850 1957 961 1981 cetera

264 2002 404 2040 indocti,
419 2001 568 2036 credunt,
589 1997 719 2028 animas
732 2005 799 2026 non
816 1994 962 2033 interire,

264 2048 314 2087 hi,
338 2046 470 2087 quippe
498 2041 652 2074 sensibus
676 2044 709 2070 et
736 2038 962 2079 adspectabili

263 2091 389 2122 mundo
404 2087 545 2124 adsueti,
566 2095 666 2127 quam
683 2082 851 2125 proclives
866 2087 961 2113 erunt

263 2136 306 2167 ad
333 2131 656 2165 comminiscendum
685 2127 821 2168 aliquod
846 2136 961 2167 super-

263 2178 351 2211 stitis
366 2176 486 2209 animae
502 2172 747 2209 habitaculum,
768 2180 867 2212 quam
885 2181 961 2201 cor-

264 2233 347 2264 pore
375 2221 557 2262 sejunctam
586 2216 700 2247 vivere
724 2215 781 2246 vix
806 2214 962 2246 videntur

263 2266 452 2306 intelligere
472 2272 583 2304 posse.
607 2261 656 2291 M.

311 2310 549 2351 Amplissimus.
571 2303 630 2336 alii
647 2305 867 2346 amplissimis,

311 2355 496 2387 Ambactos.
540 2349 587 2380 Hi
600 2347 738 2389 quinam
757 2348 890 2384 fuerint,
906 2359 961 2379 su-

266 2412 324 2443 pra
342 2400 389 2438 (3,
407 2397 464 2433 22)
487 2393 576 2426 dixi:
601 2397 676 2423 sunt
697 2391 788 2422 enim
812 2392 959 2424 ambacti

264 2446 381 2482 iidem,
403 2440 463 2483 qui
487 2436 642 2470 soldurii.
686 2435 781 2466 Nunc
805 2436 847 2465 de
865 2436 958 2467 verbi

265 2487 398 2530 origine
425 2485 550 2516 addere
578 2481 689 2519 liceat,
722 2479 862 2511 Ambam
887 2490 959 2511 esse

264 2530 488 2564 domesticum
518 2526 659 2557 verbum
696 2529 730 2554 et
767 2522 958 2563 significare

263 2588 354 2614 eum,
365 2573 422 2616 qui
432 2574 577 2604 alterum
591 2573 772 2600 assectatur
784 2566 960 2597 adsiduus-

263 2631 329 2661 que
356 2617 507 2650 minister
528 2620 562 2646 et
585 2623 699 2645 comes
721 2611 793 2653 ejus
806 2615 871 2641 est:
895 2611 958 2641 etsi

264 2664 326 2694 alii
356 2662 426 2694 alio
449 2661 549 2692 modo
573 2655 813 2698 etymologiam
836 2654 961 2685 descri-

264 2708 360 2745 bunt,
378 2705 475 2747 quasi
490 2715 531 2736 ex
547 2707 617 2734 am!
630 2699 783 2740 (munus)
797 2705 830 2729 et
845 2699 961 2729 aclaten

265 2751 412 2789 (curare)
435 2748 575 2780 verbum
592 2745 634 2776 sit
648 2742 892 2784 compositum:
917 2742 960 2771 de

264 2805 332 2835 quo
347 2793 505 2833 equidem
520 2790 732 2822 vehementer
745 2786 877 2818 dubito.
904 2793 907 2796 ’
925 2784 959 2815 Si

264 2837 345 2879 quid
360 2837 546 2867 addendum
561 2839 611 2864 est
626 2833 680 2870 iis,
703 2841 778 2872 quae
791 2830 851 2861 alii
867 2828 962 2860 dixe-

266 2885 351 2918 runt,
364 2879 474 2920 reperi
488 2878 630 2909 verbum
648 2876 831 2912 Amlbahts,
844 2872 961 2904 minis-

264 2930 325 2962 ter,
336 2923 370 2954 in
381 2922 531 2953 versione
541 2920 686 2952 Gothica
696 2918 848 2960 epistolae
864 2915 960 2948 Pauli

266 2967 310 2999 ad
330 2965 514 3003 Romanos,
535 2964 596 2996 ubi
626 2965 729 2996 Rom.
750 2964 800 3001 13,
822 2964 853 2994 3.
871 2964 890 2994 4
908 2959 962 2992 bis

1032 1254 1167 1296 legitur,
1193 1254 1356 1295 waldusni
1380 1258 1422 1286 ist
1452 1253 1612 1285 andbahts
1641 1253 1735 1293 qotlas

1035 1299 1110 1330 h.e.
1128 1304 1277 1339 potestas
1292 1304 1341 1328 est
1357 1300 1510 1329 minister
1523 1295 1598 1326 Dei.
1647 1296 1733 1326 Rur-

1033 1353 1087 1372 sus
1107 1343 1207 1373 Rom.
1227 1344 1276 1379 15,
1293 1344 1324 1372 8.
1349 1339 1470 1374 διάκονος
1493 1339 1631 1371 vertitur
1647 1339 1735 1371 and-

1032 1386 1123 1417 balat.
1178 1385 1295 1417 Edidit
1325 1385 1425 1426 hujus
1454 1383 1618 1415 versionis
1645 1382 1735 1423 frag-

1032 1435 1144 1461 menta
1166 1440 1185 1460 e
1208 1429 1329 1460 codice
1352 1429 1515 1470 rescripto
1540 1426 1735 1464 Knittelius,

1032 1473 1092 1504 ubi
1111 1485 1143 1514 p.
1157 1477 1197 1505 25
1213 1478 1247 1504 et
1265 1477 1305 1504 45
1322 1472 1358 1503 hi
1375 1473 1441 1504 loci
1457 1476 1650 1502 occurrunt.
1679 1469 1732 1500 Cf.

1033 1527 1068 1558 p.
1089 1519 1162 1548 325.
1188 1517 1246 1548 ubi
1270 1517 1335 1548 hoc
1362 1517 1502 1548 verbum
1526 1516 1651 1551 denuo,
1674 1513 1733 1545 sed

1033 1571 1117 1601 pauc
1125 1561 1164 1599 is,
1173 1560 1296 1602 attigit,
1305 1562 1512 1601 lectoresque
1523 1560 1566 1590 ad
1575 1557 1734 1589 Sehilteri

1029 1605 1229 1644 glossarium
1243 1604 1449 1635 amandavit.
1484 1604 1616 1633 Frustra
1632 1601 1735 1641 igitur

1029 1657 1048 1676 e
1066 1647 1180 1688 lingua
1197 1647 1300 1678 latina
1315 1647 1486 1688 explicare
1503 1645 1655 1676 nonnulli
1672 1655 1732 1675 co-

1030 1690 1099 1719 nati
1129 1695 1216 1726 sunt,
1238 1696 1275 1719 ut
1299 1690 1458 1720 Dacerius
1480 1690 1522 1719 ad
1539 1689 1671 1719 Festum
1697 1688 1730 1718 in

1029 1731 1209 1763 ambacuc-s.
1228 1732 1297 1762 vid.
1314 1733 1435 1763 Ritteri
1454 1732 1598 1764 historia
1614 1731 1730 1763 Gallo-

1028 1784 1112 1812 rum,
1140 1787 1174 1816 p.
1190 1777 1266 1806 991.
1282 1779 1357 1813 222,
1380 1776 1439 1817 qui
1465 1782 1498 1807 et
1520 1776 1606 1807 alios
1622 1775 1730 1816 scrip-

1030 1824 1116 1849 tores
1131 1819 1289 1850 laudavit.
1315 1820 1363 1849 M.
1410 1820 1510 1850 Plura
1525 1819 1619 1850 dabit
1631 1819 1731 1850 Glos-

1029 1862 1150 1892 sarium
1165 1862 1326 1893 Scherzii.
1366 1862 1513 1893 Pellerin
1532 1863 1565 1893 in
1582 1862 1730 1894 Recueil

1028 1906 1071 1936 de
1087 1905 1276 1943 Mfflailles,
1300 1911 1323 1936 t.
1345 1908 1372 1936 l.
1397 1905 1465 1936 tab.
1486 1907 1518 1943 3,
1534 1910 1565 1936 2.
1589 1905 1729 1936 exhibet

1028 1959 1168 1980 numum
1199 1950 1380 1980 Gallicum.
1409 1948 1465 1990 qui
1498 1955 1591 1991 parte
1615 1949 1729 1980 antica

1028 1993 1256 2034 caputbovis,
1266 1992 1384 2024 addito
1399 1993 1583 2031 ambactws,
1597 1991 1730 2034 postica

1025 2047 1122 2068 avem
1137 2038 1304 2068 volantem
1318 2037 1426 2068 offert.
1464 2037 1641 2075 Incertum,
1656 2047 1730 2067 am-

1028 2081 1141 2112 hactus
1168 2081 1251 2112 sitne
1276 2091 1397 2111 nomen
1415 2080 1575 2118 hominis,
1596 2090 1638 2111 an
1654 2079 1729 2120 dig-

1027 2125 1154 2163 nitatis,
1167 2135 1208 2156 an
1226 2125 1417 2156 districtus?
1449 2125 1521 2155 Hac
1539 2123 1727 2166 posteriore

1026 2168 1272 2209 significatione
1289 2179 1353 2200 vox
1369 2168 1536 2209 hodieque
1552 2168 1676 2209 gaudet
1692 2166 1725 2198 in

1025 2212 1198 2244 Flandria.

1076 2258 1227 2290 Clientes.
1247 2293 1249 2295 ,
1272 2255 1412 2298 Optime
1434 2266 1511 2296 ergo
1527 2255 1639 2286 Csesar
1651 2264 1727 2284 ver-

1026 2300 1109 2333 bum
1124 2302 1272 2339 ambalzt,
1291 2300 1452 2331 Romanis
1469 2299 1658 2335 barbarum,
1675 2297 1726 2328 in-

1024 2350 1226 2386 terpretatus
1258 2350 1306 2376 est
1334 2343 1440 2376 latino
1469 2342 1602 2374 clientis
1625 2350 1727 2372 voca·

1025 2388 1119 2419 bulo.
1144 2390 1193 2420 Μ.

1074 2434 1240 2470 Gratiam,
1254 2430 1611 2467 benevolendammon
1623 2439 1725 2471 quam

1025 2477 1084 2519 qui
1115 2477 1193 2507 aliis
1222 2477 1293 2517 ipse
1323 2474 1542 2516 gratificando
1573 2474 1723 2511 exhibet,

1027 2522 1084 2552 sed
1102 2521 1133 2551 in
1149 2531 1214 2561 qua
1235 2520 1306 2561 ipse
1321 2525 1372 2550 est
1393 2519 1484 2559 apud
1501 2518 1600 2556 alios,
1619 2527 1721 2558 quam

1027 2565 1090 2596 init
1113 2564 1156 2596 ab
1178 2563 1268 2601 aliis,
1297 2569 1330 2594 et
1359 2573 1417 2603 per
1438 2572 1539 2603 quam
1562 2561 1724 2592 conciliat

1025 2608 1092 2640 sibi
1110 2607 1305 2649 potentiam.
1353 2606 1408 2637 Sic
1431 2605 1558 2637 dicitur
1577 2604 1683 2646 gratia
1702 2613 1723 2635 a

1026 2652 1245 2693 scriptoribus
1260 2650 1353 2681 illius
1369 2649 1487 2681 aetatis.
1511 2650 1561 2681 M.

1072 2698 1184 2727 Omnis
1214 2696 1401 2727 Gallorum.
1453 2694 1539 2724 Cum
1571 2692 1723 2733 plerique

1026 2741 1126 2771 codd.
1155 2742 1303 2771 omnium
1330 2737 1487 2771 habeant,
1509 2736 1637 2774 nescio,
1662 2745 1723 2766 eur

1028 2784 1092 2815 hoc
1104 2794 1171 2814 non
1183 2788 1347 2813 servatum
1359 2781 1401 2812 sit
1410 2780 1454 2811 ab
1465 2779 1722 2820 Oudendorpio.

1029 2829 1078 2858 M.
1123 2826 1285 2868 Conjicit‚
1306 2825 1470 2865 scriptum
1491 2823 1595 2854 fuisse
1617 2824 1723 2853 laomi-

1026 2881 1122 2908 mtm,
1137 2871 1228 2911 quod
1251 2869 1307 2899 vix
1324 2869 1437 2899 credo.
1481 2865 1645 2897 Cellarius
1671 2876 1722 2897 re-

1028 2913 1142 2955 posuit
1152 2915 1241 2946 omni
1245 2923 1313 2953 unz,
1323 2921 1456 2954 sequor.
1479 2912 1600 2944 Parum
1610 2916 1720 2942 tamen

1026 2958 1138 2991 refert.
