1946 3261
193 213 282 257 204
606 210 692 254 DE
723 207 928 254 BELLO
961 208 1258 253 GALLICO.

194 345 225 366 “
250 338 453 382 facturos.
518 336 705 380 Proinde
747 337 791 380 in
832 336 1000 396 agmine
1040 336 1250 395 inpeditos
1289 333 1556 380 adoriantur.
1620 339 1667 382 Si

195 405 226 425 ‘⁶
251 398 415 456 pedites
446 394 531 438 suis
563 395 771 438 auxilium
799 396 940 439 ferant
977 404 1110 453 atque
1144 396 1189 439 in
1222 410 1273 437 eo
1307 405 1550 446 morentur,
1584 395 1667 439 iter

195 464 226 484 “
249 453 397 498 confici
419 470 504 498 non
525 470 670 513 posse;
701 455 751 505 si,
774 455 818 497 id
840 455 958 513 quod
986 455 1121 512 magis
1148 455 1350 496 futurum
1377 454 1583 505 confidat,
1604 471 1669 498 re-

195 522 225 541 “
248 513 361 556 lictis
382 513 697 571 inpedimentis,
728 530 815 557 suae
835 513 964 556 saluti
987 513 1227 563 consulant,
1259 522 1302 555 et
1328 529 1410 556 usu
1433 529 1577 556 rerum
1599 530 1669 556 ne-

193 580 226 600 “
249 572 527 615 cessariarum
547 580 591 615 et
611 572 825 631 dignitate
852 569 1084 630 spoliatum
1105 573 1173 615 iri.
1237 572 1352 615 Nam
1373 573 1427 615 de
1449 573 1670 630 equitibus

192 638 224 658 ‘⁶
245 629 447 681 hostium,
485 631 592 689 quin
628 647 752 675 nemo
787 647 937 674 eorum
970 631 1179 690 progredi
1212 631 1341 674 modo
1374 640 1497 674 extra
1517 647 1672 689 agmen

191 697 225 717 ‘⁶
246 689 422 740 audeat,
443 706 494 733 ne
515 690 629 749 ipsos
657 691 830 748 quidem
856 690 1014 733 debere
1044 690 1261 733 dubitare.
1325 689 1375 733 Id
1399 706 1486 748 quo
1509 691 1671 749 majore

191 756 223 776 ‘⁶
247 749 406 792 faciant
433 749 590 798 animo,
624 750 767 808 copias
798 765 841 792 se
875 765 1018 792 omnes
1051 765 1133 806 pro
1166 749 1315 792 cast-ris
1343 749 1596 792 habiturum
1626 757 1672 791 et

192 815 224 835 “
247 807 404 851 terrori
442 807 637 851 hostibus
672 810 915 851 futurum.’'
977 808 1258 851 Conclamant
1287 808 1471 864 equites,
1504 816 1532 834 ‘⁶
1556 824 1671 850 sanc-

190 874 221 894 “
243 866 403 909 tissimo
418 866 699 924 jurejurando
718 867 959 910 confirmari
976 878 1195 924 oportere,
1213 882 1265 908 ne
1284 874 1400 908 tecto
1417 867 1503 908 reci
1540 867 1672 916 iatur,

192 932 223 952 ‘⁶
247 941 301 968 ne
321 925 376 967 ad
397 926 572 974 liberos,
594 941 646 967 ne
667 926 720 968 ad
740 936 954 983 parentes,
974 941 1025 967 ne
1044 924 1099 967 ad
1120 941 1298 968 uxorem
1315 924 1480 967 aditum
1530 927 1673 976 abeat,

191 991 225 1012 ‘⁶
247 983 324 1040 qui
345 999 430 1026 non
453 984 517 1026 bis
538 998 617 1041 per
636 999 791 1041 agmen
811 984 997 1026 hostium
1020 984 1351 1042 perequitarit.’'

252 1042 323 1084 67.
359 1042 552 1085 Probata
588 1058 635 1085 re
666 1051 799 1100 atque
837 1043 1034 1085 omnibus
1071 1042 1126 1086 ad
1158 1042 1462 1100 jusjurandum
1495 1041 1673 1092 adactis,

194 1108 369 1160 postero
388 1101 457 1144 die
478 1101 521 1144 in
542 1101 620 1144 tris
642 1111 785 1158 partes
806 1101 1043 1144 distributo
1063 1103 1279 1160 equitatu,
1310 1102 1406 1144 duae
1425 1118 1468 1144 se
1488 1101 1596 1144 acies
1617 1103 1673 1145 ab

191 1160 364 1203 duobus
380 1159 590 1203 lateribus
607 1160 861 1203 ostendunt:
896 1177 981 1203 una
997 1177 1021 1203 a
1039 1162 1180 1219 primo
1198 1160 1367 1219 agmine
1381 1161 1464 1203 iter
1481 1160 1675 1218 inpedire

194 1219 344 1277 coepit.
408 1219 508 1268 Qua
538 1235 585 1262 re
617 1219 836 1269 nunciata,
871 1219 1015 1263 Caesar
1051 1236 1175 1261 suum
1206 1235 1382 1277 quoque
1411 1219 1673 1277 equitatum,

193 1279 422 1336 tripartito
443 1277 642 1327 divisum,
678 1288 829 1320 contra
849 1276 1013 1320 hostem
1039 1279 1101 1320 ire
1124 1279 1265 1335 jubet.
1332 1278 1561 1335 Pugnatur
1590 1294 1676 1320 una

194 1343 300 1378 tunc
313 1336 564 1379 omnibusin
584 1336 806 1393 partibus:
841 1337 1032 1378 consistit
1050 1351 1222 1394 agmen:
1258 1335 1676 1394 inpedimentainter

192 1394 382 1451 legiones
419 1394 705 1452 recipiuntur.
770 1395 817 1436 Si
854 1411 941 1452 qua
974 1395 1016 1437 in
1051 1404 1174 1453 parte
1206 1397 1342 1437 nostri
1371 1395 1570 1437 laborare
1598 1405 1676 1438 aut

192 1452 370 1510 gravius
406 1453 543 1511 premi
573 1453 848 1502 videbantur,
878 1469 928 1494 eo
960 1454 1080 1511 signa
1114 1454 1261 1496 inferri
1292 1454 1436 1496 Caesar
1456 1454 1677 1512 aciemque

193 1510 390 1555 converti
406 1511 607 1569 jubebat:
643 1527 739 1569 quae
760 1528 825 1555 res
846 1521 890 1554 et
911 1511 1051 1555 hostes
1070 1512 1124 1555 ad
1146 1513 1454 1569 insequendum
1477 1513 1678 1556 tardabat

194 1578 240 1612 et
269 1579 439 1613 nostros
478 1586 552 1628 spe
590 1571 737 1613 auxilii
778 1570 1075 1614 confirmabat.
1139 1571 1331 1613 Tandem
1376 1572 1579 1614 Germani
1621 1573 1678 1615 ab

194 1629 350 1672 dextro
379 1628 531 1678 latere,
563 1645 777 1671 summum
804 1630 958 1688 jugum
985 1630 1114 1679 nacti,
1145 1630 1286 1673 hostes
1308 1630 1402 1672 loco
1423 1630 1676 1687 depellunt3

195 1688 411 1745 fugientes
427 1703 563 1744 usque
580 1687 633 1729 ad
653 1688 826 1738 flumen,
847 1689 922 1731 ubi
942 1689 1275 1747 Vercingetorix
1292 1705 1390 1731 cum
1408 1689 1677 1746 pedestribus

197 1746 333 1804 copiis
365 1746 630 1796 consederat,
669 1756 993 1805 persequuntur
1030 1749 1362 1806 compluresque
1400 1747 1676 1791 interficiunt.

201 1805 300 1854 Qua
329 1820 374 1847 re
397 1804 707 1855 animadversa,
739 1807 913 1864 reliqui,
944 1822 994 1848 ne
1017 1807 1449 1854 circumveuireutur,
1473 1807 1615 1855 veriti,
1638 1825 1680 1850 se

197 1863 313 1921 fugae
353 1863 570 1906 mandant.
633 1864 845 1908 Omnibus
888 1865 991 1907 locis
1026 1866 1074 1907 fit
1113 1865 1265 1908 caedes:
1311 1874 1398 1907 tres
1428 1865 1678 1909 nobilissimi

201 1922 335 1964 AEdui
368 1922 485 1981 capti
525 1923 579 1965 ad
620 1923 830 1966 Caesarem
873 1923 1199 1982 perducuntur:
1257 1924 1409 1973 Cotus,
1451 1925 1681 1981 praefectus

198 1982 413 2038 equitum,
454 1981 530 2038 qui
571 1983 905 2025 controversiam
948 2000 1044 2025 cum
1089 1983 1436 2026 Convictolitane
1477 1983 1682 2041 proximis

198 2039 385 2082 comitiis
398 2039 632 2089 habuerat;
654 2050 697 2084 et
713 2041 972 2091 Cavarillus,
989 2041 1063 2100 qui
1085 2052 1184 2100 post
1200 2043 1482 2085 defectionem
1499 2041 1681 2085 Litavici

200 2097 475 2156 pedestribus
505 2099 639 2157 copiis
664 2100 919 2158 praefuerat;
952 2111 996 2143 et
1019 2101 1293 2159 Eporedirix,
1326 2117 1414 2158 quo
1442 2100 1551 2143 duce
1581 2111 1680 2145 ante

199 2156 435 2199 adventum
461 2158 638 2201 Caesaris
660 2159 790 2201 AEdui
812 2176 909 2202 cum
936 2160 1146 2218 Sequanis
1168 2160 1284 2202 bello
1306 2159 1630 2202 contenderant.

258 2214 327 2256 68.
361 2215 533 2273 Fugato
560 2217 673 2259 omni
695 2219 911 2275 equitatu,
945 2219 1279 2277 Vercingetorix
1313 2218 1456 2276 copias
1486 2235 1597 2267 suas,
1630 2230 1679 2262 ut

201 2289 284 2332 pro
305 2274 454 2316 castris
471 2275 786 2325 conlocaverat,
809 2278 1000 2326 reduxit;
1034 2273 1318 2336 protinusque
1340 2277 1543 2325 Alesiam,
1564 2279 1679 2336 quod

200 2341 264 2376 est
298 2332 513 2392 oppidum
538 2334 896 2387 Mandubiorum,
927 2337 1009 2379 iter
1041 2338 1182 2381 facere
1206 2336 1360 2395 coepit;
1393 2336 1680 2395 celeriterque

248 2496 291 2527 In
307 2498 457 2537 aymine.
503 2495 558 2527 Sic
591 2497 714 2529 Andin.
738 2505 770 2529 et
794 2497 904 2531 Oxou.
1022 2501 1229 2542 Eymredirioe.
1276 2501 1370 2542 Ejus.
1398 2500 1440 2531 de
1467 2510 1538 2542 quo
1568 2511 1678 2533 sermo

203 2538 316 2580 Vulgo
333 2543 481 2580 tramine.
974 2556 1005 2578 c.
1023 2550 1075 2578 51.
1094 2552 1185 2587 pater
1199 2545 1250 2576 vel
1266 2556 1362 2576 avus.

248 2585 285 2615 Si.
302 2586 427 2625 pedites
446 2587 526 2616 suis.
547 2585 608 2617 alii
630 2585 729 2617 rebus
752 2589 830 2618 suis.
856 2590 906 2618 in·
1025 2592 1063 2621 Γπ
1076 2602 1137 2632 pro
1149 2592 1275 2621 castris.
1293 2589 1314 2620 i.
1328 2600 1359 2620 e.
1375 2599 1417 2619 eo
1434 2588 1562 2627 ordine,
1575 2599 1656 2630 quo.

195 2628 392 2668 pedimentis
404 2631 485 2661 suis.
1020 2635 1173 2665 Alesiam.
1214 2633 1249 2664 Si
1266 2633 1366 2664 codd.
1380 2639 1444 2663 vet.
1457 2632 1555 2665 bene.
1579 2632 1677 2664 Dicta

250 2672 320 2703 Iter
336 2675 461 2713 confici.
484 2672 682 2714 allifavere.
972 2678 1101 2719 quippe
1125 2678 1185 2708 ola-3
1206 2679 1256 2710 τῆς
1277 2677 1360 2708 κατὰ
1378 2678 1428 2708 τὴν
1444 2676 1599 2720 regan-titur
1612 2678 1681 2715 (τοῦ

254 2716 309 2746 Bis
323 2727 386 2756 per
400 2727 536 2757 agymen.
584 2718 622 2747 To*
644 2719 692 2749 bis
717 2717 749 2750 in
770 2718 908 2760 quibus-
974 2722 1170 2765 Ἡρακλέους)
1186 2722 1271 2756 ἄλης,
1287 2726 1370 2752 teste
1388 2720 1487 2751 Diod.
1503 2719 1571 2751 Sic.
1583 2722 1615 2753 4.
1631 2724 1677 2752 19.

205 2758 280 2788 dam
296 2760 399 2790 deest.
445 2761 580 2793 Graecus
595 2761 708 2794 habet.
978 2766 1153 2806 Polymnus
1176 2769 1207 2798 8,
1232 2767 1285 2798 93.
1313 2767 1362 2796 11.
1394 2764 1547 2794 Ἀλαισὶαν
1570 2772 1679 2796 vocat.

252 2803 302 2832 ,m
316 2806 567 2842 jusjurandmn
587 2807 728 2838 adacti&
775 2807 808 2838 In
833 2808 908 2838 aliis
979 2809 1090 2848 Vulgo
1109 2812 1224 2841 Altaria
1241 2809 1341 2839 dicta.
1389 2807 1552 2839 Restituit
1565 2818 1679 2840 verum

207 2847 404 2886 praepositio
419 2849 523 2886 deest,
541 2856 577 2881 ut
592 2850 632 2881 C.
653 2853 680 2884 1.
694 2852 747 2881 76.
765 2858 797 2882 et
812 2856 843 2885 2.
859 2855 908 2883 18.
977 2863 1098 2885 nomen
1115 2853 1336 2885 casaubonus
1352 2851 1385 2883 in
1402 2852 1565 2883 Strabone
1590 2853 1628 2883 L.
1647 2857 1678 2888 4.

249 2890 422 2932 Aciemque
438 2895 594 2924 concerti.
611 2894 672 2926 alii
688 2898 851 2929 constitui.
978 2909 1011 2938 p.
1030 2900 1104 2928 291.
1128 2903 1161 2928 et.
1187 2896 1328 2927 Vossius
1357 2896 1388 2926 in
1417 2895 1548 2927 Velleio
1573 2899 1604 2928 2.
1625 2898 1678 2928 47.

251 2933 358 2966 Com-s.
404 2935 457 2968 Cf.
474 2948 503 2969 c.
522 2939 574 2970 33.
594 2940 645 2971 M.
976 2943 1133 2973 Ceterum
1149 2941 1260 2972 medio
1275 2952 1348 2972 aevo
1375 2939 1524 2971 librariis
1538 2940 1651 2973 literas
1664 2952 1679 2972 s

977 2992 1009 3017 et
1023 2997 1045 3017 a:
1061 2991 1247 3029 permutare
1263 2986 1412 3019 solemne
1428 2984 1501 3017 fuit.
