1946 3261
629 221 747 266 LIB.
811 221 950 265 CAP.
983 219 1171 263 51-54.
1569 216 1656 262 455

179 346 285 397 lato,
319 347 370 391 fit
400 363 425 390 a
458 348 693 407 conjuratis
729 349 899 406 inpetus
935 347 1157 389 universis.
1222 345 1448 390 Munatius
1470 345 1651 389 Flaccus

181 406 423 464 proximum
445 408 590 466 gladio
611 408 820 466 transjicit
843 407 1039 449 lictorem
1059 420 1068 446 ε
1104 405 1184 447 hoc
1209 405 1453 456 interfecto,
1473 406 1528 456 Q.
1549 405 1654 447 Cas-

178 466 286 507 sium
311 465 525 525 Legatum
544 468 757 509 vulnerat.
801 465 869 508 Ibi
892 465 944 507 T.
963 463 1119 506 Vasius
1140 471 1184 504 et.
1207 463 1257 504 L.
1281 464 1505 522 Mergilio,
1527 463 1654 507 simili

177 523 451 574 confidentia,
475 525 680 568 Flaccum
703 525 960 583 municipem
980 538 1106 564 suum
1127 521 1336 578 adjuvant
1354 537 1363 562 ε
1397 532 1522 566 erant
1542 523 1654 565 enim

177 599 319 626 omnes
340 583 598 626 Italicenses.
660 585 723 626 At
750 584 893 642 ipsum
916 580 1131 638 Longium
1163 580 1215 621 L.
1242 579 1431 622 Licinius
1459 581 1654 639 Squillus

176 642 655 700 involat-jacentemque
675 642 841 685 levibus
862 641 1024 684 sauciat
1046 638 1201 697 plagis.

233 701 304 743 53.
341 701 632 743 Concurritur
654 702 710 744 ad
734 702 927 743 Cassium
950 697 1299 742 defendendum:
1340 712 1507 755 semper
1538 699 1653 743 enim

176 762 359 804 berones
391 760 726 818 compluresque
746 768 947 803 evocatos
968 774 1067 801 cum
1089 757 1187 799 telis
1208 771 1354 798 secum
1374 755 1534 799 habere
1555 773 1654 800 con-

174 826 407 862 sueverat:
451 835 476 861 a
511 819 671 876 quibus
707 820 841 862 ceteri
878 815 1251 864 intercluduntur,
1293 814 1370 871 qui
1407 815 1461 857 ad
1496 816 1657 859 caedem

175 878 412 921 faciendam
441 879 850 935 subsequebantur:
885 893 974 935 quo
1007 877 1051 919 in
1079 889 1258 918 numero
1280 873 1367 916 fuit
1390 873 1658 932 Calpurnius

180 937 408 980 Salvianus
426 946 470 979 et
494 937 702 980 Manilius
724 937 956 981 Tusculus.
1022 933 1240 977 Minutius
1273 931 1385 975 inter
1407 948 1526 982 saxa,
1560 949 1658 991 quae

172 997 375 1057 jacebant
413 997 457 1039 in
491 996 661 1047 itinere,
702 997 869 1055 fugiens
910 993 1193 1052 obprimitur,
1224 999 1285 1042 et,
1316 1000 1457 1035 resato
1479 991 1659 1035 domum

180 1057 342 1106 Cassio,
366 1056 422 1099 ad
444 1072 544 1099 eum
563 1056 807 1099 deducitur.
870 1054 1062 1097 Racilius
1083 1053 1127 1095 in
1149 1052 1393 1110 proximam
1414 1067 1458 1093 se
1479 1050 1660 1095 domum

177 1114 399 1159 familiaris
418 1115 482 1158 sui
503 1116 690 1165 confert,
723 1115 829 1158 dum
862 1122 1032 1157 certum
1062 1119 1357 1170 cognosceret,
1385 1110 1660 1154 confectusne

181 1175 351 1218 Cassius
372 1183 494 1217 esset.
559 1174 609 1216 L.
632 1174 890 1223 Laterensis,
908 1189 1044 1232 quum
1065 1171 1108 1214 id
1129 1186 1214 1214 non
1230 1169 1471 1221 dubitaret,
1504 1169 1662 1212 adcur-

178 1235 238 1277 rit
260 1234 382 1277 laetus
409 1234 452 1276 in
479 1242 635 1283 castra,
670 1233 880 1276 militibus
902 1231 1146 1275 vernaculis
1166 1238 1210 1272 et
1230 1228 1430 1272 secundae
1461 1229 1662 1288 legionis,

181 1294 340 1351 quibus
362 1292 463 1336 odio
486 1293 648 1335 sciebat
677 1293 896 1351 praecipue
920 1291 1112 1334 Cassium
1133 1306 1236 1339 esse,
1260 1288 1512 1346 gratulatur
1535 1304 1544 1330 :
1580 1288 1663 1330 tol-

176 1354 286 1396 litur
307 1369 332 1394 a
358 1351 640 1394 multitudine
672 1355 716 1394 in
750 1350 961 1399 tribunal,
1004 1350 1171 1392 Praetor
1207 1348 1487 1406 adpellatur:
1536 1363 1660 1389 nemo

181 1412 294 1456 enim
325 1419 402 1453 aut
422 1411 466 1453 in
487 1410 709 1468 provincia
737 1418 879 1460 natus,
917 1418 994 1451 aut
1027 1407 1273 1450 vernaculae
1309 1406 1490 1464 legionis
1524 1405 1660 1455 miles,

180 1479 258 1515 aut
291 1470 580 1513 diuturnitate
608 1470 695 1528 jam
716 1469 855 1511 factus
878 1467 1172 1527 provincialis,
1193 1481 1281 1522 quo
1304 1465 1346 1507 in
1364 1481 1544 1508 numero
1566 1472 1663 1507 erat

179 1529 366 1573 secunda
402 1529 533 1586 legio,
573 1544 657 1571 non
679 1544 777 1571 cum
799 1528 913 1570 omni
937 1526 1160 1585 provincia
1195 1532 1466 1567 consenserat
1496 1524 1540 1566 in
1561 1523 1663 1566 odio

182 1589 338 1632 Cassii:
373 1603 471 1630 nam
483 1588 673 1645 legiones
688 1587 948 1629 tricesimam
965 1594 1008 1628 et
1022 1584 1266 1627 vicesimam
1288 1583 1489 1640 primam,
1514 1583 1662 1641 paucis

180 1648 396 1691 mensibus
433 1647 475 1688 in
516 1646 644 1688 Italia
682 1646 879 1704 scriptas,
927 1645 1072 1686 Caesar
1105 1641 1382 1684 adtribuerat
1428 1641 1664 1699 Longino;

180 1707 332 1766 quinta
349 1706 463 1764 legio
484 1705 543 1748 ibi
567 1721 707 1763 nuper
728 1712 823 1746 erat
845 1703 1059 1746 confecta.

237 1765 308 1808 54.
360 1764 538 1806 Interim
577 1764 810 1806 nunciatur
850 1761 1070 1805 Laterensi
1102 1760 1248 1803 vivere
1289 1757 1496 1801 Cassium.
1562 1758 1663 1807 Quo

179 1825 337 1868 nuncio
367 1823 518 1866 dolore
549 1823 686 1881 magis
730 1831 966 1880 permotus,
1011 1836 1144 1877 quam
1181 1819 1321 1861 animo
1362 1816 1664 1875 perturbatus,

179 1883 319 1927 reficit
348 1899 391 1925 se
430 1882 628 1925 celeriter
670 1890 714 1923 et
753 1881 808 1924 ad
852 1881 1045 1924 Cassium
1092 1877 1314 1922 visendum
1361 1875 1663 1934 proficiscitur.

182 1943 249 1986 Re
290 1941 480 2001 cognita,
534 1941 749 1984 tricesima
800 1941 914 1998 legio
966 1940 1088 1998 signa
1134 1937 1388 1980 Cordubam
1433 1935 1568 1978 infert
1607 1936 1665 1978 ad

958 2098 1055 2123 tumt
1092 2091 1150 2121 sed
1183 2089 1266 2121 fides
1301 2094 1373 2121 esto
1409 2097 1514 2130 penes
1551 2087 1665 2129 ipsum

959 2134 1178 2167 scholiasten.
1201 2134 1388 2165 Subscribo
1402 2131 1668 2164 sententiaeGes-

959 2179 1029 2210 neri
1056 2178 1088 2209 in
1111 2179 1215 2209 Thes.
1242 2178 1281 2208 L.
1297 2177 1336 2208 L.
1361 2177 1394 2208 in
1420 2188 1450 2208 v.
1476 2177 1571 2215 baro,
1592 2175 1665 2217 qui,

185 2097 237 2128 M.
279 2097 314 2127 In
331 2096 383 2127 ed.
400 2094 576 2135 2.recepit
604 2103 750 2125 versum.
775 2093 886 2124 Bentl.

183 2141 305 2183 probat
315 2150 484 2171 aversum.
512 2137 654 2168 Perinde
669 2143 731 2168 est.

230 2187 381 2217 Flaccus.
434 2183 545 2223 Vulgo
586 2183 732 2213 Plancus
770 2187 888 2212 contra

184 2229 282 2261 codd.
306 2229 358 2259 M.
400 2227 555 2257 Oudend.
571 2224 719 2257 restituit
733 2226 888 2256 Flaccus.

183 2276 232 2306 Ita
257 2275 327 2315 jam
359 2270 554 2303 Perizonius
584 2269 617 2300 in
639 2280 721 2310 epp.
744 2268 844 2300 editis
867 2279 888 2300 a

183 2319 297 2350 Burni.
313 2323 337 2347 t.
352 2319 384 2347 4.
401 2326 482 2357 epp.
499 2326 531 2356 p.
550 2316 625 2345 788.

230 2363 433 2398 ItalicenseS,
444 2359 511 2390 nati
524 2358 650 2389 Italicae
665 2356 699 2387 in
714 2355 889 2397 provincia

184 2405 327 2443 Baetica,
355 2403 389 2435 in
413 2413 480 2445 qua
506 2402 623 2444 Scipio
648 2400 778 2432 Punico
797 2400 889 2431 bello

185 2449 381 2482 debilitatos
395 2447 531 2486 milites,
547 2457 588 2478 ex
605 2445 701 2477 Italia
713 2450 815 2484 ortos,
832 2445 889 2475 de-

187 2498 357 2537 posuerat.
392 2493 565 2524 cellarius.

234 2539 286 2570 Azl
313 2539 423 2578 ipsum
457 2536 562 2576 Lonqq.
599 2534 680 2574 Leg.
708 2534 749 2564 Ac
771 2543 790 2563 e
812 2533 889 2564 cod.

184 2583 313 2615 Lovan.
326 2581 378 2611 M.
421 2579 475 2610 Cf.
493 2579 610 2610 Heins.
626 2579 669 2609 ad
684 2576 789 2608 Ovid.
803 2576 888 2608 Met.

187 2631 239 2666 13,
253 2629 326 2657 560.

235 2673 390 2703 Berones.
437 2666 491 2698 Sic
522 2667 621 2698 codd.
651 2665 778 2704 omnes,
809 2670 891 2696 teste

189 2717 295 2755 Oud.;
334 2714 392 2745 sed
422 2711 564 2742 verbum
594 2715 644 2741 est
674 2714 887 2750 conruptum.

190 2761 286 2792 Alius
300 2757 408 2789 voluit
423 2755 491 2797 legi
514 2757 670 2792 Vettones,
685 2754 772 2785 alius
792 2754 888 2794 Biqe-

186 2814 308 2841 rones;
339 2802 398 2842 qui
432 2805 508 2831 sunt
545 2798 723 2839 Hispaniae
758 2797 891 2838 populi.

185 2847 289 2880 Multi
310 2847 502 2878 maluerunt
523 2845 677 2880 barones,
693 2842 774 2883 quia
790 2841 891 2872 scho-

186 2892 300 2923 liastes
317 2889 423 2922 Persii
438 2889 520 2923 (Sat.
537 2892 568 2925 5,
589 2887 664 2926 138)
681 2886 779 2923 dixit,
791 2886 888 2917 baro-

189 2947 247 2968 nes
260 2935 374 2978 lingua
388 2934 564 2966 Gallorum
580 2931 647 2963 dici
663 2941 778 2963 servos
799 2929 887 2969 mili-

958 2224 1103 2261 Frustra‚
1120 2219 1242 2263 inquit,
1266 2223 1332 2253 hoc
1353 2221 1495 2252 verbum
1512 2220 1667 2252 obtrudi-

959 2272 1013 2298 tur
1032 2266 1143 2298 Hirtio
1162 2279 1170 2296 ε
1196 2271 1333 2308 praestat
1345 2265 1453 2304 fateri,
1475 2266 1590 2296 locum
1607 2269 1666 2295 aut

959 2316 1162 2352 conruptum
1192 2321 1277 2348 esse,
1315 2316 1373 2342 aut
1408 2319 1474 2340 non
1505 2308 1664 2349 intelligi.

960 2355 1168 2396 Significatio
1192 2354 1285 2386 verbi
1306 2355 1398 2391 baro,
1423 2359 1503 2385 nota
1525 2352 1628 2383 nobis
1644 2362 1664 2382 e

961 2399 1186 2441 scriptoribus
1201 2399 1359 2440 antiquis,
1374 2402 1423 2428 est
1439 2397 1527 2435 haec,
1545 2401 1579 2427 ut
1595 2401 1665 2427 stu-

960 2444 1060 2485 pidus
1079 2449 1112 2474 et
1133 2443 1244 2474 fatuus
1259 2444 1363 2474 homo
1380 2452 1420 2472 eo
1437 2440 1664 2482 exprimatur3

961 2488 1031 2527 illa,
1045 2498 1149 2529 quam
1163 2487 1366 2519 scholiastes
1383 2485 1490 2516 Persii
1507 2483 1622 2522 tradit,
1637 2483 1666 2515 si

960 2538 1010 2564 est
1026 2543 1115 2571 vera,
1128 2537 1179 2562 est
1194 2533 1303 2563 multo
1320 2528 1516 2562 recentioris
1541 2528 1666 2559 aetatis.

963 2578 1011 2608 M.
1057 2575 1216 2607 Defendit
1254 2586 1351 2606 usum
1379 2573 1476 2604 vocis
1512 2572 1665 2602 Pithoeus

962 2622 1053 2652 Adv.
1082 2621 1173 2652 subs.
1205 2621 1236 2659 1,
1258 2622 1289 2651 8.
1311 2624 1345 2650 et
1360 2615 1556 2659 Rutgersius
1570 2616 1666 2647 Lect.

961 2665 1090 2696 Venus.
1106 2675 1135 2696 c.
1149 2666 1203 2695 23.

1008 2711 1089 2744 Quae
1107 2709 1278 2750 jacebant.
1325 2706 1378 2737 Sic
1407 2706 1496 2737 bene
1523 2704 1612 2735 Oud.
1645 2714 1665 2735 e

961 2754 1062 2785 codd.
1081 2753 1191 2794 Vulgo
1200 2752 1385 2793 jaciebam,
1400 2749 1666 2789 itemjacieban-

959 2804 1024 2830 tur.

1005 2845 1131 2877 Paucis
1165 2841 1341 2875 mensibus.

956 2893 1044 2922 ante,

1394 2837 1505 2871 Jurin.
1552 2837 1652 2870 inseri
