1946 3261
676 192 1098 238 FRAGMENTA.
1552 189 1649 236 587⁴

216 321 432 365 Praeterea
455 321 600 365 Caesar
629 320 818 365 declinat
849 319 993 379 pubis,
1025 317 1228 378 puberis.-
1271 318 1459 369 ProbuS,
1487 317 1638 375 pubes,

151 380 355 440 puberis:
385 381 561 440 quidam
574 382 728 441 puber,
743 379 1139 439 pumma—Prisc.
1163 379 1236 423 lib.
1260 379 1299 422 6.
1333 379 1411 422 col.
1434 377 1531 420 707.

219 507 426 558 Quamvis
448 508 593 551 Caesar
621 521 708 551 non
730 506 968 565 incongrue
997 504 1186 564 protulit
1215 518 1288 548 ens
1320 520 1346 548 a
1371 504 1505 550 verbo
1532 519 1641 556 sum,

158 583 218 620 es,
241 566 526 612 esa—Prisc.
552 566 628 608 lib.
658 566 724 610 18.

220 700 320 744 Hoc
341 699 481 742 lutum
507 706 641 757 atque
665 696 892 742 macellum
912 697 1123 758 singulari
1148 695 1266 741 exire
1287 705 1515 750 memento,
1545 697 1646 743 licet

81 780 84 783 >
161 760 327 805 Ennius
346 757 430 802 ista
448 759 630 803 macella
648 758 764 802 dicat
783 766 829 802 et
850 758 994 802 Caesar
1015 758 1257 802 luta—Ea:
1279 755 1432 816 Capro.

217 893 445 936 Lacrumae
480 908 534 936 an
569 891 775 946 lacrimae,
807 906 1036 936 maxumus
1065 907 1120 936 an
1151 890 1384 945 maximus,
1420 900 1465 936 et
1494 891 1526 935 si
1551 907 1649 950 quae

159 950 315 995 similia
356 959 474 1003 sunt,
513 952 644 995 scribi
676 952 882 1003 debeant,
924 952 1170 1011 quaesitum.
1241 951 1471 994 Terentius
1505 951 1651 996 Varro

160 1010 344 1056 tradidit
366 1010 581 1054 Caesarem
600 1026 679 1070 per
701 1013 719 1055 z·
739 1011 945 1071 ejusmodi
963 1012 1099 1054 verba
1119 1010 1297 1054 solitum
1313 1027 1400 1053 esse
1421 1011 1651 1054 enunciare

161 1076 208 1112 et
237 1069 441 1120 scribere,
476 1069 576 1112 inde
607 1079 790 1130 propter
831 1071 1140 1113 auctoritatem
1173 1069 1283 1113 tanti
1312 1070 1397 1113 viri
1427 1078 1654 1113 eonsuetu-

163 1128 309 1172 dinem
335 1127 509 1172 factam.
575 1129 663 1173 Sed
693 1146 774 1189 ego
811 1129 855 1173 in
885 1130 1198 1187 antiquiorum,
1230 1127 1656 1172 etc—Cassiodorus

162 1202 223 1291 eta}
237 1189 405 1290 Alnn7aeo
438 1188 629 1233 Cornuto
663 1188 718 1231 cle
747 1188 1085 1247 orthographia.
1120 1189 1201 1232 col.
1224 1188 1355 1231 2284.
1420 1187 1489 1247 Cf.
1516 1187 1654 1238 Quin-

188 1259 203 1289 z
227 1279 237 1289 .
293 1278 304 1296 ‚
360 1278 370 1287 .

228 1377 366 1423 Varie
392 1379 526 1424 etiam
552 1379 846 1440 scriptitatum
865 1389 946 1432 est,
975 1381 1273 1438 mancupium,
1296 1379 1545 1439 aucupium,
1568 1396 1658 1424 ma·-

169 1437 329 1492 nubioe,
350 1439 563 1496 siquidem
587 1441 639 1484 C.
661 1440 806 1484 Caesar
827 1457 907 1499 per
929 1441 949 1485 z·
967 1441 1048 1484 scri
1085 1440 1157 1491 sit,
1179 1449 1230 1484 ut
1246 1448 1433 1499 apparet
1448 1456 1501 1484 ex
1519 1440 1659 1484 titulis

167 1498 453 1558 ipsius—Ea*
482 1498 606 1542 Velio
628 1498 681 1542 de
702 1498 905 1557 Orthogr.
929 1500 1004 1544 col.
1027 1500 1066 1542 2·
1087 1499 1158 1541 28.

231 1633 304 1676 An
339 1633 438 1676 ideo
467 1632 605 1676 minor
637 1642 701 1676 est
738 1633 804 1675 M.
829 1632 1002 1676 Tullius
1040 1633 1223 1684 Orator,
1263 1631 1383 1691 quod
1413 1631 1525 1675 idem
1555 1633 1661 1677 artis

169 1690 298 1751 hujus
335 1691 683 1748 (Grammatz'cae)
720 1691 1072 1750 diligentissimus
1109 1691 1211 1742 fuit,
1250 1699 1294 1734 et
1325 1691 1366 1734 in
1399 1691 1504 1743 filio,
1535 1700 1584 1735 ut
1616 1693 1659 1735 in

170 1751 381 1809 Epistolis
401 1750 602 1810 adparet,
624 1758 742 1794 recte
763 1750 966 1808 loquendi
989 1767 1125 1808 usque
1147 1766 1320 1808 quaque
1341 1767 1465 1809 asper
1485 1766 1659 1809 quoque

172 1814 374 1853 exactor?
423 1811 515 1852 Aut
548 1811 636 1853 vim
667 1810 717 1853 C.
745 1809 924 1853 Caesaris
956 1809 1184 1868 fregerunt
1216 1809 1322 1854 editi
1356 1810 1408 1852 ae
1434 1811 1661 1870 Analogia

172 1868 274 1913 libri
284 1868 516 1920 2—Quz'nt.
539 1869 616 1913 lib.
644 1871 683 1922 1,
707 1868 751 1919 7,
773 1868 846 1911 34.
883 1872 888 1875 ’
1491 1873 1496 1878 ’

623 2054 1222 2101 APOPHTHEGMATA.

178 2179 270 2222 SED
325 2184 469 2221 tamen
514 2175 606 2236 ipse
655 2177 799 2221 Caesar
849 2176 984 2221 habet
1022 2193 1199 2236 peracre
1233 2175 1466 2235 judicium:
1515 2186 1575 2230 et,
1613 2190 1666 2225 ut

178 2236 357 2281 Servius
378 2237 516 2280 frater
538 2245 655 2288 tuus,
676 2253 807 2295 quem
827 2236 1188 2280 litteratissimum
1211 2236 1336 2280 fuisse
1353 2237 1518 2296 judico,
1538 2239 1665 2283 facile

176 2297 358 2346 (liceret,
392 2302 420 2322 ‘⁶
444 2295 512 2338 hic
543 2312 691 2339 versus
725 2296 873 2339 Plauti
903 2311 989 2339 non
1024 2303 1105 2346 est,
1139 2295 1207 2338 hic
1242 2300 1353 2346 est,''
1389 2297 1507 2356 quod
1539 2299 1664 2343 tritas

176 2355 360 2399 haberet
391 2370 516 2400 aures
540 2355 740 2399 notandis
762 2354 990 2413 generibus
1011 2364 1254 2414 poetarum,
1285 2364 1330 2398 et
1357 2357 1664 2401 consuetudine

175 2413 367 2472 legendi:
401 2413 461 2456 sic
490 2413 620 2457 audio
652 2415 883 2463 Caesarem,
908 2430 1045 2471 quum
1070 2414 1290 2457 volumina
1315 2415 1404 2473 jam
1433 2416 1667 2460 confecerit

174 2472 547 2527 Ἀποφθενγμισίτων,
585 2472 620 2515 si
656 2473 762 2531 quid
799 2472 1027 2516 adferatur
1059 2473 1115 2516 ad
1148 2488 1245 2516 eum
1277 2489 1360 2532 pro
1392 2490 1505 2526 meo,
1542 2475 1664 2533 quod

179 2547 324 2574 meum
346 2546 431 2573 non
451 2531 521 2582 sit,
544 2532 723 2590 rejicere
739 2531 899 2582 solere3
932 2532 1050 2590 quod
1069 2548 1120 2575 eo
1141 2547 1254 2575 nunc
1273 2532 1407 2590 magis
1425 2533 1544 2584 facit,
1563 2535 1666 2591 quia

179 2591 337 2645 vivunt
357 2605 524 2633 mecum
545 2590 635 2634 fere
657 2590 850 2648 quotidie
870 2590 987 2634 illius
1008 2591 1250 2634 familiares.
1298 2590 1499 2635 Incidunt
1520 2602 1667 2636 autem
1733 2613 1748 2626 ·

180 2649 226 2692 in
247 2663 440 2692 sermone
461 2649 583 2692 vario
609 2651 764 2700 multa,
797 2666 893 2707 quae
914 2650 1092 2694 fortasse
1111 2649 1212 2699 illis,
1242 2665 1350 2706 quos
1370 2650 1474 2699 dixi,
1506 2666 1582 2694 nec
1603 2651 1667 2694 in-

180 2709 374 2758 literata,
402 2723 480 2750 nec
500 2707 658 2751 insulsa
677 2725 763 2752 esse
783 2708 1025 2752 videantur.
1089 2709 1196 2752 Haec
1227 2708 1284 2750 ad
1305 2708 1430 2750 illum
1451 2725 1550 2751 cum
1570 2710 1668 2754 reli-

182 2767 278 2824 quis
300 2767 404 2810 actis
429 2767 726 2826 perferuntur.
790 2768 859 2811 Ita
878 2769 990 2812 enim
1009 2770 1099 2826 ipse
1120 2767 1353 2810 mandavit.
1419 2768 1491 2810 Sic
1511 2768 1577 2819 fit,
1599 2778 1667 2820 ut,

183 2826 351 2931 {idqffid
371 2835 584 2931 Ριόεεῖῗέθε,
611 2827 667 2872 de
694 2843 762 2873 me
781 2827 946 2880 audiat,
976 2843 1062 2875 non
1081 2825 1345 2872 audiendum
1372 2828 1667 2887 putet.--Cz'c.

302 2900 387 2932 am.
439 2916 451 2937 ‚
535 2920 544 2931 .
