1946 3261
678 185 797 231 LIB.
830 186 918 230 III.
980 185 1122 229 CAP.
1152 185 1343 230 71-73.

1648 184 1733 234 391

241 328 327 357 non
348 330 402 358 ex
422 331 637 360 concursu
657 315 747 359 acri
777 314 912 365 facto,
946 330 1032 359 non
1070 314 1228 373 proelio
1260 314 1536 363 dimicatum.
1561 315 1735 376 sibique

241 372 356 431 ipsos
387 375 669 432 multitudine
701 383 836 434 atque
871 373 1082 442 angustiis
1114 373 1250 431 majus
1274 374 1481 418 adtulisse
1500 373 1734 420 detrimen-

243 441 354 484 tum,
389 450 521 492 quam
557 436 615 479 ab
645 434 768 478 hoste
795 442 1078 494 accepissent.
1143 433 1247 477 Non
1272 433 1463 492 denique
1486 450 1737 480 communes

241 491 345 535 belli
375 510 496 537 casus
529 494 893 543 recordabantur,
930 508 1062 552 quam
1097 492 1295 551 parvulae
1329 509 1440 552 saepe
1472 507 1635 545 caussae
1663 495 1734 540 ‘vel

241 550 359 595 falsae
376 554 646 612 suspicionis,
666 553 736 596 vel
758 552 938 596 terroris
955 551 1188 611 repentini,
1207 551 1276 595 vel
1295 552 1475 611 objectae
1496 553 1735 612 religionis,

241 626 400 669 magna
420 612 686 656 detrimenta
707 611 979 661 intulissent;
1012 612 1184 670 quoties
1217 611 1287 654 vel
1324 611 1455 670 culpa
1477 612 1631 664 Ducis,
1663 616 1735 660 vel

243 669 429 714 Tribuni
457 671 583 721 vitio,
617 671 660 714 in
697 671 890 715 exercitu
924 681 1035 715 esset
1067 671 1320 715 obfensum:
1365 671 1458 720 sed,
1483 672 1665 730 proinde
1685 690 1737 718 ac

240 728 275 771 si
297 729 464 773 virtute
485 731 700 782 vicissent,
724 747 865 789 neque
887 730 977 774 ulla
993 729 1278 776 commutatio
1300 745 1444 774 rerum
1462 740 1606 789 posset
1623 734 1733 776 acci-

240 785 360 838 dere,
385 805 465 848 per
487 790 639 834 orbem
662 799 882 833 terrarum
904 790 1017 834 fama
1039 806 1088 834 ac
1109 789 1268 833 litteris
1289 789 1517 834 victoriam
1539 791 1632 850 ejus
1651 792 1737 837 diei

239 847 620 894 concelebrabant.
1418 851 1422 855 ⁴

301 907 373 951 73.
408 908 570 960 Caesar,
591 910 648 954 ab
668 909 970 969 superioribus
989 908 1175 953 consiliis
1196 907 1422 968 depulsus,
1456 925 1625 954 omnem
1656 910 1738 955 sibi

243 968 596 1014 commutandam
620 969 725 1013 belli
749 969 959 1013 rationem
982 969 1262 1012 existimavit.
1328 968 1485 1028 Itaque
1515 985 1603 1014 uno
1630 978 1738 1014 tem-

242 1042 350 1085 pore
388 1029 596 1087 praesidiis
633 1029 834 1073 omnibus
868 1028 1066 1073 deductis
1102 1037 1148 1071 et
1183 1028 1514 1088 obpugnatione
1551 1029 1740 1083 dimissa,

240 1096 481 1147 coactoque
511 1089 553 1132 in
588 1105 723 1132 unum
756 1089 901 1132 locum
932 1088 1144 1138 exercitu,
1168 1088 1417 1132 concionem
1438 1089 1559 1148 apud
1581 1089 1741 1135 milites

241 1144 399 1190 habuit
435 1147 723 1207 hortatusque
760 1156 841 1198 est,
875 1156 904 1174 “
929 1164 980 1191 ne
1001 1164 1066 1198 ea,
1106 1164 1203 1206 quae
1238 1147 1507 1198 accidissent,
1541 1149 1739 1208 graviter

243 1212 272 1230 “
298 1206 481 1257 ferrent,
521 1223 628 1252 neve
665 1208 729 1251 his
766 1208 898 1251 rebus
935 1216 1227 1257 terrerentur,
1268 1207 1506 1267 multisque
1544 1208 1741 1253 secundis

244 1272 273 1289 “
303 1266 466 1324 proeliis
490 1283 624 1310 unum
645 1268 892 1317 adversum,
915 1277 959 1310 et
982 1267 1023 1311 id
1054 1267 1287 1316 mediocre,
1320 1267 1622 1326 obponerent:
1668 1268 1739 1312 lia—

243 1331 272 1350 “
298 1325 484 1369 bendam
535 1326 742 1370 Fortunae
801 1327 1005 1386 gratiam,
1062 1327 1181 1384 quod
1234 1325 1405 1370 Italiam
1454 1327 1544 1371 sine
1591 1327 1743 1387 aliquo

244 1391 272 1409 “
299 1384 480 1428 vulnere
513 1386 754 1444 cepissent;
787 1385 907 1444 quod
939 1386 1070 1429 ducas
1111 1385 1361 1446 Hispanias,
1395 1385 1740 1432 bellicosissimo-

242 1452 272 1470 “
296 1460 390 1487 rum
414 1444 635 1489 hominum
659 1445 927 1504 peritissimis
949 1454 1082 1504 atque
1115 1445 1478 1489 exercitatissimis
1517 1446 1738 1499 Ducibus,

241 1511 271 1529 ‘⁶
298 1504 600 1563 pacavissent3
647 1504 767 1564 quod
807 1504 1023 1548 finitumas
1060 1505 1456 1563 frumentariasque
1526 1506 1740 1554 rovincias

241 1571 270 1589 ‘⁶
295 1563 338 1607 in
360 1572 624 1622 potestatem
648 1564 746 1607 rede
781 1565 940 1607 issent:
974 1564 1163 1621 denique
1186 1563 1412 1607 recordari
1440 1521 1619 1616 debere,
1651 1582 1741 1625 qua

242 1631 272 1649 ‘⁶
297 1623 504 1666 felicitate
525 1623 639 1667 inter
660 1581 825 1666 mengas
847 1623 1039 1666 hostium
1061 1623 1231 1673 classes,
1255 1622 1449 1682 obpletis
1479 1639 1564 1667 non
1599 1625 1740 1670 solum

241 1690 271 1709 “
294 1683 513 1740 portibus,
534 1682 609 1726 sed
629 1682 762 1726 etiam
784 1683 1005 1733 litoribus,
1024 1698 1170 1726 omnes
1187 1682 1423 1725 incolumes
1440 1691 1581 1726 essent
1603 1692 1740 1729 trans-

242 1749 272 1768 “
298 1742 492 1800 portari:
525 1742 560 1784 si
594 1758 679 1785 non
717 1742 862 1785 omnia
897 1742 1105 1785 caderent
1144 1741 1347 1796 secunda,
1384 1741 1628 1786 Fortunam
1648 1761 1738 1789 esse

241 1801 508 1845 “industria
539 1801 882 1846 sublevandam:
924 1802 1042 1860 quod
1064 1810 1175 1845 esset
1206 1810 1434 1861 acceptum
1469 1801 1739 1857 detrimenti,

242 1869 272 1888 ‘⁶
295 1861 386 1920 ejus
402 1861 492 1920 juri
516 1861 678 1920 potius,
703 1878 836 1920 quam
859 1879 945 1905 suae
964 1861 1119 1920 culpae,
1144 1860 1305 1906 debere
1327 1861 1462 1905 tribui
1483 1876 1493 1903 ε
1529 1861 1671 1908 locum
1694 1869 1738 1908 se

243 1929 272 1948 “
295 1937 469 1980 aequum
488 1922 543 1964 ad
564 1920 860 1965 dimicandum
890 1921 1075 1971 dedisse,
1106 1921 1297 1980 potitum
1319 1938 1406 1964 esse
1440 1920 1632 1966 hostium
1653 1939 1740 1968 cas-

293 2068 370 2100 Non
385 2078 426 2098 em
436 2076 601 2099 concursu
618 2068 689 2098 acri
701 2066 802 2105 βιαιο.
839 2064 960 2097 Noniu-

244 2123 286 2144 ετ
317 2112 525 2143 delendum?
572 2111 623 2141 De
656 2110 763 2141 effusa
802 2110 958 2152 Pompeii

243 2155 448 2199 gloriatione
478 2165 589 2197 pauca
617 2155 709 2196 apud
743 2154 894 2196 Appian.
927 2158 959 2194 2,

247 2203 302 2232 63.
331 2212 366 2242 p.
395 2202 473 2232 467.
513 2200 686 2232 Plutarch.
711 2199 835 2241 Pomp.
857 2211 889 2231 e.
906 2201 959 2232 66.

295 2291 485 2332 Hispanias
508 2305 553 2312 —
580 2288 745 2325 Ducibus,
768 2293 852 2326 tum,
879 2297 960 2319 cum

245 2334 424 2376 Hispaniae
464 2332 634 2364 habebant
675 2333 790 2364 Duces
814 2331 957 2373 peritos,

247 2378 448 2410 nominatim
459 2377 634 2410 Afranium
647 2383 682 2409 et
694 2376 877 2409 Petreium.
888 2376 959 2408 vid.

297 2469 559 2500 Frumentarias
592 2478 689 2509 prov.
734 2464 888 2498 Siciliam
927 2471 961 2498 ct

251 2513 414 2545 Africam.
438 2512 491 2543 M.

297 2558 478 2589 Felicitate.
502 2554 556 2587 Sic
572 2556 672 2587 codd.
690 2554 786 2587 boni.
825 2554 859 2586 ln
876 2565 960 2597 pau-

249 2601 298 2633 cis
314 2608 347 2632 et
362 2601 438 2632 edd.
454 2600 726 2642 vulg.facilita!e.
749 2601 800 2631 M.

300 2647 382 2687 Ejus
397 2645 585 2684 (Fortunae)
602 2647 692 2686 juri,
706 2644 799 2686 quod
817 2644 959 2675 Fortuna

247 2690 282 2722 in
305 2700 423 2721 omnes
451 2690 552 2721 habet
568 2702 577 2720 ε
615 2695 666 2720 est
692 2688 781 2720 enini
809 2687 961 2721 omnium

245 2734 396 2767 domina.
442 2734 538 2766 Mirae
565 2739 642 2765 sunt
669 2733 703 2764 h.
719 2733 740 2765 l.
768 2732 958 2772 varietates,

248 2787 285 2811 ut
299 2782 459 2812 exercitus
479 2780 599 2821 potius,
625 2778 681 2809 vel
709 2778 811 2809 cuit-is
834 2780 956 2818 polim,

246 2825 301 2856 vel
316 2825 459 2866 cuju-svis
480 2826 598 2864 polim.
622 2822 689 2854 Sed
718 2825 788 2862 ejas
804 2824 881 2861 ¹juri
898 2834 956 2865 520-

246 2870 312 2901 tias
338 2869 372 2902 in
403 2868 540 2900 duobus
563 2867 664 2900 codd.
693 2865 884 2909 reperitur:
922 2874 956 2898 et

1024 2065 1100 2108 quis
1127 2076 1193 2097 non
1224 2065 1389 2108 praeferat,
1416 2066 1445 2098 si
1474 2064 1580 2099 velin
1598 2076 1668 2100 uno
1682 2077 1744 2101 ex-

1023 2112 1114 2142 Stsst?
1151 2112 1199 2142 J!-

1074 2155 1202 2186 Lucum
1218 2164 1423 2197 —aequum.
1482 2154 1538 2188 Sic
1560 2157 1638 2189 cod.
1655 2157 1744 2191 Nor-

1027 2199 1095 2231 vic.
1109 2199 1202 2240 apud
1220 2199 1412 2231 Davisium.
1459 2199 1592 2233 Ceterae
1620 2213 1742 2236 omnes

1027 2243 1205 2282 lectiones,
1232 2243 1450 2285 quantumvis
1477 2245 1643 2287 antiquae,
1666 2253 1743 2280 sunt

1026 2288 1133 2326 falsae,
1162 2294 1198 2319 ut
1221 2289 1330 2322 locum
1356 2300 1483 2329 secum,
1512 2291 1622 2324 locum
1644 2302 1742 2324 secu-

1027 2344 1116 2371 rte-m,
1131 2334 1243 2365 locum
1265 2334 1460 2373 secundum,
1490 2336 1579 2367 unde
1598 2335 1742 2369 Vossius

1026 2383 1059 2408 et
1071 2377 1277 2409 Ciacconius
1287 2379 1398 2411 cocum
1412 2384 1576 2418 selmum,
1592 2380 1741 2422 Scaliger

1022 2423 1133 2454 locum
1156 2434 1191 2454 se
1215 2429 1289 2455 lum
1311 2423 1519 2465 conjecturis
1542 2424 1742 2458 effecerant.

1024 2467 1137 2498 Caesar
1155 2467 1220 2498 hoc
1245 2467 1360 2499 dicere
1388 2468 1473 2507 vult,
1496 2479 1530 2500 se
1549 2479 1614 2500 non
1631 2476 1741 2503 metu-

1026 2510 1091 2544 isse
1123 2511 1251 2550 hostes,
1275 2511 1438 2553 quoniam
1458 2512 1498 2544 iis
1517 2514 1553 2544 in
1576 2515 1644 2545 loco
1659 2515 1744 2547 adeo

1023 2565 1134 2597 (equo,
1151 2555 1184 2588 in
1198 2567 1266 2598 quo
1281 2556 1423 2588 fortasse
1438 2556 1577 2589 vincere
1592 2565 1742 2598 possent,

1025 2609 1086 2632 nec
1103 2601 1219 2633 Caesar
1232 2611 1253 2632 a
1269 2601 1445 2632 montibus
1465 2607 1524 2633 aut
1541 2600 1742 2636 fluminibus

1025 2644 1164 2676 haberet
1187 2645 1319 2686 aliquid
1347 2645 1516 2686 praecipui
1541 2645 1740 2688 adjumenti,

1023 2689 1220 2721 decertandi
1243 2689 1438 2721 facultatem
1454 2689 1614 2730 dedisset,
1629 2697 1688 2724 aut
1703 2703 1742 2725 se

1028 2733 1069 2765 iis
1094 2735 1136 2765 ad
1165 2734 1326 2775 proelium
1365 2734 1560 2766 obtulisset.
1598 2737 1649 2768 M.
1698 2739 1742 2770 Se

1025 2789 1164 2821 mquam
1195 2789 1237 2810 ex
1267 2777 1409 2820 ingenio
1434 2779 1505 2820 jam
1527 2779 1686 2813 dederant
1703 2783 1742 2814 P.

1030 2822 1204 2855 Victorius
1222 2824 1275 2861 30,
1295 2826 1348 2854 22.
1365 2828 1399 2854 et
1414 2823 1602 2856 Manutius
1647 2826 1740 2858 Con-

1026 2873 1077 2899 tra
1095 2867 1250 2901 Freinsh.
1272 2867 1315 2900 ad
1338 2867 1433 2900 Curt.
1450 2871 1483 2907 4,
1501 2868 1552 2901 14.
1569 2870 1667 2906 malit
1679 2883 1742 2916 ap-

1025 2917 1107 2946 tum.
