1992 3271
237 182 266 226 6
645 178 730 225 DE
763 177 964 223 BELLO
998 176 1297 222 GALLIGO.

241 316 432 354 montem
452 309 481 352 J
486 321 607 351 uram
626 314 671 347 et
699 304 855 346 flumen
889 303 1161 353 Rhodanum,
1182 305 1267 347 vix
1299 319 1385 362 qua
1412 302 1570 362 singuli
1590 301 1702 346 carri

238 369 521 413 ducerentu1·;
556 379 675 406 mons
695 371 839 405 autem
860 363 1088 405 altissimus
1105 363 1380 422 inpendebat‚
1398 371 1448 405 ut
1465 363 1588 405 facile
1606 377 1701 420 per-

240 429 369 488 pauci
391 423 618 483 prohibere
649 429 839 480 possent:
879 422 1064 464 alterum
1095 437 1172 480 per
1204 421 1475 464 Provinciam
1497 429 1702 469 nostram,

239 486 379 530 multo
401 481 565 523 facilius
586 488 717 538 atque
729 480 985 538 expeditiuS,
1009 488 1242 538 propterea
1263 480 1380 538 quod
1400 479 1704 521 Helvetiorum

238 545 351 587 inter
371 541 472 582 fines
492 548 536 581 et
555 539 862 597 Allobrogum,
892 539 969 596 qui
990 554 1130 596 nuper
1148 539 1289 596 pacati
1310 547 1447 587 erant,
1471 536 1705 579 Rhodanus

238 601 350 649 fluit,
373 599 493 656 isque
517 598 732 640 nonnullis
762 598 864 640 locis
881 597 990 639 vado
1019 598 1241 639 transitur.
1304 597 1558 639 Extremum
1580 595 1706 653 oppi-

238 660 343 702 dum
381 657 675 715 Allobrogum
709 664 773 698 est
818 656 1149 713 proximumque
1189 655 1492 698 Helvetiorum
1532 653 1705 702 finibus,

241 718 431 760 Geneva.
494 716 562 758 Ex
581 732 632 758 eo
654 715 817 773 oppido
848 730 954 773 pons
985 715 1039 756 ad
1074 714 1297 756 Helvetios
1318 714 1520 772 pertinet.
1585 711 1706 754 Allo-

235 775 449 834 brogibus
469 791 555 817 sese
577 774 645 816 vel
667 789 958 832 persuasuros,
992 773 1111 831 quod
1139 774 1327 816 nondum
1359 772 1473 815 bono
1494 769 1635 812 animo
1665 770 1708 812 in

239 834 462 893 Populum
492 833 735 876 Romanum
767 832 1030 881 viderentur,
1060 832 1380 878 existimabant3
1419 830 1487 871 vel
1515 829 1557 870 vi
1591 844 1708 870 coac-

237 901 375 943 turos,
407 901 457 935 ut
486 908 565 950 per
585 908 682 934 suos
703 889 796 933 finis
824 907 894 934 eos
923 891 984 933 ire
1008 899 1274 949 paterentur.
1340 887 1551 931 Omnibus
1580 886 1709 929 rebus

235 953 290 995 ad
310 952 623 1010 profectionem
651 950 925 1008 comparatis,
957 950 1069 992 diem
1089 950 1253 997 dicunt,
1286 961 1373 1004 qua
1398 945 1466 987 die
1495 944 1548 986 ad
1569 945 1709 1002 ripam

239 1010 440 1053 Rhodani
473 1023 616 1051 omnes
645 1008 919 1049 conveniant:
961 1008 993 1049 is
1021 1007 1109 1048 dies
1140 1016 1234 1047 erat
1265 1021 1302 1047 a.
1322 1004 1364 1046 d.
1390 1004 1445 1045 V.
1472 1003 1567 1045 Kal.
1594 1005 1706 1061 Apr.

239 1068 290 1111 L.
318 1068 485 1114 Pisone,
517 1066 572 1106 A.
599 1064 787 1105 Gabinio
809 1079 912 1105 coss.

298 1127 339 1168 7.
381 1122 541 1167 Caesari
569 1138 705 1180 quum
734 1121 778 1162 id
805 1120 1055 1163 nunciatum
1087 1130 1208 1170 esset,
1238 1138 1308 1163 eos
1330 1136 1407 1179 per
1439 1119 1709 1162 Provinciam

237 1193 430 1228 nostram
457 1182 540 1224 iter
573 1183 710 1221 facere
739 1179 899 1228 conari,
930 1188 1120 1221 maturat
1148 1180 1204 1221 ab
1237 1180 1344 1221 urbe
1375 1179 1608 1237 p1·oficisci;
1650 1187 1709 1227 et,

236 1258 370 1301 quam
401 1238 594 1282 maximis
620 1245 765 1296 potest
798 1238 1038 1284 itineribus,
1065 1239 1108 1279 in
1132 1238 1317 1279 Galliam
1341 1238 1593 1279 ulteriorem
1614 1253 1711 1279 con-

236 1300 376 1344 tendit
404 1306 448 1341 et
479 1298 533 1339 ad
558 1298 777 1339 Genevam
800 1296 1016 1353 pervenit:
1060 1296 1295 1338 Provinciae
1318 1296 1400 1337 toti
1431 1311 1560 1352 quam
1582 1296 1711 1337 maxi-

236 1374 357 1403 mum
393 1365 538 1416 potest
574 1355 763 1398 militum
801 1370 1023 1396 numerum
1063 1354 1267 1412 imperat:
1312 1354 1423 1407 (erat
1459 1353 1632 1396 omnino
1669 1354 1713 1397 in

237 1476 301 1510 luit
336 1473 416 1517 legi,
462 1485 521 1515 pro
562 1474 773 1513 Rhodanum,
812 1478 945 1505 secutus

1014 1473 1225 1505 D’Anvillius
1245 1474 1346 1505 etiam
1369 1474 1643 1516 Geographorum
1659 1484 1714 1506 su-

237 1520 432 1554 Strabonem
471 1523 505 1549 et
541 1518 768 1559 metaphrasin
806 1518 946 1550 Caesaris

1012 1518 1151 1559 perioris
1188 1518 1303 1549 saeculi
1347 1518 1514 1559 princeps,
1552 1518 1713 1550 intactum

236 1565 399 1601 Graecam,
433 1562 464 1593 in
491 1573 558 1603 qua
589 1573 665 1593 sane
696 1568 747 1594 est
761 1563 870 1596 Ῥἧνοςε
902 1561 947 1594 ita

240 1609 284 1641 sit
300 1608 362 1639 iter
378 1607 461 1638 inter
473 1607 589 1637 Juram
602 1612 635 1636 et
646 1606 815 1643 Rhenum,
825 1605 945 1636 deinde

239 1652 370 1685 venitur
404 1651 446 1682 ad
485 1651 665 1690 Sequanos.
711 1649 785 1682 Non
817 1649 947 1686 dubito,

240 1695 360 1729 Crusio
378 1693 548 1731 adsentiri,
566 1693 747 1734 praesertim
772 1704 847 1724 cum
863 1698 896 1724 et
915 1692 945 1724 in

239 1741 294 1772 ed.
325 1741 368 1771 R.
399 1738 516 1779 Steph,
536 1737 605 1777 jam
627 1738 755 1777 legatur
781 1738 947 1768 Rhenum..

241 1783 358 1815 Julius
373 1781 508 1823 quidem
525 1780 645 1811 Celsus
668 1781 709 1811 de
725 1780 791 1811 vita
807 1780 894 1812 Caes.
914 1792 946 1821 p.

244 1829 296 1866 19,
332 1826 509 1858 commode
539 1824 591 1855 his
619 1824 730 1855 verbis
765 1824 947 1865 expressit:

240 1873 382 1904 alterum
395 1875 466 1902 erac
479 1871 539 1901 iter
552 1869 609 1900 sub
620 1875 761 1899 montem
773 1870 795 1899 J
799 1879 898 1901 nram
912 1871 948 1899 in

245 1917 424 1956 Sequanos.
458 1913 506 1943 M.
552 1913 730 1952 Perperam
766 1912 828 1943 iter
866 1912 949 1942 inter

242 1960 358 1990 Juram
379 1963 412 1988 et
428 1956 587 1987 Rhenum
614 1961 773 1987 tentatum
799 1956 842 1987 ab
867 1956 949 1986 1101-

240 2002 341 2034 vetiis
353 2004 511 2038 statuunt,
524 2009 629 2040 quum
645 1998 706 2030 iste
721 2001 762 2030 ad
780 2000 866 2030 hunc
884 2010 948 2030 non

246 2045 421 2088 pertingat.
452 2043 605 2081 Accedit,
618 2044 720 2084 quod,
736 2054 838 2084 quum
859 2044 949 2074 Rau-

242 2089 312 2122 raci
337 2089 369 2120 in
394 2087 590 2119 societatem
618 2092 729 2117 essent
758 2086 876 2118 adsciti
905 2087 948 2118 ab

245 2131 426 2169 Helvetiis,
444 2130 612 2161 sinistrum
632 2131 742 2161 Rheni
757 2130 843 2162 latus
860 2130 949 2162 inco-

243 2177 404 2213 lentibus,
430 2175 565 2215 planum
595 2173 655 2204 iter
678 2174 731 2205 his
755 2175 795 2205 ad
814 2175 948 2206 boream

244 2221 385 2253 dabatur
400 2218 433 2262 in
448 2219 629 2259 Sequanos.
687 2219 799 2258 Itaque
823 2229 875 2249 res
901 2219 948 2249 sic

246 2263 422 2305 capienda.
455 2263 506 2293 Ad
522 2260 694 2292 meridiem
711 2262 873 2293 llelvetiae
890 2263 950 2293 du-

248 2309 328 2350 plex
356 2313 426 2338 erat
448 2305 521 2343 iter,
543 2305 682 2335 alterum
715 2306 756 2335 ad
786 2305 949 2336 sinistram

248 2363 309 2393 per
329 2356 464 2392 pontem
480 2349 622 2380 Genevae
644 2354 730 2379 trans
749 2349 949 2380 Rhodanum

249 2397 283 2428 in
300 2395 511 2434 Allobroges,
526 2392 663 2423 alterum
680 2392 710 2422 in
726 2393 894 2432 Sequanos
909 2394 950 2423 ad

248 2441 398 2471 dextram
426 2448 484 2479 per
510 2437 624 2467 fauces
660 2435 742 2466 inter
770 2437 883 2467 Juram
917 2442 949 2466 ot

252 2484 471 2515 Rhodanum.
501 2481 567 2511 Isto
583 2479 743 2520 prohibiti
759 2480 804 2517 (e.
821 2479 866 2515 8.)
886 2481 949 2511 hoc

253 2533 425 2569 penetrare
452 2525 484 2556 in
507 2523 633 2555 Gallias
657 2529 818 2554 tentarunt
836 2524 882 2561 (c.
899 2524 950 2561 9.)

248 2573 336 2603 etad
352 2571 480 2602 AEduos
494 2567 614 2598 misere
631 2567 768 2608 legatos.
793 2568 826 2597 Id
840 2567 950 2607 ipsum

249 2614 408 2651 ostendit,
421 2622 486 2644 non
501 2613 542 2643 ad
560 2611 706 2649 boream,
723 2616 759 2640 ut
773 2611 872 2651 vulgo
891 2621 952 2651 pu-

250 2664 332 2696 tant,
353 2663 387 2688 et
412 2662 449 2687 ut
469 2665 575 2696 nuper
597 2654 697 2686 etiam
719 2655 892 2685 Marmei-to
919 2654 949 2685 in

250 2711 353 2742 opere
374 2699 622 2741 Geographico.
646 2703 669 2728 t.
687 2702 719 2730 2.
743 2709 775 2738 p.
798 2699 824 2727 1.
847 2709 879 2738 p.
898 2699 950 2729 30.

250 2745 374 2782 visum,
398 2743 569 2775 transitum
599 2742 736 2773 molitos
758 2741 950 2778 I-Ielvetios-3

251 2794 322 2820 tum
338 2787 427 2818 enim
437 2788 477 2817 ad
492 2786 670 2827 Lingones,
681 2796 745 2817 non
754 2786 796 2816 ad
812 2785 951 2819 A‘Eduos.

253 2831 356 2873 legati
386 2830 524 2861 fuissent
538 2830 704 2860 mittendi.
759 2830 884 2869 Itaque,
915 2829 949 2859 ni

252 2875 343 2908 aliud
360 2874 470 2905 obstet
484 2884 524 2904 ex
541 2873 770 2914 sequentibus,
797 2873 951 2903 servanda

254 2924 304 2951 est
327 2917 429 2950 lectio
454 2916 614 2957 vulgaris3
642 2918 683 2948 de
710 2917 831 2948 Rheno
859 2916 948 2946 enim

254 2962 331 2999 heic
345 2960 487 3007 quaestio
507 2960 598 2992 nullo
622 2962 722 2993 modo
739 2971 813 2992 esse
830 2965 951 3002 potest.

1011 1561 1153 1594 Caesaris
1177 1562 1288 1593 locum
1313 1561 1447 1603 reliquit
1471 1561 1503 1593 in
1529 1561 1648 1593 Notice
1671 1563 1713 1594 de

1012 1606 1042 1637 la
1059 1607 1178 1643 Gaule,
1194 1617 1226 1646 p.
1245 1607 1318 1636 599.

1063 1651 1123 1680 falc
1137 1660 1215 1691 qua..
1240 1649 1389 1690 i.e.,qua
1401 1656 1491 1691 parte
1505 1660 1564 1681 seu
1578 1649 1713 1691 regione

1012 1693 1066 1724 vix
1083 1693 1165 1735 sing.
1181 1704 1211 1723 c.
1222 1694 1335 1724 d.—ln
1351 1694 1426 1724 edd.
1449 1693 1560 1736 vulgg.
1583 1699 1634 1725 est
1648 1704 1712 1736 quo

1011 1740 1077 1769 τιζυ.
1094 1738 1143 1768 M.

1059 1782 1279 1821 Allobro-qum.
1324 1780 1424 1812 Teste
1439 1782 1610 1819 Strabone,
1626 1781 1664 1813 L.
1681 1784 1713 1813 4.

1015 1837 1048 1867 p.
1069 1828 1138 1856 186.
1162 1824 1278 1855 multis
1303 1825 1478 1856 hominum
1503 1825 1654 1857 millibus
1682 1825 1713 1856 in

1013 1869 1139 1900 alienas
1163 1875 1264 1899 terras
1286 1870 1452 1909 quondam
1482 1869 1715 1910 expeditiones

1015 1923 1204 1953 suscepere.
1238 1913 1324 1943 llinc
1340 1912 1484 1944 nominis
1498 1913 1580 1945 ratio
1597 1924 1639 1943 ex
1654 1913 1715 1944 lin-

1015 1968 1078 1995 gua
1092 1956 1233 1993 Celtica,
1259 1958 1316 1991 all„
1339 1956 1444 1996 alius;
1467 1958 1534 1995 bro,
1549 1963 1644 1988 terra.
1671 1957 1712 1987 V.

1017 2001 1172 2040 Origines
1186 1999 1373 2038 Gauloises,
1388 2006 1522 2031 auctore
1538 2000 1608 2031 viro
1625 2000 1716 2032 mili-

1016 2044 1075 2075 tari
1095 2043 1220 2074 eximio
1235 2043 1359 2075 Latour
1379 2045 1586 2086 d'Auvergne
1608 2044 1639 2075 in
1655 2054 1717 2075 nu-

1018 2099 1097 2129 pero
1138 2088 1225 2118 bello
1265 2087 1295 2118 in
1333 2088 1509 2119 Germania
1543 2099 1642 2127 caeso,
1684 2091 1717 2119 8.

1018 2131 1121 2165 Paris,
1142 2142 1173 2162 a.
1193 2132 1234 2162 V.
1257 2143 1290 2172 p.
1312 2134 1381 2162 181.
1427 2132 1497 2162 lmo
1513 2131 1718 2163 scholiastes

1017 2174 1190 2206 Juvenalis
1218 2176 1259 2205 ad
1290 2178 1321 2209 8,
1347 2176 1422 2212 234,
1447 2175 1572 2206 derivat
1596 2185 1717 2206 nomen

1015 2218 1721 2259 gentisetiamabroyae,ager,etalla‚aliud,

1016 2263 1094 2304 quia
1117 2273 1157 2293 ex
1182 2263 1249 2293 alio
1275 2263 1350 2293 loco
1367 2263 1530 2294 translata.
1578 2262 1718 2295 Rectius

1018 2308 1124 2338 forsan
1141 2306 1288 2337 0-Brien
1314 2306 1345 2336 in
1368 2316 1468 2346 opere
1491 2302 1591 2351 citad.
1617 2317 1646 2338 e.
1667 2309 1716 2345 16,

1017 2350 1110 2381 ducit
1139 2360 1180 2381 ex
1211 2349 1504 2381 [liburno-Celtica
1535 2348 1646 2391 lingua
1673 2350 1717 2381 ab

1015 2396 1084 2431 m'll,
1098 2404 1210 2434 rupes,
1232 2400 1265 2424 et
1279 2395 1369 2435 ὺνοῃ,
1394 2393 1568 2432 habitatio,
1584 2393 1717 2434 rupium

1018 2438 1144 2469 incolas
1159 2438 1278 2468 dictos.
1596 2465 1598 2467 ,

1066 2483 1180 2522 Nuper
1198 2483 1320 2521 pacari,
1343 2492 1362 2512 τι
1386 2480 1425 2511 C.
1442 2479 1611 2511 Pomtinio
1636 2491 1719 2521 prae-

1019 2531 1100 2556 tore.
1146 2524 1219 2555 Cic.
1235 2525 1275 2555 de
1292 2535 1382 2565 prov.
1398 2535 1489 2555 cons.
1506 2534 1535 2554 c.
1552 2527 1600 2555 13.
1625 2525 1717 2566 Epit.

1019 2568 1090 2600 Liv.
1108 2567 1167 2599 lib.
1189 2570 1257 2599 103.
1304 2569 1376 2599 Hoc
1398 2569 1467 2609 jam
1483 2578 1598 2598 omnes
1621 2567 1720 2599 inter-

1019 2618 1128 2652 pretes
1150 2619 1355 2642 monuerunt.
1380 2613 1427 2642 M.
1470 2611 1560 2642 Male
1583 2611 1720 2652 quidam

1016 2657 1140 2686 addunt
1158 2657 1194 2686 P.
1214 2656 1256 2686 R.
1283 2657 1406 2697 Populo
1425 2656 1584 2692 Romano,
1608 2654 1720 2685 invitis

1018 2700 1115 2729 codd.

1066 2745 1131 2774 Pis.
1161 2743 1277 2774 Gabin.
1298 2744 1382 2774 vocs.

1020 2787 1093 2817 036.
1112 2787 1159 2816 ΡΠ.

1066 2833 1173 2864 Quum,
1197 2832 1381 2862 marimum
1400 2835 1512 2871 potest,
1534 2829 1603 2860 mil-
1626 2837 1719 2859 num·

1020 2874 1057 2902 Τό
1082 2880 1179 2914 potest
1210 2884 1273 2905 non
1310 2873 1433 2913 leg-itur
1462 2872 1494 2904 in
1524 2872 1577 2903 ed.
1620 2872 1719 2903 Rom.

1018 2916 1160 2948 Mediol.
1189 2919 1272 2950 Ycu.
1297 2917 1483 2949 Commode
1503 2925 1637 2958 quoque
1660 2915 1720 2947 ab-

1019 2960 1130 2991 fuerit.

1417 2742 1492 2774 Fuit
1507 2751 1610 2773 annus
1625 2740 1666 2772 U.
1681 2741 1719 2771 C.
