1946 3261
561 182 680 230 LIB.
712 181 773 229 V.
835 183 975 228 CAP.
1013 183 1203 230 lei-17.
1549 179 1635 227 109

143 308 346 370 partibus
363 310 608 371 superiores
628 311 793 356 fuerint
813 321 947 372 atque
968 328 1040 356 eos
1057 312 1100 356 in
1121 312 1250 358 silvas
1270 308 1492 370 collesque
1511 324 1627 355 com-

144 370 364 429 pulerint:
397 371 472 414 sed
491 372 794 431 compluribus
811 372 1066 421 interfectis,
1085 372 1286 431 cupidius
1306 371 1504 421 insecuti,
1523 386 1630 415 non-

143 429 288 473 nullos
307 445 361 472 ex
380 430 466 473 suis
493 432 745 475 amiserunt.
809 431 874 474 At
902 430 984 481 illi,
1018 431 1259 474 intermisso
1287 431 1447 490 spatio,
1477 431 1630 489 inpru-

142 488 346 532 dentibus
378 490 537 533 nostris
577 498 712 548 atque
749 490 974 549 occupatis
1008 490 1053 532 in
1094 490 1337 533 munitione
1371 499 1632 540 castrorum,

143 547 291 591 subito
311 563 355 589 se
375 564 429 590 ex
449 548 567 591 silvis
590 549 812 607 ejecerunt
832 550 1075 608 inpetuque
1095 548 1139 590 in
1160 564 1232 591 eos
1254 549 1386 598 facto,
1410 550 1488 607 qui
1508 556 1634 593 erant

140 606 187 649 in
206 605 393 648 statione
415 622 499 665 pro
518 607 670 651 castris
698 608 930 658 conlocati,
960 608 1122 651 acriter
1152 617 1485 665 pugnaverunt:
1528 609 1634 651 dua-

140 665 312 720 busque
329 665 466 708 missis
484 666 678 710 subsidio
699 666 955 711 cohortibus
971 683 997 710 a
1019 666 1207 716 Caesare,
1237 673 1372 723 atque
1393 665 1458 708 his
1480 666 1635 725 primis

139 722 362 781 legionum
377 724 582 775 duarum,
604 741 743 783 quum
755 725 836 776 hae,
856 726 1097 786 perexiguo
1115 725 1360 769 intermisso
1381 724 1467 768 loci
1489 726 1634 784 spatio

140 784 257 827 inter
273 799 333 834 se,
355 784 663 835 constitissent,
695 801 810 829 novo
831 801 988 845 genere
1010 800 1172 844 pugnae
1194 783 1443 843 perterritis
1461 785 1635 834 nostris,

141 857 224 903 per
251 841 416 888 medios
447 844 726 888 audacissime
762 853 1082 904 perruperunt,
1116 859 1248 902 seque
1278 843 1376 887 inde
1398 843 1636 887 incolumes

139 912 417 963 receperunt.
480 904 548 947 Eo
568 904 637 947 die
661 905 717 954 Q.
743 904 956 948 Laberius
979 904 1148 954 Durus,
1175 903 1402 946 Tribunus
1426 903 1636 953 militum,

140 961 421 1006 interficitur.
483 962 573 1013 Illi,
598 963 804 1023 pluribus
822 964 1003 1008 inmissis
1023 963 1297 1013 cohortibus,
1319 962 1616 1021 repelluntur.

210 1023 276 1066 16.
310 1021 427 1067 Toto
459 1023 541 1066 hoc
563 1024 607 1066 in
630 1039 786 1083 genere
809 1040 985 1083 pugnae,
1008 1038 1148 1082 quum
1170 1022 1253 1066 sub
1282 1021 1420 1065 oculis
1442 1022 1637 1066 omnium

141 1097 193 1125 ac
215 1098 299 1142 pro
319 1083 471 1126 castris
489 1083 791 1133 dimicaretur,
827 1083 1101 1126 intellectum
1129 1090 1210 1133 est,
1244 1090 1416 1125 nostros
1449 1089 1639 1141 propter

143 1142 407 1201 gravitatem
428 1151 678 1192 armaturae,
701 1142 821 1201 quod
843 1158 986 1201 neque
1014 1142 1183 1200 insequi
1209 1140 1410 1184 cedentes
1443 1149 1637 1200 possent,

143 1216 285 1260 neque
304 1201 361 1244 ab
381 1202 514 1261 signis
533 1201 751 1246 discedere
771 1201 1001 1252 auderent,
1021 1202 1162 1245 minus
1180 1209 1308 1260 aptos
1325 1217 1414 1243 esse
1433 1200 1488 1243 ad
1509 1199 1638 1258 hujus

145 1262 315 1319 generis
335 1260 530 1311 hostem3
561 1262 731 1319 equites
759 1270 907 1305 autem
935 1277 1096 1321 magno
1125 1277 1225 1304 cum
1257 1259 1456 1319 periculo
1478 1259 1638 1319 proelio

142 1319 364 1370 dimicare,
385 1330 622 1380 propterea
642 1321 759 1378 quod
783 1321 846 1363 illi
867 1321 998 1364 etiam
1019 1321 1220 1364 consulto
1239 1320 1502 1378 plerumque
1518 1319 1639 1362 cede·

143 1388 243 1423 rent
264 1388 324 1430 et,
348 1395 486 1437 quum
508 1379 707 1438 paullum
727 1380 785 1422 ab
805 1380 1050 1438 legionibus
1071 1388 1242 1422 nostros
1265 1379 1562 1428 removissent,
1585 1394 1640 1420 ex

146 1439 300 1482 essedis
337 1439 560 1483 desilirent
597 1448 642 1482 et
679 1439 864 1498 pedibus
899 1438 1065 1497 dispari
1105 1437 1265 1497 proelio
1307 1437 1635 1480 contenderent.

148 1498 378 1556 Equestris
398 1507 545 1541 autem
570 1498 715 1557 proelii
736 1499 849 1541 ratio
878 1507 921 1540 et
951 1498 1203 1540 cedentibus
1232 1504 1276 1539 et
1310 1496 1640 1554 insequentibus

147 1573 230 1617 par
260 1566 395 1614 atque
433 1557 545 1600 idem
576 1557 823 1615 periculum
861 1557 1089 1599 inferebat.
1155 1554 1406 1598 Accedebat
1442 1555 1542 1605 huc,
1570 1564 1637 1605 ut,

145 1631 385 1674 numquam
406 1616 607 1665 conferti,
628 1616 697 1659 sed
724 1616 810 1658 rari
842 1615 1096 1674 magnisque
1118 1613 1358 1657 intervallis
1386 1614 1640 1671 proeliaren-

146 1683 222 1719 tur
243 1675 537 1733 stationesque
558 1675 789 1734 dispositas
816 1675 1025 1717 haberent
1050 1682 1184 1731 atque
1212 1673 1320 1715 alios
1341 1672 1414 1714 alii
1436 1672 1639 1732 deinceps

144 1735 396 1794 exciperent
418 1735 667 1794 integrique
689 1743 732 1778 et
755 1743 946 1777 recentes
964 1733 1216 1791 defatigatis
1233 1732 1527 1775 succederent.

213 1795 279 1837 17.
320 1795 502 1838 Postero
521 1794 589 1838 die
611 1794 769 1854 procul
790 1810 815 1837 a
835 1793 986 1837 castris
1005 1792 1148 1836 hostes
1168 1793 1211 1835 in
1233 1791 1419 1835 collibus
1437 1792 1639 1835 constite-

145 1862 253 1897 runt
291 1855 468 1912 rarique
498 1871 542 1897 se
577 1854 803 1897 ostendere
838 1863 882 1896 et
917 1852 1071 1903 lenius,
1103 1867 1237 1910 quam
1275 1850 1433 1910 pridie,
1467 1861 1639 1895 nostros

146 1914 315 1972 equites
354 1914 513 1973 proelio
551 1913 757 1957 lacessere
799 1922 1044 1972 coeperunt.
1131 1910 1220 1954 Sed
1262 1910 1456 1960 meridie,
1500 1927 1636 1969 quum

149 1973 295 2017 Caesar
318 1973 556 2032 pabulandi
570 1989 716 2016 caussa
734 1981 822 2015 tres
840 1973 1031 2031 legiones
1047 1979 1181 2029 atque
1203 1985 1373 2013 omnem
1392 1969 1638 2026 equitatum

147 2048 248 2076 cum
272 2033 325 2076 C.
350 2033 570 2077 Trebonio
595 2032 763 2091 Legato
784 2032 980 2080 misisset,
1014 2038 1195 2089 repente
1228 2045 1281 2071 ex
1310 2029 1512 2071 omnibus
1539 2044 1621 2088 par

147 2092 266 2135 tibus
287 2092 342 2135 ad
363 2092 646 2150 pabulatores
667 2091 1001 2139 advolaverunt,
1030 2091 1107 2138 sic,
1140 2089 1205 2131 uti
1227 2089 1283 2131 ab
1302 2088 1435 2146 signis
1458 2088 1639 2146 legioni-

147 2151 320 2209 busque
341 2167 428 2195 non
448 2151 722 2194 absisterent.
789 2150 960 2199 Nostri,
983 2149 1143 2192 acriter
1167 2148 1211 2191 in
1231 2163 1303 2191 eos
1325 2148 1479 2206 inpetu
1504 2148 1638 2198 facto,

145 2211 425 2269 repulerunt,
452 2226 592 2267 neque
616 2209 745 2253 finem
774 2209 983 2268 sequendi
1018 2208 1232 2256 fecerunt,
1264 2206 1411 2264 quoad
1443 2206 1639 2250 subsidio

147 2269 295 2314 confisi
327 2271 511 2329 equites,
541 2285 680 2327 quum
715 2277 816 2328 post
847 2286 889 2312 se
921 2268 1113 2327 legiones
1142 2267 1356 2317 viderent,
1392 2265 1640 2325 praecipites

197 2421 293 2453 Inter
307 2431 353 2460 se,
367 2424 494 2455 constit.
517 2420 629 2462 Vulgo
646 2420 735 2453 male
752 2418 856 2452 inter·
971 2419 1096 2451 Proelio
1124 2416 1298 2449 demeare.
1353 2415 1520 2448 Restituit
1548 2414 1639 2446 Oud.

149 2471 303 2507 pungunt
316 2472 394 2498 ante
408 2469 498 2499 inter
510 2477 555 2499 se.
924 2473 966 2495 ex
991 2463 1092 2495 codd.
1120 2467 1154 2493 et
1177 2462 1255 2493 edd.
1282 2465 1350 2492 vet.
1399 2459 1453 2491 Sic
1470 2465 1503 2492 et
1525 2461 1556 2498 6,
1586 2461 1638 2491 17.

195 2511 440 2552 Per-ruperunt.
484 2511 554 2543 Alii
567 2514 808 2553 proruperunt.
927 2510 982 2540 31.
1479 2547 1485 2552 Ι

200 2555 239 2589 Q.
259 2554 435 2586 Laberius.
481 2555 538 2587 Sic
556 2555 706 2587 Graecus.
730 2554 859 2585 Contra
972 2552 1147 2594 Equestris
1168 2551 1293 2591 praelii,
1317 2558 1387 2590 quo
1408 2552 1542 2589 equites
1557 2557 1637 2580 cum

153 2597 286 2637 Celsus,
303 2598 458 2638 Orosius,
475 2600 654 2632 Freculfus
673 2599 857 2631 Labienus.
926 2596 1102 2639 equitibus
1115 2594 1303 2627 certabant.
1336 2592 1535 2634 Opponitur
1547 2603 1638 2634 proe-

154 2642 297 2675 Variant
309 2643 409 2674 codd.
425 2648 460 2675 et
472 2644 551 2675 edd.
569 2649 640 2675 vet.
927 2643 971 2674 lio
989 2642 1132 2682 dispari,
1154 2649 1232 2670 cum
1255 2638 1358 2680 pedes
1376 2635 1534 2678 confligit
1557 2647 1636 2668 cum

198 2688 352 2720 Inmissis
363 2688 436 2719 coh.
458 2687 530 2719 Alii
544 2689 728 2720 submissis.
928 2685 1054 2728 equite.
1085 2685 1135 2716 M.
1352 2724 1358 2730 ι

199 2733 453 2774 Acprocastris.
477 2731 566 2763 Oud.
577 2733 643 2764 hac
653 2731 860 2772 scil.pugna,
975 2730 1111 2767 Lem'us,
1127 2727 1259 2759 minore
1274 2726 1399 2758 studio.
1435 2725 1490 2757 Al.
1506 2726 1640 2764 beritius,

151 2777 244 2818 quod
260 2776 373 2808 minus
389 2776 514 2818 placet.
552 2775 588 2808 In
603 2775 682 2807 aliis
698 2785 738 2807 ea
754 2775 860 2818 parti·
925 2775 1018 2816 quod
1035 2773 1372 2813 interpretamentum
1389 2774 1454 2802 est.
1489 2770 1541 2802 M.
1579 2768 1636 2801 Sic

152 2821 231 2853 cula
245 2821 353 2852 deest.
926 2821 1042 2852 leniter
1056 2819 1104 2848 ire
1120 2816 1192 2846 Asr.
1205 2825 1237 2846 c.
1255 2816 1286 2846 6.

200 2866 408 2898 Armaearae.
468 2864 524 2897 Sic
564 2863 649 2896 boni
689 2865 788 2896 codd.
826 2869 860 2896 et
975 2861 1108 2899 Quoad,
1126 2859 1150 2891 i.
1167 2870 1198 2890 e.
1213 2860 1334 2891 donec.
1373 2857 1481 2892 Codd.
1501 2863 1537 2891 et
1557 2857 1636 2891 edd.

152 2909 237 2942 edit.
262 2910 356 2942 Rob.
383 2909 500 2952 Steph.
521 2909 659 2942 Graecus
681 2909 785 2943 etiam
807 2908 863 2941 ὄπ·
929 2912 1092 2950 νειμ-ραι).
1107 2904 1201 2937 nullo
1214 2913 1328 2937 sensu.

153 2954 268 2990 λίνεα-ις.
303 2953 415 2997 Vulgo
431 2964 621 2989 armorum.
