1946 3261
646 232 764 282 LIB,
797 232 881 279 ῙΙΙ.
945 235 1083 280 ΟΑΡ.
1118 234 1247 278 7-9.
1590 226 1678 274 349

193 362 449 421 despiciens,
492 378 631 421 neque
668 363 906 407 subsidium
943 369 1191 419 expectans,
1225 360 1258 404 si
1291 359 1336 402 in
1365 357 1544 402 Caesaris
1565 372 1676 400 com-

194 424 375 481 plexum
395 423 543 465 venire
562 431 718 479 posset.

254 482 293 524 9.
330 481 533 524 Discessu
558 481 852 523 Liburnarum
870 496 923 522 ex
943 478 1139 537 Illyrico,
1167 478 1235 520 Μ.
1260 477 1468 519 Octavius
1489 491 1588 518 cum
1610 475 1676 524 iis,

195 556 300 598 quas
342 539 545 589 habebat,
589 541 772 582 navibus
816 539 996 581 Salonas
1046 537 1258 595 pervenit.
1343 536 1410 577 Ibi
1456 534 1678 577 concitatis

197 598 411 642 Dalmatis
453 598 719 655 reliquisque
762 597 971 645 barbaris,
1024 595 1155 638 Issam
1205 611 1229 636 a
1273 595 1450 636 Caesaris
1493 592 1682 635 amicitia

195 656 382 699 avertit:
431 664 694 698 conventum
725 656 894 698 Salonis
930 671 1066 712 quum
1093 670 1234 711 neque
1275 652 1679 710 pollicitationibus,

195 730 334 771 neque
372 713 703 757 denunciatione
738 714 938 772 periculi,
978 727 1229 772 permovere
1272 720 1430 768 posset,
1475 710 1684 767 oppidum

198 774 451 830 obpugnare
485 773 701 815 instituit:
738 781 801 815 est
830 781 973 815 autem
1010 771 1224 830 oppidum
1257 778 1300 812 et
1335 768 1418 812 loci
1452 777 1606 810 natura
1638 775 1682 809 et

196 832 306 874 colle
341 831 583 874 munitum:
626 833 699 874 sed
732 831 929 874 celeriter
960 831 1073 873 cives
1111 829 1312 878 Romani,
1340 827 1492 886 ligneis
1522 826 1686 869 effectis

198 889 412 939 turribus,
440 891 491 932 iis
526 906 613 933 sese
642 891 894 933 munierunt
925 897 985 941 et,
1018 904 1159 946 quum
1191 896 1328 930 essent
1357 885 1514 928 infirmi
1541 884 1598 927 ad
1621 901 1686 926 re-

197 948 431 992 sistendum
472 958 655 1007 propter
698 949 961 1008 paucitatem
1005 947 1242 996 hominum,
1295 945 1459 988 crebris
1501 943 1688 987 confecti

199 1008 468 1057 vulneribus,
500 1009 555 1050 ad
576 1017 817 1050 extremum
847 1007 1058 1049 auxilium
1087 1005 1416 1053 descenderunt,
1453 1017 1689 1060 servosque

201 1082 344 1109 omnes
365 1067 552 1124 puberes
572 1068 873 1109 liberaverunt
893 1075 954 1117 et,
986 1065 1204 1124 praesectis
1234 1064 1426 1106 omnium
1456 1062 1689 1104 mulierum

201 1126 409 1176 crinibus,
452 1134 670 1168 tormenta
700 1126 950 1168 effecerunt.
1031 1125 1230 1174 Quorum
1258 1122 1432 1181 cognita
1463 1120 1691 1168 sententia,

205 1184 414 1227 Octavius
435 1185 577 1241 quinis
599 1185 748 1227 castris
770 1184 981 1242 oppidum
1010 1182 1294 1225 circumdedit
1321 1190 1454 1239 atque
1477 1195 1562 1222 uno
1584 1188 1693 1221 tem-
1740 1212 1744 1215 .

205 1258 311 1301 pore
334 1243 552 1285 obsidione
585 1253 628 1286 et
661 1242 1062 1301 obpugnationibus
1086 1258 1157 1284 eos
1183 1256 1378 1299 premere
1408 1239 1556 1297 coepit.
1622 1237 1694 1279 Illi

207 1301 349 1344 omnia
380 1302 552 1359 perpeti
579 1303 736 1359 parati,
770 1302 951 1343 maxime
981 1317 1006 1342 a
1034 1316 1081 1343 re
1101 1299 1383 1342 frumentaria
1416 1297 1693 1340 laborabant.

212 1361 358 1410 Quare
380 1359 513 1402 missis
542 1361 598 1401 ad
631 1360 842 1402 Caesarem
872 1360 1040 1417 legatis,
1072 1359 1283 1400 auxilium
1302 1359 1359 1400 ab
1378 1373 1428 1399 eo
1452 1357 1661 1414 petebant
1681 1369 1691 1395 z

207 1419 390 1476 reliqua,
414 1427 464 1460 ut
486 1426 706 1476 poterant,
731 1435 810 1477 per
827 1434 869 1460 se
889 1417 1156 1460 incommoda
1173 1416 1466 1459 sustinebant:
1499 1422 1543 1456 et
1562 1414 1694 1471 longo

208 1477 464 1535 interposito
485 1478 641 1535 spat-io,
676 1493 811 1535 quum
829 1477 1093 1520 diuturnitas
1119 1474 1454 1533 obpugnationis
1475 1473 1698 1530 negligen-

211 1536 342 1578 tiores
366 1536 626 1578 Octavianos
654 1537 874 1584 effecisset,
908 1536 1022 1577 nacti
1044 1535 1306 1576 occasionem
1338 1532 1561 1574 meridiani
1590 1540 1696 1573 tem-

211 1595 345 1653 poris,
376 1594 561 1636 discessu
592 1610 756 1643 eorum,
791 1594 938 1652 pueris
963 1593 1304 1649 mulieribusque
1333 1592 1375 1632 in
1405 1606 1530 1632 muro
1552 1590 1694 1646 dispo-

209 1654 316 1703 sitis,
359 1668 410 1695 ne
449 1653 554 1711 quid
585 1653 845 1710 quotidianae
878 1651 1198 1695 consuetudinis
1224 1649 1560 1698 desideraretur,
1595 1648 1692 1705 ipsi,

213 1795 428 1836 perspicuus,
443 1795 608 1827 Bibulum
633 1794 815 1826 durissima
831 1805 915 1835 qua-

213 1839 264 1869 vis
279 1839 475 1870 conditione
491 1841 539 1871 uti
557 1840 657 1877 velle,
673 1840 699 1870 si
717 1840 818 1870 niodo
835 1849 916 1869 con-

217 1882 332 1923 fligere
344 1894 422 1914 cum
436 1884 569 1915 Caesare
587 1883 705 1925 possit.
753 1882 786 1913 Si
805 1882 916 1914 Caesar

214 1927 360 1968 scripsit,
374 1934 409 1958 ut
426 1928 504 1959 libri
528 1927 658 1968 antiqui
680 1927 854 1965 exhibent,
882 1930 917 1958 in

214 1973 421 2011 complexam
436 1974 575 2004 Coesam's
591 1974 711 2008 venire,
725 1982 783 2012 pro
798 1971 918 2011 proelio

216 2014 399 2055 confligere
416 2027 423 2045 z
449 2015 532 2046 dixit
547 2016 588 2046 ad
605 2016 832 2046 imitationem
850 2026 917 2045 scr-

219 2058 328 2089 monis
346 2059 455 2089 Grffici
487 2059 720 2097 σωμπλὲκεσθκὶ
753 2073 815 2090 τινι.
853 2059 917 2090 Sed

220 2101 341 2132 mirum
357 2103 468 2138 fuerit,
482 2103 650 2134 Caesarem
665 2103 728 2134 hoc
742 2113 831 2134 novo
848 2104 918 2132 Ro-

221 2145 328 2176 manis
343 2146 527 2177 Graecismo
542 2158 638 2178 usum
655 2157 742 2177 esse.
782 2147 817 2177 In
834 2147 920 2177 duo-

222 2189 284 2220 bus
300 2190 400 2221 codd.
416 2196 466 2221 est
480 2197 708 2231 compet-tunm
732 2200 799 2221 non
816 2190 918 2220 male.

224 2234 306 2265 Mox
344 2234 468 2275 legitur
511 2234 544 2265 in
581 2235 681 2265 codd.
712 2233 920 2264 vilioribus:

220 2281 358 2309 veniret.
390 2279 452 2309 Sed
464 2284 536 2319 post
551 2279 729 2310 disce-ssimi,
742 2290 756 2315 ;
775 2277 808 2308 in
827 2277 923 2308 meli-

224 2322 340 2352 oribus
355 2334 362 2352 :
390 2325 500 2353 venire
526 2327 643 2363 posset.
677 2324 841 2352 Discessu.
871 2322 922 2352 M.

223 2365 408 2396 Marciand.
449 2368 589 2397 Caesaris
602 2365 747 2407 positum
762 2376 834 2395 esse
854 2365 926 2395 vult

227 2419 287 2450 pro
308 2412 588 2446 Caesarcanmwn,
612 2416 646 2440 ut
663 2421 695 2441 c.
713 2412 766 2440 92.
806 2410 858 2440 Ex
873 2420 923 2449 sq.

222 2459 328 2494 posset
345 2459 454 2484 ortum
475 2459 524 2484 est
552 2453 586 2484 id
611 2454 676 2485 Sed
696 2459 778 2495 post.
821 2452 925 2490 Quod

227 2496 354 2528 adtinet
369 2497 410 2527 ad
426 2498 622 2536 subsidium,
640 2497 786 2528 Bibulus
804 2497 837 2528 id
853 2507 928 2527 om-

227 2541 307 2572 nino
334 2546 547 2582 exspectasse
573 2540 716 2579 videtur,
745 2541 862 2572 saltem
893 2540 927 2571 ei

229 2595 309 2615 mox
341 2585 431 2616 Libo
461 2595 497 2615 se
527 2585 715 2626 conjunxit.
758 2585 798 2614 V.
821 2595 851 2616 c.
879 2587 928 2616 15.

229 2628 447 2670 Conjecturas
471 2629 648 2660 doctorum
666 2630 707 2659 de
724 2629 759 2660 h.
775 2629 798 2659 l.
816 2639 930 2660 emen-

231 2674 338 2704 dando
352 2674 408 2703 dat
424 2672 512 2703 Oud.

278 2719 433 2748 Discessu
467 2717 607 2747 Libum.
655 2717 705 2747 De
735 2718 844 2748 classe
873 2715 931 2748 Li-

232 2761 378 2792 burnica
407 2760 478 2791 vid.
508 2771 539 2790 c.
568 2763 599 2790 5.
645 2760 709 2791 Sed
736 2761 869 2802 quando
899 2767 933 2791 et

233 2815 397 2846 quorsum
425 2804 670 2835 discesserunt?
725 2804 935 2835 Existimant

233 2849 371 2889 quidam
385 2848 810 2889 interpretes,Antonianos
818 2856 935 2889 captos

235 2893 320 2931 (vid.
345 2893 387 2923 ad
408 2903 438 2922 c.
467 2894 500 2931 4)
527 2892 581 2922 his
602 2891 745 2924 navibus
769 2894 811 2923 ad
835 2893 936 2923 Pom-

237 2937 355 2978 peium
377 2937 539 2969 deductos
561 2947 634 2967 esse
664 2947 722 2978 per
747 2937 936 2969 Libonem:

985 1795 1100 1836 itaque
1119 1793 1301 1825 Octavium
1327 1803 1407 1824 cum
1431 1791 1571 1833 reliquis
1594 1791 1691 1823 navi-

985 1840 1049 1870 bus
1066 1850 1150 1870 nunc
1169 1839 1309 1869 Salonas
1326 1837 1470 1868 venisse.
1498 1837 1548 1867 M.

1032 1886 1176 1914 Salonis.
1210 1883 1299 1913 Scal.
1317 1882 1405 1912 male
1425 1882 1583 1919 Salonas,
1598 1880 1690 1922 quod

985 1934 1018 1959 et
1034 1927 1094 1958 alii
1112 1933 1236 1957 temere
1253 1926 1373 1957 secuti.

1038 1973 1078 2003 Ec
1102 1972 1188 2003 colle.
1228 1970 1325 2011 quasi
1351 1975 1381 2001 et
1406 1972 1442 2000 in
1460 1971 1578 2010 primae
1603 1969 1695 1999 colle.

987 2016 1043 2047 Sic
1061 2020 1093 2051 Q,
1116 2018 1143 2045 l.
1165 2016 1227 2046 lore·
1244 2020 1370 2045 natura
1393 2019 1421 2045 et
1447 2014 1540 2044 valle.
1566 2013 1620 2043 vel
1644 2018 1693 2042 est

988 2060 1014 2090 ’ἐν
1031 2058 1076 2090 διὰ
1092 2058 1172 2089 Boiu.
1220 2057 1370 2089 Jurinius
1395 2057 1468 2088 liaec
1490 2066 1609 2096 parum
1636 2066 1696 2087 co-

989 2104 1116 2135 haerere
1137 2102 1268 2143 judicat
1291 2108 1324 2132 et
1349 2112 1408 2142 pro
1432 2102 1602 2136 munitum
1627 2099 1694 2140 legi

985 2149 1080 2190 jubet
1096 2148 1278 2179 infirmum.
1303 2146 1412 2177 forsan
1428 2145 1621 2175 addendum
1633 2155 1682 2186 pa

990 2202 1067 2223 rum
1084 2192 1138 2222 vel
1154 2201 1220 2222 non
1235 2193 1314 2221 satis
1331 2192 1513 2221 immitam.

1039 2236 1102 2266 Sed
1129 2236 1361 2272 celeriter—el,
1393 2244 1511 2274 qaum.
1571 2232 1697 2263 Clarke

991 2279 1116 2310 rectius
1131 2279 1199 2309 fore
1213 2277 1353 2319 judicat,
1368 2277 1396 2308 si
1414 2277 1556 2319 legatur,
1572 2281 1601 2307 et
1617 2277 1698 2307 cele-

992 2323 1189 2360 riter—sed,
1207 2332 1325 2364 qaum.

1040 2369 1224 2407 Sem-osque
1240 2372 1308 2397 etc.
1357 2365 1561 2405 Exemplum
1586 2363 1699 2394 simile

994 2412 1085 2451 apud
1110 2412 1247 2442 Florum
1274 2414 1304 2448 9,
1335 2412 1364 2440 6.
1388 2415 1422 2440 et
1452 2410 1536 2439 Plut.
1565 2408 1598 2439 in
1624 2408 1701 2438 Cat.

994 2455 1078 2486 min.
1092 2466 1123 2486 c.
1142 2457 1194 2486 65.
1212 2462 1245 2485 et
1262 2454 1410 2495 Appian.
1428 2455 1514 2484 Pun.
1532 2454 1585 2483 93.

1042 2499 1414 2531 Proesectzfs—c-rinihas.
1447 2497 1490 2527 Et
1508 2497 1572 2526 hoc
1592 2495 1626 2525 in
1639 2494 1702 2525 ob-

997 2544 1126 2575 sidione
1142 2541 1308 2583 Capitolii
1330 2542 1459 2572 factum
1481 2545 1564 2571 teste
1589 2538 1701 2579 Vege-

997 2588 1046 2619 tio
1074 2592 1104 2625 4,
1130 2589 1161 2619 9.
1187 2587 1263 2617 Alia
1289 2585 1448 2625 exempla
1472 2585 1550 2614 dant
1580 2583 1699 2612 Florus

998 2636 1031 2670 2,
1065 2634 1115 2663 15.
1154 2630 1300 2672 Appian.
1334 2630 1356 2660 l.
1389 2640 1419 2659 c.
1453 2626 1640 2668 Capitolin.
1667 2626 1702 2657 iu

999 2676 1156 2707 Maximo
1171 2682 1204 2706 et
1222 2674 1330 2706 Balbo
1349 2684 1378 2703 c.
1401 2674 1450 2702 16.

1053 2722 1244 2755 Tormenta,
1268 2718 1377 2748 funes.
1402 2715 1468 2746 vid.
1491 2715 1541 2753 ad¹
1558 2714 1598 2745 Β.
1615 2714 1655 2745 G.
1674 2716 1706 2752 7,

1004 2767 1057 2795 22.
1083 2765 1132 2795 M.

1051 2809 1164 2842 Quare
1177 2807 1294 2837 missis.
1339 2805 1374 2835 In
1387 2804 1486 2834 codd.
1502 2807 1535 2833 et
1549 2803 1622 2833 edd.
1639 2807 1706 2833 vet.

1005 2852 1092 2884 male
1109 2850 1230 2891 legitur
1246 2851 1304 2890 qui
1318 2850 1475 2879 renuis-353.

1053 2895 1173 2926 Mei-iil.
1186 2894 1344 2935 temporis.
1363 2891 1480 2924 Media
1497 2896 1596 2923 nocte
1609 2889 1712 2922 habet

1010 2939 1077 2970 Dio
1095 2943 1149 2977 42,
1170 2939 1220 2968 ll.
