1946 3261
225 152 284 198 72
642 155 726 201 DE
758 152 961 198 BELLO
994 151 1287 197 GALLICO.

228 297 283 328 ac
300 281 625 341 defatigatione,
644 281 809 325 virtute
836 279 1040 330 militum,
1067 280 1339 339 superiorum
1365 293 1608 340 pugnarum
1629 292 1699 319 ex·

229 342 503 390 ercitatione,
534 348 582 382 ut
612 356 664 383 ne
682 355 813 382 unum
841 338 1019 396 quidem
1052 338 1516 397 nostrorumvinpetum
1538 337 1703 379 ferrent

229 414 284 444 ac
313 400 455 442 statim
487 407 613 456 terga
642 406 878 441 verterent.
942 397 1060 446 Quos
1091 397 1307 455 inpeditos
1333 396 1513 455 integris
1539 394 1705 437 viribus

231 458 388 502 milites
404 456 539 499 nostri
559 457 792 506 consecuti,
808 471 1009 514 magnum
1027 471 1249 498 numerum
1268 471 1416 498 eorum
1429 453 1705 500 occiderunt2

232 516 422 572 reliquos
443 514 610 572 equites
634 515 881 564 consectati,
907 531 1079 573 paucos,
1102 515 1177 572 qui
1198 531 1250 557 ex
1268 514 1370 573 fuga
1382 520 1621 559 evaserant,
1639 527 1705 553 re-

233 574 468 631 liquerunt.
533 573 606 616 Sic
625 590 711 616 uno
738 583 934 632 tempore
962 582 1007 615 et
1034 573 1090 616 de
1118 573 1258 616 navali
1288 589 1435 632 pugna
1456 570 1639 614 Sabinus
1660 577 1708 612 et

234 632 290 675 de
310 631 460 674 Sabini
478 630 660 676 victoria
682 633 824 676 Caesar
843 631 1003 675 certior
1023 632 1174 682 factus,
1199 632 1481 689 civitatesque
1502 645 1644 672 omnes
1661 645 1706 671 se

234 689 382 733 statim
417 690 590 733 Titurio
619 691 897 734 dediderunt.
962 691 1092 741 Nam,
1126 700 1175 733 ut
1207 690 1262 733 ad
1291 690 1407 733 bella
1437 686 1707 747 suscipienda

237 748 465 792 Gallorum
482 749 622 793 alacer
640 766 689 793 ac
707 758 934 809 promptus
952 757 1016 792 est
1032 748 1210 799 animus,
1231 749 1290 791 sic
1306 749 1447 793 mollis
1466 764 1514 791 ac
1531 746 1706 789 minime

232 807 431 851 resistens
443 807 500 850 ad
521 809 785 852 calamitates
806 808 1086 867 perferendas
1106 824 1222 851 mens
1242 824 1392 851 eorum
1413 816 1491 850 est.

293 866 366 908 20.
399 865 566 910 Eodem
591 868 681 910 fere
706 876 902 926 tempore
924 867 972 909 P.
994 867 1186 917 Crassus,
1211 882 1344 925 quum
1364 867 1406 908 in
1429 864 1708 923 Aquitaniam

267 925 515 975 ervenisset,
538 941 632 983 quae
652 942 768 985 pars,
790 935 840 968 ut
861 934 960 968 ante
981 926 1146 968 dictum
1163 935 1242 975 est,
1265 934 1309 967 et
1323 924 1549 983 regionum
1561 923 1708 965 latitu-

231 941 333 1026 Eine
355 992 401 1026 et
425 984 705 1027 multitudine
729 984 947 1027 hominum
968 1001 1021 1027 ex
1042 984 1173 1028 tertia
1193 993 1319 1042 parte
1342 983 1497 1026 Galliae
1521 990 1585 1024 est
1599 981 1708 1024 aesti-

230 1042 404 1092 manda,
423 1058 556 1100 quum
575 1043 865 1103 intellegeret,
895 1043 938 1085 in
959 1043 1022 1086 his
1042 1043 1144 1086 locis
1161 1043 1242 1086 sibi
1271 1042 1433 1085 bellum
1453 1039 1708 1100 gerendum,

232 1101 310 1144 ubi
333 1101 478 1160 paucis
499 1110 598 1144 ante
618 1102 737 1145 annis
755 1102 805 1144 L.
832 1101 1032 1145 Valerius
1050 1101 1337 1151 Praeconinus,
1361 1101 1566 1159 LegatuS,
1588 1115 1707 1142 exer-

228 1159 321 1202 citu
339 1160 476 1218 puls0‚
499 1160 750 1203 interfectus
767 1169 891 1211 esset,
909 1169 1040 1219 atque
1060 1160 1174 1203 unde
1204 1160 1254 1202 L.
1280 1159 1502 1208 Manilius,
1525 1158 1710 1201 Procon-

231 1218 314 1268 sul,
349 1218 654 1277 inpedimentis
696 1219 855 1262 amissis
897 1219 1174 1278 profugisset,
1211 1234 1293 1261 non
1332 1217 1593 1260 mediocrem
1626 1216 1708 1259 sibi

231 1275 504 1335 diligentiam
520 1277 808 1321 adhibendam
829 1278 1126 1337 intellegebat.
1190 1277 1343 1334 Itaque
1365 1292 1412 1318 re
1429 1274 1710 1318 frumentaria

266 1335 423 1385 roviso,
441 1336 608 1378 auxiliis
622 1337 904 1393 equitatuque
920 1345 1186 1394 comparato,
1213 1334 1360 1377 multis
1378 1342 1589 1393 praeterea
1610 1333 1712 1376 viris

229 1351 416 1436 artibus
447 1394 617 1444 Tolosa,
655 1395 895 1437 Carcasone
931 1404 975 1436 et
1014 1395 1238 1442 Narbone,
1277 1410 1371 1451 quae
1389 1402 1486 1435 sunt
1516 1392 1714 1435 civitates

235 1450 391 1493 Galliae
410 1452 662 1501 Provinciae,
677 1451 881 1495 finitumae
893 1452 956 1494 his
968 1452 1232 1509 regionibus,
1246 1452 1494 1494 nominatim
1507 1450 1710 1500 evocatis,

232 1508 276 1551 in
296 1509 513 1552 Sotiatum
528 1510 632 1553 fines
648 1511 884 1553 exercitum
910 1510 1166 1553 introduxit.
1229 1511 1363 1568 Cujus
1389 1510 1580 1553 adventu
1610 1525 1709 1577 cog·

231 1567 341 1616 nito,
365 1569 568 1618 Sotiates,
603 1570 767 1628 magnis
796 1569 931 1627 copiis
958 1570 1114 1611 coactis
1141 1569 1440 1626 equitatuque,
1465 1584 1552 1626 quo
1575 1568 1708 1625 pluri-

231 1641 351 1670 mum
382 1626 603 1676 valebant,
640 1627 683 1669 in
719 1627 873 1669 itinere
904 1643 1057 1686 agmen
1089 1637 1282 1671 nostrum
1321 1627 1482 1677 adorti,
1520 1627 1706 1686 primum

229 1691 429 1741 equestre
459 1685 662 1743 proelium
690 1685 1012 1733 commiserunt:
1043 1685 1216 1735 deinde,
1247 1687 1444 1743 equitatu
1478 1701 1552 1728 suo
1584 1685 1709 1744 pulso

232 1750 366 1800 atque
388 1743 713 1801 insequentibus
737 1744 906 1793 nostris,
933 1744 1079 1787 subito
1118 1744 1330 1803 pedestris
1353 1746 1512 1803 copias,
1537 1759 1643 1802 quas
1666 1744 1708 1787 in

231 1800 428 1844 convalle
450 1801 493 1843 in
524 1801 686 1844 insidiis
705 1802 1052 1853 conlocaverant‚
1082 1804 1377 1847 ostenderunt.
1443 1803 1520 1854 Hi,
1544 1812 1710 1847 nostros

228 1858 429 1919 disjectos
447 1859 609 1910 adorti,
630 1860 834 1920 proelium
856 1871 1134 1906 renovarunt.

282 1989 332 2020 Ne
344 1998 452 2020 unum
463 1989 606 2031 quidem.
629 1988 684 2021 Sic
700 1995 733 2020 et
750 1989 869 2021 Livius
885 1993 939 2029 93,
1006 1992 1118 2023 deleto
1145 1999 1178 2024 et
1204 1997 1372 2024 commate
1400 1991 1511 2033 posito
1535 1995 1610 2032 post
1628 1991 1711 2023 Pm-

238 2034 290 2063 42.
305 2032 415 2064 Tacit.
431 2035 493 2064 An.
515 2035 543 2070 1,
560 2035 613 2066 51.
1007 2039 1133 2070 vincite.
1159 2043 1193 2068 ut
1220 2037 1355 2068 volebat
1372 2034 1590 2073 s'iacconius,
1613 2035 1711 2067 locus

281 2078 392 2111 Quum
414 2078 449 2108 in
469 2079 580 2119 Aquit.
597 2080 802 2120 pervenisset.
842 2077 894 2109 Cf.
911 2088 942 2110 c.

238 2122 288 2152 11.
316 2121 363 2151 M.

280 2165 374 2195 Ante.
397 2162 465 2194 vid.
484 2164 512 2202 l,
532 2166 560 2195 l.
584 2166 633 2197 M.

281 2207 422 2239 Emere.
435 2218 471 2248 p.
492 2209 533 2239 G.
557 2215 600 2239 ext
626 2215 694 2241 aest.
718 2220 776 2251 pro
791 2209 889 2241 tertia
906 2221 939 2251 p.

234 2252 275 2284 G.
301 2250 455 2282 habenda
483 2258 546 2282 est.
570 2253 620 2284 M.
665 2253 774 2285 Codd.
800 2254 939 2295 quidam

241 2296 368 2328 Gallia.
385 2304 450 2326 non
466 2296 566 2326 male.

284 2340 408 2371 Paucis
437 2344 513 2370 ante
536 2341 644 2371 amois.
690 2340 801 2372 Multo
830 2341 940 2373 studio

239 2388 414 2417 conantur,
439 2388 573 2424 tempus
601 2383 665 2415 hoc
689 2391 722 2415 et
739 2385 867 2417 bellum
883 2387 942 2417 de-

237 2426 353 2466 finire;
378 2427 436 2457 sed
453 2432 501 2458 tot
515 2432 650 2459 utuntur
665 2429 879 2470 conjecturis,
901 2436 938 2460 ut

236 2471 280 2503 ad
308 2469 481 2502 veritatem
508 2471 660 2502 historiae
683 2472 770 2503 nihil
789 2473 943 2514 profit-ia·

242 2520 305 2546 tur.
339 2514 413 2555 Ego
427 2514 557 2553 nescio.
569 2516 701 2556 quando
717 2522 751 2546 et
765 2526 834 2558 quo
849 2517 940 2548 bello

239 2558 312 2590 haec
329 2558 515 2590 evenerint.
541 2559 584 2591 Et
597 2559 679 2602 quid
690 2560 818 2592 adtinet
833 2561 918 2592 scire
932 2562 942 2591 ?

240 2604 291 2634 M.
337 2601 388 2633 Cf.
405 2601 491 2634 Oud.

286 2648 367 2681 Quoe
389 2653 466 2678 mm!
490 2649 550 2678 cir.
584 2648 624 2679 G.
644 2649 744 2680 Pror.
764 2650 942 2689 finitumoe,

236 2700 276 2720 ea·
293 2692 342 2721 his
358 2701 428 2731 req.
463 2691 537 2721 Iloc
553 2697 603 2721 est
618 2691 737 2723 falsum
753 2703 761 2723 ε
785 2703 850 2724 non
868 2700 942 2724 sunt

237 2732 403 2771 civitates,
429 2733 462 2765 in
493 2734 616 2766 finibus
646 2736 833 2768 Provinciae
857 2736 943 2776 sitae,

241 2777 298 2807 sed
330 2777 361 2808 in
390 2777 463 2818 ipsa
490 2778 680 2811 Provincia.
726 2781 802 2812 Hoc
825 2791 941 2812 omnes

240 2819 440 2861 interpretes
467 2832 688 2863 agnoverunt.
717 2831 748 2855 et
777 2824 940 2857 Cellarius

237 2864 280 2894 de
296 2863 420 2895 Tolosa
435 2865 580 2897 contulit
610 2870 639 2905 l,
658 2870 707 2900 10.
741 2869 939 2902 Tolosatium

234 2909 347 2945 civitas
368 2913 414 2941 est
438 2911 473 2942 in
496 2911 686 2946 Provincia.
715 2913 768 2947 M.
811 2913 876 2947 Sed
899 2924 940 2955 ex

1003 2086 1055 2111 est
1071 2087 1215 2112 sanatus.

1055 2126 1111 2156 Es·
1127 2127 1178 2156 his
1192 2126 1388 2166 reffl'om'bus.
1432 2124 1500 2156 Cur
1523 2124 1589 2155 hoc
1612 2122 1710 2154 addi-

1008 2171 1081 2200 tur?
1108 2169 1167 2200 Est
1190 2169 1285 2200 inane
1310 2169 1586 2200 additamentum.
1632 2167 1709 2198 Jam

1008 2212 1149 2249 dixerat.
1190 2215 1324 2247 Tolum.
1351 2214 1537 2245 Carcasone
1561 2217 1590 2243 et
1619 2211 1709 2243 Nar-

1009 2258 1088 2288 bone
1102 2260 1247 2289 evocat-ie
1259 2270 1272 2295 ;
1297 2267 1355 2288 cur
1377 2255 1510 2298 repetit,
1526 2265 1568 2287 ex
1595 2256 1643 2286 his
1658 2266 1709 2286 re-

1007 2302 1154 2342 yiom'bus
1165 2304 1180 2332 .’
1220 2301 1419 2332 Necessario
1435 2299 1535 2341 igitur
1550 2299 1646 2330 locus
1659 2304 1711 2330 est

1009 2345 1246 2381 emendandus,
1291 2350 1327 2375 ut
1375 2342 1580 2375 Ciacconins
1630 2353 1709 2374 eum

1010 2388 1180 2420 emendari
1206 2389 1315 2420 voluit
1341 2394 1373 2418 et
1397 2387 1557 2429 Clarkius
1576 2386 1608 2418 in
1637 2385 1709 2417 MS.

1009 2433 1103 2473 regio
1120 2432 1244 2474 reperit
1263 2438 1295 2463 et
1310 2431 1479 2463 cellarius
1497 2432 1566 2472 jam
1583 2429 1710 2461 edidit:

1008 2476 1139 2517 legetur
1163 2482 1274 2508 autem
1299 2477 1363 2507 hoc
1391 2476 1509 2507 modo:
1534 2484 1610 2516 quae
1635 2479 1712 2506 sum

1010 2523 1156 2552 civitates
1183 2522 1302 2552 Galliae
1320 2522 1516 2553 l’rorinciae.
1543 2520 1710 2558 finitnmae

1012 2565 1062 2595 his
1078 2565 1275 2605 reqionilnm,
1294 2575 1380 2596 nom.
1396 2575 1481 2595 croc.
1512 2562 1599 2593 Cum
1615 2560 1711 2598 dicit,

1009 2609 1060 2638 his
1074 2609 1277 2648 romanibus,
1303 2607 1515 2649 Aquitaniam
1541 2603 1712 2646 intelligit,

1012 2651 1070 2682 uhi
1084 2652 1222 2683 Crassus
1246 2662 1322 2683 cum
1339 2651 1485 2683 maxime
1508 2649 1636 2681 bellum
1652 2659 1711 2690 ge-

1010 2696 1116 2727 rebat.
1163 2695 1215 2727 Sic
1244 2702 1277 2727 et
1300 2695 1430 2727 veritati
1455 2693 1652 2726 consulitur.
1675 2698 1710 2723 et

1011 2738 1067 2770 illa
1083 2739 1261 2771 molestior
1287 2746 1383 2771 antea
1399 2737 1581 2780 adpendix.
1603 2747 1644 2767 et
1658 2737 1708 2767 Ιώ

1009 2785 1207 2823 reqimzibus.
1222 2794 1286 2815 non
1303 2791 1354 2815 cst
1367 2783 1516 2824 amplius
1527 2779 1710 2821 adpendix.

1011 2828 1060 2858 M.
1109 2827 1251 2869 Regium
1281 2827 1436 2858 codicem
1464 2834 1596 2866 sequor.
1652 2823 1708 2855 Sic

1007 2881 1125 2903 sensus
1138 2872 1248 2903 clarus
1263 2877 1297 2903 et
1311 2871 1410 2902 unice
1425 2879 1534 2901 verus.
1580 2866 1710 2900 Similis

1005 2915 1212 2949 constructio
1226 2915 1373 2949 occurrit
1388 2924 1467 2947 mox
1481 2915 1583 2945 0⁶23.
