1946 3261
184 206 275 255 430
422 205 478 249 A.
511 200 716 250 HIRTII
748 202 834 251 DE
865 202 1071 252 BELLO
1102 205 1424 253 ALEXAND.

184 335 272 394 jam
291 347 375 377 non
402 331 570 376 virtute
608 341 1002 392 propugnatorum,
1038 333 1114 378 sed
1144 335 1323 380 scientia
1348 332 1678 387 classiariorum,

187 411 231 437 se
253 393 390 436 victos
412 391 628 442 viderent,
661 395 713 421 Η
753 393 915 451 quibus
952 403 997 437 et
1028 394 1326 453 superioribus
1359 394 1462 438 locis
1483 392 1679 438 subleva-

187 452 366 501 bantur,
389 459 440 494 ut
462 467 516 494 ex
536 451 725 496 aedificiis
742 451 918 496 defendi
937 463 1136 511 possent:
1169 464 1215 498 et
1235 454 1457 498 materiam
1480 461 1679 497 cunctam

186 510 442 568 objicerent,
477 511 596 569 quod
616 521 774 556 nostrae
795 512 937 556 classis
968 513 1340 572 obpugnationem
1362 513 1492 557 etiam
1514 511 1571 557 ad
1592 521 1678 554 ter-

184 584 277 613 ram
299 569 582 614 verebantur.
645 570 799 622 Iidem,
821 581 971 630 postea
991 588 1121 630 quam
1145 573 1418 632 Ganymedes
1436 573 1480 616 in
1496 569 1679 617 concilio

186 627 476 680 confirmavit,
509 640 669 674 sese-<et
697 647 781 681 eas,
814 647 911 688 quae
932 641 1070 676 essent
1097 633 1274 683 amissae,
1306 635 1615 677 restituturum
1633 637 1679 675 et

183 702 413 733 numerum
446 687 751 740 adaucturum,
785 706 940 749 magna
969 707 1045 750 spe
1074 701 1119 735 et
1140 692 1296 736 fiducia
1317 701 1483 736 veteres
1503 689 1678 734 reficere

183 761 329 798 naves,
351 747 690 807 adcuratiusque
713 750 811 793 huic
829 752 888 793 rei
905 751 1080 794 studere
1101 760 1234 809 atque
1257 752 1462 796 inservire
1484 749 1678 794 institue-

183 815 314 851 runt:
347 822 415 856 ac,
439 809 609 851 tametsi
627 809 810 867 amplius
832 809 912 853 CX
933 810 1117 854 navibus
1134 811 1274 869 longis
1295 811 1337 854 in
1359 820 1495 869 portu
1515 807 1677 854 navali-

180 865 354 924 busque
387 866 633 920 amiserant,
663 883 747 911 non
769 877 913 912 tamen
934 869 1188 927 reparandae
1208 870 1350 914 classis
1368 868 1676 927 cogitationem

181 924 503 984 deposuerunt:
539 927 745 970 videbant
775 929 904 979 enim,
940 944 1025 972 non
1053 929 1214 972 auxilia
1248 929 1424 979 Caesari,
1457 942 1543 971 non
1563 941 1676 970 com-

180 993 347 1028 meatus
383 985 635 1044 subportari
674 1003 812 1045 posse,
835 989 866 1030 si
902 987 1032 1031 classe
1065 989 1144 1048 ipsi
1179 989 1392 1032 valerent.
1458 986 1676 1032 Praeterea

180 1043 347 1086 nautici
369 1043 576 1095 homines,
600 1046 720 1089 urbis
749 1055 794 1089 et
824 1047 1010 1106 regionis
1038 1060 1294 1098 maritumae,
1329 1045 1674 1106 quotidianoque

180 1118 261 1146 usu
298 1119 323 1146 a
356 1104 502 1161 pueris
537 1105 781 1156 exercitati,
818 1105 872 1148 ad
909 1107 1109 1150 naturale
1139 1124 1187 1150 ac
1209 1107 1490 1150 domesticum
1512 1105 1674 1148 bonum

179 1163 382 1220 refugere
414 1162 652 1220 cupiebant
683 1173 742 1214 et,
779 1175 994 1223 quantum
1027 1167 1219 1225 parvulis
1250 1166 1430 1224 navigiis
1468 1163 1675 1223 profecis-

177 1230 286 1271 sent,
317 1221 573 1266 sentiebant.
637 1223 792 1281 Itaque
829 1226 944 1268 omni
979 1225 1124 1268 studio
1149 1225 1204 1269 ad
1236 1225 1473 1284 parandam
1497 1222 1674 1266 classem

177 1281 483 1324 incubuerunt.

243 1340 307 1382 13.
343 1339 483 1382 Erant
516 1338 716 1382 omnibus
749 1342 867 1384 ostiis
903 1342 996 1385 Nili
1026 1342 1233 1386 custodiae
1263 1340 1462 1400 exigendi
1487 1339 1675 1400 portorii

176 1414 321 1442 caussa
362 1398 594 1457 dispositae.
671 1400 817 1443 Naves
856 1410 1024 1444 veteres
1061 1410 1184 1444 erant
1221 1401 1264 1445 in
1299 1401 1481 1444 occultis
1523 1398 1673 1458 Regiae

176 1457 417 1507 navalibus,
440 1457 599 1516 quibus
620 1458 769 1502 multis
798 1461 918 1503 annis
946 1460 1003 1503 ad
1024 1460 1317 1519 navigandum
1340 1476 1425 1505 non
1446 1468 1573 1503 erant
1594 1458 1670 1502 usi.

177 1516 270 1560 Has
310 1516 584 1564 reficiebant3
631 1518 726 1561 illas
768 1519 1077 1563 Alexandriam
1122 1520 1399 1563 revocabant.
1475 1519 1674 1563 Deerant

174 1576 305 1624 remi;
340 1576 551 1635 porticus,
571 1577 808 1635 gymnasia,
821 1577 999 1622 aedificia
1019 1578 1197 1638 publica
1213 1579 1498 1638 detegebant,
1515 1592 1674 1622 asseres

172 1651 392 1680 remorum
426 1651 550 1677 usum
588 1635 869 1679 obtinebant:
915 1638 1035 1681 aliud
1068 1638 1275 1682 naturalis
1310 1638 1523 1687 sollertia,
1552 1635 1672 1681 aliud

172 1694 294 1737 urbis
327 1693 452 1751 copia
483 1694 855 1738 subministrabat.
922 1697 1149 1740 Postremo
1178 1714 1263 1741 non
1295 1698 1468 1756 longam
1495 1696 1670 1754 naviga-

170 1754 332 1797 tionem
356 1752 589 1811 parabant,
607 1753 679 1795 sed
698 1755 918 1812 praesentis
936 1757 1145 1814 temporis
1163 1756 1406 1799 necessitati
1421 1755 1670 1799 serviebant

172 1822 218 1856 et
252 1813 295 1856 in
327 1812 420 1870 ipso
454 1820 589 1870 portu
617 1814 933 1872 confligendum
954 1814 1173 1858 videbant.
1237 1815 1394 1872 Itaque
1416 1814 1562 1873 paucis
1579 1813 1669 1857 die-

172 1873 270 1921 bus,
299 1880 450 1914 contra
475 1871 663 1914 omnium
685 1873 945 1930 opinionem,
975 1873 1273 1932 quadriremes
1300 1875 1405 1917 duas
1426 1883 1471 1916 et
1492 1872 1667 1932 viginti,

171 1932 504 1990 quinqueremes
523 1931 716 1989 quinque
735 1933 1030 1976 confecerunt.
1094 1933 1167 1976 Ad
1189 1932 1262 1976 has
1277 1934 1461 1976 minores
1476 1941 1667 1991 apertas-

171 2006 257 2048 que
297 1990 544 2047 complures
575 1989 831 2048 adjecerunt
862 2001 922 2042 et,
958 1993 1000 2035 in
1036 2002 1172 2051 portu
1206 1992 1440 2050 periclitati
1467 1991 1666 2049 remigi0‚

173 2049 281 2107 quid
312 2065 495 2107 quaeque
524 2065 673 2092 earum
708 2051 877 2094 efficere
900 2061 1057 2110 posset,
1090 2051 1265 2095 idoneos
1292 2052 1451 2095 milites
1469 2051 1667 2109 inposue-

174 2117 297 2157 runt,
339 2124 469 2164 seque
512 2108 567 2151 ad
607 2109 926 2168 confligendum
967 2110 1165 2154 omnibus
1206 2111 1337 2154 rebus
1379 2115 1665 2169 paraverunt.

176 2168 320 2210 Caesar
343 2165 537 2209 Rhodias
554 2183 680 2210 naves
702 2185 856 2212 novem
877 2169 1082 2219 habebat,
1105 2171 1237 2226 (nam,
1259 2170 1407 2214 decem
1427 2169 1557 2221 missi,
1579 2183 1667 2214 um

217 2314 273 2344 EJ·
293 2313 451 2353 mdifieiis.
497 2313 706 2345 Ciacconius
730 2317 786 2345 υἷι·
808 2315 873 2346 aul.
946 2318 1032 2347 imni
1052 2317 1246 2357 nnmiciqew
1269 2314 1431 2347 dicuntur
1451 2312 1661 2356 conjunctim

169 2351 372 2389 correxerat.
386 2357 479 2398 quod
495 2357 556 2388 alii
572 2366 781 2399 receperunt,
795 2360 876 2400 quia

172 2412 236 2433 non
265 2401 572 2433 animadverterant
601 2402 768 2438 lacunam,
798 2414 874 2444 quae

174 2447 276 2487 paulo
290 2453 370 2478 ante
385 2452 448 2477 est.
474 2447 523 2477 M.
551 2445 724 2478 Lacunam
743 2447 876 2479 Rheni-

171 2500 276 2522 eanus
303 2500 369 2522 non
392 2490 561 2527 agnoscit,
577 2496 609 2521 et
633 2491 682 2522 sic
701 2491 875 2533 conjungit

171 2535 281 2567 dicta:
306 2546 327 2567 α
345 2536 464 2576 quibus
490 2537 715 2572 (Coesarimuzs
741 2537 874 2568 classia-

168 2581 244 2615 riis)
267 2579 482 2611 Aleaeandrini
506 2580 773 2611 eminentioribus
798 2582 874 2612 Iocis

169 2624 443 2655 sublevabantur.
467 2622 635 2655 cellarius
652 2623 718 2665 legi
731 2624 801 2655 vult
818 2627 876 2666 qm?

166 2672 197 2700 et
213 2678 285 2709 sup.
301 2669 381 2699 Iocis
393 2668 479 2699 subl.
497 2673 531 2701 ut
548 2670 604 2699 via·
621 2673 687 2699 etc.

220 2713 363 2744 Naum-i.
390 2712 463 2743 Hoc
482 2718 565 2753 puto
576 2712 779 2744 delendum:
798 2721 873 2743 nam

171 2753 331 2787 homines
347 2756 441 2788 urbis
457 2761 491 2787 et
508 2767 574 2797 reg.
591 2756 780 2789 maritumae
799 2762 873 2787 sunt

170 2808 237 2830 uno
254 2800 356 2831 verbo
373 2803 562 2838 maritumi,
587 2807 620 2832 et
644 2812 665 2833 a
689 2800 801 2842 pueris
815 2811 872 2831 ex-

170 2843 302 2875 ercitati
319 2851 394 2876 sunt
410 2855 476 2877 uno
494 2845 596 2877 verbo
619 2847 759 2883 nautici,
781 2846 872 2885 quod

168 2887 311 2920 verbum
325 2888 450 2930 aliquis
464 2889 496 2921 in
512 2889 664 2931 margine
674 2889 871 2930 explicandi

168 2941 290 2965 caussa
316 2933 505 2966 addiderat.
551 2934 608 2967 Sic
634 2945 664 2966 c.
693 2935 744 2967 16.
767 2935 872 2968 mari-
900 2946 906 2952 ·

944 2366 977 2391 et
998 2360 1070 2392 sine
1087 2360 1340 2402 explicatione3
1372 2360 1435 2391 hoc
1467 2359 1544 2390 loco
1569 2357 1659 2400 peri·

945 2404 1077 2445 phrasis
1095 2404 1215 2435 horum
1239 2404 1420 2436 verborum
1438 2409 1498 2435 est.
1523 2402 1574 2433 M.

995 2450 1137 2481 Bonum.
1178 2449 1252 2480 Hoc
1269 2459 1288 2479 c
1309 2448 1408 2479 codd.
1423 2446 1516 2480 dedit
1530 2444 1656 2478 Victor.

949 2491 991 2523 V.
1017 2492 1055 2524 L.
1095 2495 1143 2531 10,
1177 2496 1230 2524 2⁴.
1270 2498 1432 2534 notatque
1470 2489 1656 2532 significare

939 2537 1060 2570 dotem.

992 2581 1153 2613 Omnibus
1167 2584 1255 2615 ostiis
1275 2582 1357 2614 Nili.
1392 2579 1500 2613 codd.
1515 2578 1654 2622 quidam

945 2630 977 2656 et
993 2626 1071 2657 edd.
1086 2632 1153 2656 vet.
1169 2629 1206 2657 in
1222 2626 1377 2658 omnibus
1391 2628 1482 2658 ostiis
1494 2629 1654 2666 pomum

947 2669 1028 2700 Nili.
1077 2669 1132 2700 Sic
1159 2669 1277 2701 Livius
1307 2672 1360 2708 35,
1385 2672 1439 2702 39.
1465 2667 1513 2702 ad
1532 2670 1653 2701 ostium

940 2719 1067 2753 portum.
1092 2713 1149 2744 ubi
1166 2714 1232 2745 vid.
1247 2714 1399 2746 Gronov.

992 2758 1107 2799 Reffl'oe
1127 2759 1322 2791 navalibus.
1346 2757 1417 2789 vid.
1440 2757 1483 2789 de
1505 2755 1545 2788 B.
1562 2752 1601 2786 C.
1617 2756 1651 2803 β,

947 2803 1020 2832 112.
1038 2803 1088 2834 Μ.
1135 2802 1209 2835 Non
1236 2813 1325 2843 opus
1347 2808 1399 2834 est
1418 2801 1540 2843 legem,
1561 2803 1598 2831 ul
1616 2807 1650 2830 1¹¹

940 2846 1017 2877 edd.
1042 2853 1110 2878 vet.
1134 2850 1278 2889 remonis
1300 2847 1495 2885 navum,
1523 2842 1591 2882 vel»
1612 2847 1650 2874 Ἦ

941 2889 1023 2922 velit
1038 2890 1157 2924 Davis.
1173 2892 1277 2934 Regis
1289 2900 1368 2925 nav.

1900 2222 1912 2311 ‘'T‘'-
