1946 3261
396 532 416 545 '
753 528 815 578 A.
877 525 1194 577 HIRTII

943 684 1006 714 DE

416 820 724 873 BELLO
787 819 1507 872 ALEXANDRINO

651 995 843 1041 LIBER
874 994 1293 1041 SINGULARIS.

783 1186 1141 1217 ARGUMENTUM.

215 1275 302 1318 Cap.
331 1275 360 1307 l.
382 1274 495 1308 Caesar
507 1273 748 1308 Alexandriam
761 1274 959 1316 obpugnare
975 1273 1099 1316 pergit.
1144 1276 1178 1313 2,
1195 1275 1226 1305 3.
1252 1272 1471 1306 Alexandrini
1490 1277 1629 1307 strenue
1646 1283 1720 1307 sese

255 1320 452 1352 defendunt.
500 1322 597 1352 4-6,
623 1319 756 1360 Regem
780 1320 1004 1351 Ptolemaeum
1029 1318 1144 1350 Caesar
1168 1318 1201 1350 in
1225 1323 1393 1360 potestate
1410 1319 1526 1351 habet.
1573 1319 1718 1352 Arsinoe

258 1364 444 1407 imperium
460 1370 619 1405 occupat,
634 1363 770 1395 Achilla
787 1363 980 1402 interfecto,
995 1363 1210 1404 Ganymedes
1225 1373 1315 1404 aqua
1331 1363 1559 1395 intercludere
1574 1364 1722 1396 Caesari-

255 1420 339 1442 anos
358 1415 461 1451 parat.
508 1410 606 1440 7-9.
631 1407 896 1450 Trepidantibus
919 1407 973 1439 his
989 1406 1103 1438 Caesar
1119 1407 1233 1448 puteis
1249 1407 1350 1439 fossis
1367 1418 1491 1449 aquam
1509 1408 1721 1450 subpeditat.

259 1455 400 1486 10—18.
436 1453 558 1485 Navali
585 1452 707 1494 proelio
731 1452 846 1484 victor
868 1452 979 1483 Pharo
1010 1451 1149 1493 potitur.
1207 1453 1349 1483 19—21.
1382 1452 1419 1482 ln
1445 1457 1548 1494 ponte
1571 1457 1606 1484 et
1629 1453 1723 1484 mole

256 1499 388 1531 cladem
403 1497 547 1539 accipit.
582 1500 727 1529 22--25.
753 1497 904 1528 Firmato
916 1495 1192 1528 Caesarianorum
1207 1495 1336 1533 animo,
1350 1495 1591 1528 Alexandrinis
1604 1503 1724 1539 peten-

256 1543 351 1576 tibus
381 1543 513 1584 Regem
544 1541 689 1574 dimittit
713 1541 840 1580 Caesar,
870 1540 898 1572 is
930 1540 1058 1583 perfide
1091 1541 1221 1572 bellum
1253 1540 1436 1581 instaurat,
1477 1540 1602 1582 proelio
1633 1542 1724 1584 perit

258 1588 311 1620 Eu
340 1588 475 1620 hranor.

214 1632 298 1674 C'ap.
315 1599 457 1664 1{Ga-31.
482 1630 704 1663 Mithridates
721 1631 949 1671 Pergamenus
963 1627 1093 1660 auxilia
1107 1627 1249 1660 adducit
1270 1627 1401 1660 Caesari
1417 1628 1560 1660 Pelusio
1579 1629 1724 1671 potitur,

259 1676 388 1719 Regios
402 1675 515 1708 caedit.
547 1676 620 1707 Rex
635 1686 655 1707 a
670 1675 807 1707 Caesare
825 1674 950 1716 proelio
968 1673 1076 1705 victus
1090 1673 1182 1714 perit
1198 1673 1230 1704 in
1248 1672 1340 1705 Nilo.
1375 1675 1429 1711 32,
1446 1675 1500 1704 33.
1516 1674 1726 1706 Alexandria

256 1721 388 1763 potitus
410 1720 525 1753 Caesar
549 1722 772 1752 Ptolemaeum
788 1720 955 1750 minorem
972 1724 1005 1749 et
1019 1718 1243 1760 Cleopatram
1265 1718 1378 1760 Reges
1395 1717 1597 1758 constituit3
1632 1719 1727 1752 Arsi-

256 1775 344 1797 noen
361 1776 380 1797 e
401 1766 519 1807 Regno
535 1764 688 1797 deducit.
706 1764 738 1796 in
757 1764 892 1805 Syriam
907 1762 993 1795 abit.
1683 1787 1685 1789 ,

215 1811 296 1852 Cap.
313 1811 455 1842 34—st
481 1809 618 1842 Interim
642 1808 836 1846 Deiotarus,
861 1807 1033 1839 Armeniae
1059 1807 1147 1846 Rex,
1172 1811 1293 1838 contra
1317 1806 1531 1838 Pharnacem
1554 1805 1726 1840 auxilium

255 1854 343 1897 petit
357 1866 378 1887 a
393 1853 550 1886 Domitio
563 1853 722 1893 Calvino,
735 1853 794 1895 qui
810 1853 898 1884 male
915 1863 986 1884 rem
1004 1852 1102 1893 gerit.
1149 1852 1339 1883 Pharnaces
1354 1852 1499 1882 Pontum
1512 1857 1674 1894 occupat,
1689 1852 1724 1885 in

254 1899 350 1932 cives
381 1899 558 1931 Romanos
581 1898 687 1931 saevit.
743 1899 886 1930 42—27.
919 1898 955 1929 In
982 1897 1121 1938 Illyrico
1144 1896 1312 1928 Gabinius
1334 1895 1513 1937 subpetias
1533 1895 1721 1930 Cornificio

255 1943 409 1976 adferens
427 1943 624 1986 inprospere
641 1949 780 1985 pugnat.
828 1943 917 1973 Rem
934 1940 1081 1974 restituit
1100 1940 1257 1972 Vatinius
1272 1947 1433 1981 superato
1453 1939 1615 1972 Octavio.

215 1988 298 2030 Cap.
314 1990 458 2021 48—64.
482 1989 518 2020 ln
538 1988 706 2030 Hispania
721 1986 861 2019 Cassius
878 1986 1065 2027 Longinus,
1079 1984 1221 2018 avaritia
1238 1995 1378 2023 exosus,
1395 1990 1467 2016 orta
1483 1984 1721 2025 conjuratione

257 2032 315 2064 vix
338 2032 464 2065 evadit.
508 2032 591 2064 Mox
617 2032 786 2064 seditione
810 2031 901 2063 facta
928 2031 971 2062 ad
998 2030 1208 2067 Cordubam,
1240 2029 1343 2060 rebus
1374 2029 1459 2060 mire
1491 2028 1649 2069 turbatis,
1680 2041 1724 2064 ne

255 2076 426 2108 Marcello
441 2076 641 2118 Lepidoque
656 2082 690 2107 et
704 2075 881 2107 Trebonio
897 2086 931 2107 se
948 2075 1154 2112 committat,
1168 2072 1302 2115 aufugit
1316 2077 1351 2104 et
1365 2072 1400 2104 in
1418 2072 1516 2104 Ibero
1532 2072 1632 2114 perit.

216 2121 300 2161 Cap.
319 2121 462 2152 65—68.
485 2120 629 2161 Syriam,
645 2119 819 2158 Ciliciam,
837 2119 966 2157 Asiam,
980 2117 1239 2161 Cappadociam
1254 2117 1434 2149 constituit
1451 2117 1578 2157 Caesar,
1602 2117 1637 2150 in
1654 2117 1722 2152 hac

256 2165 411 2197 Bellonae
440 2165 609 2206 templum
633 2164 822 2206 Lycomedi
847 2163 1009 2205 Bithynio
1033 2162 1231 2205 adjudicat;
1271 2161 1449 2200 Deiotaro,
1481 2161 1723 2204 Gallograeciae

258 2209 450 2248 tetrarchae‚
465 2208 674 2251 Pompeium
690 2214 819 2247 secuto,
832 2207 993 2250 ignoscit.
1023 2209 1164 2239 69—78.
1182 2206 1406 2245 Pharnacem,
1420 2205 1539 2238 dolose
1550 2213 1723 2249 agentem,

257 2254 362 2286 celeri
378 2253 524 2286 victoria
548 2259 696 2294 superat.
719 2254 868 2284 Pontum
891 2252 1029 2294 recipit,
1053 2251 1291 2284 Mithridatem
1315 2251 1566 2293 Pergamenum
1592 2252 1724 2293 Regem

257 2298 406 2341 Bospori
420 2304 455 2330 et
470 2297 761 2340 Gallograecorum
775 2297 996 2329 'reti-archam
1012 2295 1203 2328 constituit.
1250 2296 1284 2328 ln
1302 2295 1434 2327 ltaliam
1449 2295 1565 2328 subito
1581 2295 1667 2329 abit.

216 2361 444 2426 BELLO
469 2379 767 2423 Alexandrino
789 2378 992 2429 conflato,
1016 2378 1162 2422 Caesar
1179 2376 1339 2422 Rhodo
1355 2386 1489 2436 atque
1510 2394 1564 2421 ex
1587 2378 1718 2438 Syria

217 2439 457 2498 Ciliciaque
478 2455 649 2483 omnem
666 2439 842 2483 classem
859 2438 1033 2482 arcessit
1052 2454 1062 2488 ;
1103 2439 1240 2482 Creta
1259 2437 1524 2497 sagittarios,
1547 2438 1714 2496 equites

214 2498 273 2543 ab
306 2497 430 2558 Rege
465 2499 780 2544 Nabataeorum
820 2498 999 2542 Malcho
1039 2506 1218 2548 evocat;
1263 2505 1481 2542 tormenta
1520 2497 1711 2556 undique

264 2613 322 2644 Ex
340 2613 422 2653 Syr.
443 2611 538 2644 Cilic.
582 2609 684 2644 Conf.
698 2621 777 2653 cap.
793 2613 849 2650 25,
869 2611 924 2642 26.

217 2657 379 2733 M'Creta.
412 2699 469 2732 Sic
483 2700 587 2732 codd.
621 2699 737 2741 Vulgo
752 2709 793 2731 ex
810 2700 924 2732 Creta.

265 2746 415 2778 Malcho.
462 2744 561 2777 Hunc
579 2743 684 2786 partis
697 2743 833 2776 Arabiae
853 2744 924 2775 Re-

218 2801 296 2832 gem
337 2789 508 2832 permovit
538 2788 728 2831 Antipater,
763 2787 824 2830 qui
850 2793 924 2821 tum

166 2843 168 2846 ’
219 2835 379 2868 Judaeam
401 2832 658 2867 administrabat
677 2838 712 2865 et
736 2843 758 2864 a
781 2832 925 2865 Caesaris

218 2879 378 2922 partibus
401 2878 526 2920 stabat,
546 2883 583 2911 ut
599 2876 781 2912 auxiliares
801 2877 924 2922 copias

1001 2608 1130 2643 Caesari
1146 2609 1308 2642 mitteret.
1346 2608 1521 2650 Josephus
1535 2607 1708 2640 Archaeol.

1006 2656 1058 2694 14,
1082 2657 1115 2686 8.
1148 2655 1200 2686 M.
1253 2653 1386 2685 Nomen
1415 2653 1545 2685 Malcln'
1576 2653 1707 2694 Regem

1000 2699 1126 2741 signat,
1163 2698 1222 2730 sed
1252 2704 1457 2729 consuetum
1488 2695 1594 2728 etiam
1626 2707 1706 2739 pro-

1000 2744 1112 2786 prium
1133 2743 1284 2775 virorum
1306 2741 1383 2774 fuit.
1428 2740 1484 2773 Sic
1506 2741 1559 2773 vel
1585 2741 1619 2773 in
1635 2741 1708 2775 his-

999 2788 1085 2821 toria
1101 2786 1276 2830 passionis
1297 2784 1484 2818 Servatoris
1502 2783 1628 2827 optimi
1646 2797 1706 2820 oc-

1000 2832 1106 2867 currit
1123 2842 1240 2866 servus
1253 2830 1364 2864 dictus
1378 2831 1553 2864 Malchus.
