1992 3271
698 156 814 202 LIB.
849 158 882 201 I.
948 160 1086 204 CAP.
1120 162 1163 212 7,
1196 164 1236 205 8.
1675 165 1701 206 7

227 282 373 328 Gallia
401 283 610 328 ulteriore
640 285 756 344 legio
789 289 892 344 una)
924 296 1115 346 pontem,
1151 289 1228 347 qui
1259 297 1353 332 erat
1385 290 1439 332 ad
1463 291 1699 341 Genevam,

219 342 345 400 jubet
366 344 560 386 rescindi.
625 345 718 388 Ubi
750 346 801 388 de
833 346 923 404 ejus
946 346 1133 389 adventu
1158 348 1352 391 Helvetii
1372 350 1576 392 certiores
1597 350 1700 393 faeti

221 411 337 452 sunt,
371 402 536 460 legatos
567 404 621 446 ad
652 420 751 446 eum
782 405 980 454 mittunt,
1018 405 1302 449 nobilissimos
1338 408 1540 458 civitatis,
1579 409 1701 465 cujus

222 459 448 519 legationis
472 462 677 519 Namejus
709 471 752 505 et
783 463 1072 506 Verucloetius
1095 464 1335 522 principem
1366 467 1508 509 locum
1531 456 1699 510 obtine-

223 518 344 568 bant,
363 520 440 576 qui
460 520 666 569 dicerent,
689 528 716 546 ‘⁶
732 521 812 562 sibi
832 538 918 564 esse
940 522 983 564 in
1001 523 1156 572 animo,
1176 524 1263 565 sine
1281 524 1371 566 ullo
1389 525 1597 568 maleficio
1615 526 1700 569 iter

222 585 250 603 ‘⁶
274 593 354 636 per
373 578 646 630 Provinciam
666 580 820 629 facere,
845 590 1080 638 propterea
1108 582 1227 639 quod
1247 582 1365 624 aliud
1387 583 1469 624 iter
1490 584 1699 627 haberent

220 643 250 662 “
272 636 462 678 nullam:
495 653 666 696 rogare,
700 646 752 680 ut
784 639 875 696 ejus
909 639 1133 682 voluntate
1167 640 1211 682 id
1242 641 1323 683 sibi
1354 641 1491 683 facere
1529 643 1699 686 liceat.’'

218 695 379 744 Caesar,
393 695 513 753 quod
526 696 731 739 memoria
747 698 939 746 tenebat,
960 697 1009 739 L.
1032 699 1227 742 Cassium
1247 700 1480 742 Consulem
1497 702 1699 753 occisum,

217 754 542 813 exercitumque
559 755 649 812 ejus
665 755 722 798 ab
748 755 962 799 Helvetiis
979 758 1154 814 pulsum
1167 767 1211 800 et
1232 759 1314 801 sub
1331 760 1488 816 jugum
1508 760 1699 811 missum,

218 812 537 856 concedendum
565 830 651 857 non
680 815 888 871 putabat:
933 830 1072 872 neque
1104 817 1294 858 homines
1331 818 1503 861 inimico
1539 818 1699 869 animo,

216 872 318 915 data
337 872 544 915 facultate
568 889 646 931 per
671 873 945 916 Provinciam
968 874 1134 917 itineris
1152 875 1357 926 faciundi,
1380 885 1701 935 temperaturos

215 930 274 974 ab
315 931 472 989 injuria
500 940 544 975 et
584 931 795 974 maleficio
833 932 1120 975 existimabat.
1190 934 1368 984 Tamen,
1411 943 1462 977 ut
1509 935 1701 993 spatium

215 989 480 1034 intercedere
514 1000 673 1050 posset,
702 991 806 1033 dum
837 992 1009 1041 milites,
1040 1008 1149 1050 quos
1173 992 1480 1051 imperaverat,
1502 995 1700 1037 conveni-

217 1058 329 1099 rent,
349 1049 503 1108 legatis
519 1050 760 1109 respondit,
786 1058 814 1076 “
828 1051 942 1093 diem
959 1067 1001 1093 se
1019 1052 1072 1094 ad
1084 1051 1411 1095 deliberandum
1428 1062 1697 1096 sumturum:

219 1115 248 1134 ‘⁶
270 1108 306 1151 si
327 1109 434 1167 quid
451 1109 630 1159 vellent,
652 1125 690 1151 a.
714 1109 756 1152 d.
783 1108 885 1153 Idus
907 1111 1019 1169 Apr.
1043 1113 1410 1154 1·everterentur.”

275 1169 317 1210 8.
351 1167 521 1211 Interea
545 1185 595 1210 ea
615 1169 800 1226 legione,
823 1186 955 1227 quam
982 1186 1127 1212 secum
1156 1170 1360 1220 habebat,
1383 1171 1701 1230 militibusque,

162 1249 166 1252 ·
215 1225 292 1285 qui
312 1243 366 1270 ex
388 1227 618 1271 Provincia
635 1237 939 1278 convenerant,
961 1245 985 1271 a
1006 1229 1102 1271 lacu
1122 1228 1357 1280 Lemanno,
1379 1231 1456 1288 qui
1478 1230 1522 1273 in
1542 1230 1701 1274 flumen

262 1335 405 1376 Rogare.
418 1335 462 1366 al.
478 1339 708 1377 roqarentqne.

265 1379 608 1411 Cassiam—occienm.
636 1379 754 1410 Viotc.
769 1381 818 1410 1‘2.
842 1378 925 1420 Epi-

221 1428 311 1454 tome
328 1422 401 1454 Liv.
419 1422 478 1454 lib.
495 1425 546 1454 65.
582 1424 804 1455 Rkellicarmx.
843 1424 925 1455 Fac-

221 1472 292 1500 tum
309 1467 341 1499 in
357 1477 445 1499 anno
463 1467 504 1499 U.
521 1467 560 1498 C.
577 1469 652 1498 646.
675 1467 730 1498 Cf.
746 1467 901 1509 Pighius.

266 1513 336 1543 διώ
361 1515 500 1554 jayum.
536 1512 581 1542 al.
601 1512 662 1543 sab
673 1515 772 1552 jugo.
798 1516 833 1541 ut
850 1511 923 1541 Liv.

215 1558 246 1595 3,
263 1559 318 1587 28.

262 1602 289 1632 Α
304 1601 485 1643 {acic—qui
508 1599 598 1641 infl.
621 1598 724 1630 Rhosl.
740 1599 865 1640 influit.
889 1597 923 1629 Si

213 1655 289 1676 vere
303 1643 463 1682 aestimes,
476 1643 570 1674 lacus
591 1653 657 1674 non
672 1642 704 1673 in
722 1642 857 1680 flumen,
866 1643 924 1673 sed

214 1688 338 1720 flumen
348 1688 379 1719 in
391 1688 501 1719 lacum
510 1687 631 1718 influit.
649 1687 731 1717 Haec
742 1686 924 1725 fuitcausa,

214 1744 273 1764 cur
294 1731 423 1764 monitu
442 1731 595 1762 Rhenani
613 1730 735 1763 sensim
757 1730 788 1761 in
812 1731 924 1772 vulgg.

214 1778 290 1809 edd.
307 1777 573 1808 introduceretur
587 1775 653 1807 alia
677 1774 792 1811 lectio,
816 1776 923 1806 alaca

216 1822 256 1854 L.
265 1823 410 1863 qaemfl.
421 1821 561 1853 thozlan
567 1821 754 1862 ufme'nsiuit.
771 1820 834 1849 Sed
845 1830 922 1850 cum

217 1866 420 1898 Rhodanum
445 1875 525 1895 casu
553 1865 660 1906 primo
689 1873 754 1894 non
780 1863 920 1900 dicatur,

215 1915 250 1942 et
265 1909 349 1941 infra
364 1910 412 1949 (⁷,
429 1909 497 1948 57,)
521 1909 793 1949 oceurrat‚palu.s
808 1908 922 1949 influit

211 1956 248 1986 in
278 1954 472 1994 Sequanam
491 1954 640 1995 flamen,
675 1963 777 1993 quem
806 1952 920 1982 locum

211 1999 280 2040 jam
305 1998 486 2029 Glareanus
501 1997 723 2038 comparavit:
748 2006 812 2027 non
829 1995 921 2026 vide-

216 2049 269 2075 tur
290 2041 424 2073 dicendi
445 2051 563 2083 genus,
583 2051 784 2083 quamquam
800 2050 920 2078 rarum,

213 2087 410 2119 mutandum
437 2096 526 2126 esse,
555 2090 592 2116 ut
611 2086 681 2127 jam
711 2084 854 2116 Casaub.
878 2085 921 2115 ad

212 2130 365 2163 Strabon.
382 2141 413 2172 p.
430 2131 506 2161 207.
530 2134 563 2160 et
580 2136 656 2170 post
679 2130 766 2160 hunc
784 2128 922 2159 Ouden-

216 2174 352 2216 dorpius
365 2174 408 2206 ad
432 2174 465 2205 h.
482 2174 505 2205 l.
531 2179 741 2205 monuerunt.
767 2171 921 2204 Davisius

214 2218 346 2257 maluit,
369 2228 438 2260 qua
453 2218 528 2260 (pro
542 2220 617 2260 qai)
629 2220 665 2249 in
681 2219 728 2259 sl.
756 2219 821 2248 Rla.
844 2217 921 2258 infl.

216 2265 267 2295 M.
289 2264 372 2294 Sane
388 2273 428 2293 eo
445 2273 544 2294 sensu
561 2262 761 2293 sumendum
776 2261 810 2291 en)
822 2263 890 2302 qni.

250 2309 277 2339 Α
292 2308 368 2339 lacu
383 2307 641 2339 Lemanno-ad
648 2311 789 2338 montem
798 2306 821 2336 J
825 2314 922 2336 nram

213 2360 396 2382 —muram
406 2352 567 2392 perducit.
590 2350 665 2382 Non
677 2349 757 2381 satis
772 2350 919 2390 adparet,

212 2406 272 2427 cur
285 2394 396 2426 Caesar
408 2405 448 2426 ea
461 2394 675 2436 potissimum
690 2399 793 2435 parte,
809 2404 832 2424 a
845 2394 922 2424 loca

217 2441 386 2471 Lemanno
401 2438 445 2470 acl
460 2440 595 2477 Jaram,
619 2448 753 2470 murum
774 2437 919 2468 duxerit.

214 2483 302 2515 Nam
319 2482 346 2513 si
363 2493 494 2514 murum
509 2483 604 2514 duxit
618 2494 638 2515 a
653 2480 919 2523 septemtrionali

214 2538 273 2558 seu
299 2526 455 2558 ulteriore
478 2526 575 2558 litore
599 2528 691 2559 lacus
713 2527 754 2557 ad
770 2530 918 2556 montem

213 2572 342 2608 Juram,
366 2580 503 2601 necesse
528 2576 590 2611 est,
612 2571 685 2613 ejus
708 2569 845 2606 milites,
859 2569 917 2611 qui

213 2625 347 2647 murum
373 2619 574 2653 struxerunt,
596 2615 701 2646 fuisse
718 2620 804 2645 trans
823 2613 918 2644 Rho-

211 2660 333 2690 danum
348 2663 382 2689 et
397 2658 507 2689 lacum
522 2659 740 2690 Lemannum.
766 2659 830 2689 Sed
846 2667 918 2689 cer-

212 2709 283 2734 tum
300 2708 362 2739 est,
377 2712 436 2733 eos
451 2702 555 2733 fuisse
570 2703 620 2734 cis
638 2703 852 2740 Rhodanum,
875 2702 918 2733 ad

210 2747 467 2778 meridionalem
483 2746 556 2788 ejus
566 2746 686 2788 ripam,
699 2746 778 2788 quia
794 2746 919 2777 Helve-

211 2790 288 2830 tios,
309 2791 513 2822 Rhodanum
532 2791 669 2822 transire
687 2792 849 2829 volentes,
868 2800 918 2821 re-

210 2835 368 2876 pulerunt
389 2834 422 2865 in
444 2834 638 2866 ulteriorem
659 2835 779 2877 ripam.
825 2835 915 2876 Ergo

211 2878 273 2918 ibi,
299 2878 359 2911 ubi
383 2889 448 2911 non
472 2879 618 2918 fuerunt,
642 2889 708 2911 non
740 2884 918 2921 potuerunt

213 2933 344 2956 murum
374 2929 512 2956 struere.
565 2923 719 2963 Accedit,
745 2925 835 2966 quod
850 2923 916 2955 Dio

212 2966 304 3002 Cass.
320 2969 376 3008 38,
388 2972 442 3007 32,
463 2968 588 3003 diserte
610 2968 707 3010 dicit,
729 2967 919 3008 Helvetios,

994 1348 1055 1379 per
1094 1338 1315 1381 Allobrogum
1361 1339 1446 1371 fines
1491 1345 1700 1371 transeuntes

992 1392 1125 1413 murum
1148 1383 1347 1423 oppositum
1372 1383 1564 1415 offendisse.
1612 1385 1702 1421 Ergo

991 1425 1055 1456 fuit
1079 1437 1193 1457 murus
1218 1427 1279 1463 ibi,
1305 1426 1363 1457 ubi
1388 1433 1464 1458 sunt
1486 1424 1703 1468 Allobroges,

991 1469 1143 1510 adeoque
1169 1469 1218 1501 cis
1247 1471 1460 1502 Rhodanum.
1507 1471 1600 1502 Alias
1614 1471 1701 1501 diffi-

992 1514 1133 1544 cultates
1152 1514 1292 1545 Vossius
1310 1514 1479 1552 indicavit,
1496 1526 1570 1555 quae
1588 1520 1699 1546 tamen

992 1563 1160 1591 corruunt,
1172 1558 1198 1588 si
1211 1569 1246 1588 su
1255 1569 1361 1598 pra‚c.
1371 1561 1400 1594 (ἶ,
1412 1569 1489 1588 cum
1498 1558 1702 1598 metaphrasi

992 1600 1109 1631 Graeca
1127 1602 1264 1632 Rlzenne
1280 1611 1340 1641 pro
1361 1602 1543 1632 Rhodanus
1559 1602 1700 1642 legatur.

992 1644 1066 1685 Ego
1081 1655 1168 1682 eam,
1189 1655 1263 1685 quae
1285 1644 1371 1675 mihi
1394 1644 1592 1685 gravissima
1607 1645 1702 1676 vide-

991 1686 1098 1727 batur,
1116 1688 1273 1719 indicavi.
1318 1688 1404 1719 Cum
1415 1700 1494 1727 ergo
1507 1699 1620 1720 murus
1634 1699 1700 1721 non

991 1732 1088 1770 ultra,
1114 1734 1171 1763 sed
1197 1732 1245 1763 cis
1274 1733 1477 1764 Rhodanum
1499 1734 1620 1764 ductus
1644 1734 1699 1772 sit,

990 1775 1048 1806 ubi
1074 1783 1204 1808 montes
1224 1777 1361 1819 quidem
1384 1783 1470 1815 sunt,
1492 1778 1551 1807 sed
1576 1778 1700 1816 nullus,

990 1821 1046 1861 qui
1065 1821 1188 1852 dicitur
1202 1822 1303 1852 Jura:
1329 1821 1545 1862 perspicuum
1562 1826 1624 1855 est.
1640 1832 1700 1852 no-

990 1875 1065 1895 men
1083 1867 1172 1896 ,lura
1187 1877 1261 1896 esse
1276 1864 1437 1896 vitiosum
1458 1871 1492 1895 et
1506 1865 1699 1897 delendum.

991 1908 1025 1939 Si
1057 1909 1121 1940 hoc
1151 1910 1291 1947 deletur,
1331 1909 1444 1940 omnia
1473 1919 1607 1950 quoque
1640 1909 1699 1940 illa

990 1953 1104 1992 verba,
1130 1956 1188 1994 qni
1196 1955 1280 1994 fines
1298 1955 1531 1994 Sequanorum
1545 1954 1587 1984 ab
1615 1955 1699 1984 Hel·

988 2000 1076 2029 vetii-s·
1098 1998 1223 2036 divicle't,
1249 1998 1390 2028 delenda
1412 2002 1505 2027 sunt:
1529 2007 1605 2027 nam
1625 1998 1696 2029 haee

989 2041 1182 2073 describunt
1198 2046 1347 2072 montem
1371 2041 1502 2079 Juram,
1526 2041 1583 2082 qui
1608 2046 1697 2072 trans

991 2087 1193 2117 Rhodanum
1210 2091 1278 2124 est3
1304 2086 1362 2116 sed
1386 2094 1472 2116 nunc
1499 2091 1629 2116 montes
1650 2085 1700 2117 cis

993 2131 1194 2161 Rhodanum
1219 2135 1292 2160 sunt
1321 2129 1541 2170 intelligendi.
1604 2129 1696 2160 Idem

992 2174 1131 2205 Vossius
1148 2174 1288 2213 viderat,
1310 2173 1423 2209 verba,
1443 2175 1500 2214 qm',
1516 2176 1580 2214 fin.
1599 2175 1697 2214 Seqa.

988 2220 1030 2250 ab
1050 2220 1176 2250 Hele-et.
1192 2219 1263 2249 dia.
1279 2228 1353 2249 esse
1370 2218 1530 2255 delenda3
1556 2218 1614 2248 sed
1631 2227 1697 2249 non

988 2263 1125 2300 viderat,
1141 2262 1241 2293 etiam
1257 2262 1397 2293 verbum
1411 2262 1534 2292 Jaram
1544 2271 1617 2292 esse
1635 2261 1699 2292 tol-

988 2308 1142 2338 lendum:
1168 2307 1305 2337 finxerat
1331 2305 1457 2346 potius,
1486 2311 1617 2336 montes
1646 2304 1698 2336 cis

991 2351 1194 2382 Rhodanum
1217 2350 1319 2381 etiam
1343 2349 1454 2380 dictos
1466 2360 1541 2379 esse
1564 2350 1697 2381 Juram.

988 2395 1089 2433 Quod
1110 2394 1137 2426 si
1163 2395 1195 2425 in
1220 2399 1288 2426 tam
1309 2394 1454 2425 obscura
1477 2403 1513 2424 re
1537 2392 1616 2424 licet
1635 2393 1698 2424 ali-

986 2440 1067 2481 quid
1084 2438 1300 2477 constituere,
1316 2437 1451 2469 omissis
1466 2436 1519 2476 iis,
1533 2447 1607 2477 quae
1623 2436 1695 2467 dixi

986 2484 1171 2515 omittenda
1187 2494 1274 2521 esse,
1300 2483 1414 2513 locum
1439 2480 1487 2512 sic
1513 2481 1695 2522 legendum

987 2534 1068 2569 puto
1082 2540 1089 2558 ι
1114 2539 1136 2559 a
1148 2529 1224 2559 lacu,
1241 2528 1421 2563 Lemanno,
1436 2526 1493 2566 qai
1508 2527 1542 2555 in
1557 2526 1696 2565 ‚alimen

988 2573 1189 2604 Rhodanum
1218 2572 1343 2613 influit,
1373 2571 1418 2601 cul
1445 2574 1568 2599 montes
1601 2569 1695 2600 mitia

978 2626 1140 2658 passuum
1283 2624 1422 2646 marum
1553 2612 1696 2652 fossam-

984 2671 1048 2702 qae
1058 2660 1219 2702 perducit.
1267 2659 1331 2690 Sed
1348 2657 1455 2688 tutius
1472 2657 1612 2687 sortasse
1629 2660 1693 2694 est,

984 2715 1062 2736 cum
1089 2703 1227 2735 Davisio
1259 2708 1293 2734 et
1316 2701 1454 2733 Clarkio
1484 2699 1592 2738 fateri,
1625 2709 1692 2730 non

983 2760 1058 2780 esse
1082 2749 1195 2779 locum
1225 2746 1444 2789 perspicuum
1472 2743 1564 2778 satis,
1583 2754 1692 2784 neque

983 2803 1082 2835 posse
1098 2791 1211 2823 omnia
1225 2788 1390 2832 expediri.
1413 2789 1462 2820 M.
1506 2787 1598 2819 Mihi
1614 2797 1695 2818 eum

984 2836 1113 2868 Hausio
1130 2836 1176 2867 ita
1191 2836 1333 2867 videtur.
1367 2834 1401 2864 ln
1417 2833 1490 2874 ripa
1504 2831 1694 2864 Genevensi

981 2883 1100 2914 ductus
1130 2881 1194 2912 fuit
1223 2890 1336 2911 murus
1364 2888 1384 2909 a
1413 2878 1488 2909 lacu
1519 2877 1693 2908 Lemanno

981 2927 1025 2958 ad
1041 2926 1159 2958 Juram
1175 2925 1233 2963 ita,
1257 2929 1295 2955 ut
1318 2923 1404 2955 inter
1417 2932 1550 2954 murum
1565 2921 1619 2952 vel
1634 2931 1694 2962 ag-

979 2981 1093 3014 gerem
1131 2975 1166 3003 et
1198 2973 1361 3009 montem,
1390 2967 1433 3000 ad
1460 2966 1559 3010 cujus
1588 2965 1694 3009 pedes
