1992 3271
263 219 323 261 30
670 215 753 260 DE
785 212 988 257 BELLO
1021 214 1313 259 GALLICO.

265 343 415 385 timere
431 340 643 384 dicebant.
708 339 921 382 Nonnulli
939 339 1067 381 etiam
1082 339 1240 383 Caesari
1256 340 1581 392 renunciabant,
1594 357 1733 400 quum

265 410 403 443 castra
421 399 583 442 moveri
604 414 653 440 ac
674 397 794 456 signa
812 399 915 440 ferri
929 398 1132 456 jussisset,
1163 414 1249 441 non
1269 399 1361 442 fore
1380 399 1498 444 dicto
1514 400 1732 444 audientes

265 460 436 506 milites,
458 473 534 500 nec
553 465 738 515 propter
759 457 957 500 timorem
974 457 1093 514 signa
1110 457 1288 500 laturos.

318 518 389 558 40.
413 516 520 558 Haec
532 532 670 574 quum
682 515 1061 564 animadvertisset,
1075 525 1308 560 convocato
1322 516 1512 567 consilio,
1524 516 1731 561 omnium-

260 589 345 630 que
362 574 562 617 ordinum
574 574 629 617 ad
645 574 687 616 id
703 574 926 617 consilium
938 573 1137 616 adhibitis
1147 574 1499 625 centurionibus,
1512 576 1734 622 vehemen-

260 640 326 673 ter
344 649 415 676 eos
436 632 668 676 incusavit:
715 640 744 659 “
762 633 972 681 Primum,
987 632 1120 690 quod,
1142 642 1218 675 aut
1236 650 1366 691 quam
1385 634 1428 676 in
1448 643 1633 692 partem,
1654 643 1734 678 aut

260 696 289 714 ‘⁶
312 708 401 749 quo
423 691 597 735 consilio
617 692 894 742 ducerentur,
925 691 1006 733 sibi
1036 692 1316 749 quaerendum
1346 701 1424 735 aut
1455 693 1733 751 cogitandum

258 755 288 774 ‘⁶
311 759 532 807 putarent.
566 750 872 799 'Ariovistum‚
919 765 962 792 se
1012 749 1216 800 Consule,
1261 751 1530 809 cupidissime
1572 751 1735 809 Populi

258 814 286 832 “
312 808 496 851 Romani
528 809 757 851 amicitiam
788 809 1018 866 adpetisse;
1059 824 1138 850 cur
1170 808 1284 852 hunc
1314 819 1403 852 tam
1429 818 1589 852 temere
1618 809 1733 868 quis-

257 873 287 892 “
310 884 441 925 quam
462 867 518 909 ab
539 867 678 910 officio
698 867 980 909 discessurum
1007 867 1246 925 judicaret?
1299 868 1393 910 Sibi
1428 868 1602 926 quidem
1635 883 1732 926 per-

257 932 285 950 “
308 926 491 976 suaderi,
513 926 695 983 cognitis
710 925 795 968 suis
816 925 1044 984 postulatis
1064 934 1196 983 atque
1213 927 1418 984 aequitate
1437 926 1733 969 conditionum

256 990 284 1009 “
308 993 551 1043 perspecta,
573 1000 673 1026 eum
692 1000 832 1042 neque
852 1000 987 1034 suam,
1007 1000 1146 1041 neque
1167 984 1327 1042 Populi
1348 984 1531 1028 Romani
1548 985 1733 1042 gratiam

254 1050 283 1068 ‘⁶
308 1044 654 1101 repudiaturum.
718 1043 848 1092 Quod
888 1043 920 1085 si
955 1043 1102 1085 furore
1143 1051 1276 1101 atque
1311 1044 1496 1086 amentia
1534 1043 1733 1102 inpulsus

254 1108 282 1127 ‘⁴
306 1101 473 1144 bellum
494 1102 721 1150 intulisset,
744 1101 850 1159 quid
871 1101 1042 1144 tandem
1062 1106 1342 1144 vererentur?
1387 1111 1466 1144 aut
1486 1117 1565 1144 cur
1583 1102 1637 1144 de
1654 1117 1733 1144 sua

254 1167 283 1185 ‘⁶
305 1160 487 1211 virtute,
508 1169 586 1202 aut
603 1160 655 1202 de
674 1160 807 1217 ipsius
826 1159 1064 1217 diligentia,
1085 1159 1388 1217 desperarent?
1438 1160 1622 1203 Factum
1641 1160 1732 1218 ejus

253 1225 282 1243 ‘⁶
306 1218 437 1261 hostis
488 1219 732 1277 periculum
785 1226 962 1275 patrum
1010 1227 1257 1260 nostrorum
1306 1219 1525 1268 memoria,
1576 1234 1730 1276 quum,

253 1285 282 1303 ‘⁶
309 1277 497 1320 Cimbris
513 1286 558 1320 et
571 1275 777 1319 Teutonis
793 1292 817 1318 a
836 1276 888 1318 C.
908 1276 1053 1318 Mario
1071 1276 1220 1333 pulsis,
1234 1291 1319 1318 non
1335 1277 1543 1319 minorem
1559 1275 1731 1319 laudem

251 1343 281 1362 ‘⁶
304 1336 531 1385 exercitus,
551 1335 710 1393 quami
746 1351 788 1376 se
811 1333 1071 1391 Imperator,
1088 1334 1267 1375 meritus
1283 1334 1534 1376 videbatur:
1566 1334 1731 1377 factum

251 1403 281 1420 “
303 1395 432 1436 etiam
464 1409 605 1451 nuper
638 1393 680 1434 in
702 1351 829 1434 Istalia
857 1391 1001 1433 servili
1023 1392 1234 1441 tumultu,
1270 1408 1378 1449 quos
1404 1401 1546 1435 tamen
1566 1391 1730 1451 aliquid

251 1460 278 1478 “
304 1469 404 1494 usus
425 1468 474 1494 ac
493 1451 733 1508 disciplina,
768 1465 900 1507 quam
930 1466 955 1492 a
976 1450 1099 1492 nobis
1127 1450 1404 1508 accepissent,
1436 1451 1727 1495 sublevarent.

250 1519 278 1537 ‘⁶
303 1511 370 1552 Ex
403 1527 491 1568 quo
521 1509 704 1568 judicari
730 1518 889 1566 posset,
923 1517 1137 1566 quantum
1164 1508 1342 1552 haberet
1374 1509 1415 1553 in
1444 1526 1487 1552 se
1508 1510 1611 1554 boni
1631 1526 1730 1554 con-

250 1578 277 1595 “
300 1570 478 1618 stantia3
531 1577 767 1626 propterea
807 1566 940 1624 quod,
975 1583 1084 1625 quos
1119 1567 1385 1624 aliquamdiu
1422 1568 1606 1611 inermos
1641 1569 1729 1612 sine

248 1636 277 1654 “
300 1643 447 1670 caussa
468 1627 722 1675 timuissent,
755 1625 831 1668 hos
865 1634 1019 1683 postea
1041 1634 1228 1668 armatos
1261 1642 1310 1668 ac
1330 1626 1514 1669 victores
1534 1642 1728 1684 superas-

247 1695 276 1713 “
299 1694 407 1728 sent.
472 1685 673 1742 Denique
705 1684 780 1726 hos
812 1699 900 1726 esse
930 1683 1114 1733 eosdem,
1147 1684 1406 1741 quibuscum
1431 1700 1725 1742 saepenumero

246 1754 274 1771 ‘⁶
301 1744 493 1786 Helvetii
513 1743 743 1801 congressi,
776 1758 861 1785 non
887 1742 1027 1784 solum
1054 1743 1098 1784 in
1118 1743 1218 1792 suis,
1245 1743 1317 1785 sed
1337 1743 1466 1787 etiam
1486 1743 1529 1785 in
1548 1743 1724 1787 illorum

245 1812 274 1830 “
297 1803 469 1853 finibus,
493 1802 751 1860 plerumque
772 1801 1034 1858 superarint,
1064 1801 1141 1858 qui
1161 1810 1303 1843 tamen
1323 1816 1446 1859 pares
1466 1817 1552 1844 esse
1573 1811 1721 1845 nostro

246 1870 274 1889 ‘⁶
297 1861 489 1904 exercitu
527 1875 613 1903 non
650 1860 889 1918 potuerint.
953 1859 1000 1901 Si
1037 1875 1148 1916 quos
1178 1859 1405 1902 adversum
1441 1860 1646 1918 proelium
1681 1871 1726 1904 et

247 1929 276 1948 ‘⁶
298 1921 404 1979 fuga
443 1918 676 1962 Gallorum
707 1925 1012 1968 commoveret,
1045 1917 1138 1968 hos,
1173 1919 1207 1961 si
1242 1928 1502 1976 quaererent‚
1534 1920 1727 1978 reperire

1018 2044 1114 2076 C.H.
1131 2045 1307 2085 legendum
1318 2045 1450 2087 sactum
1469 2045 1567 2077 idem.
1611 2046 1674 2078 Sed
1690 2045 1722 2078 id

1017 2089 1230 2120 subauditur.

1065 2134 1190 2174 Nuper,
1229 2138 1306 2173 post
1334 2132 1544 2164 Cimbricum
1582 2132 1724 2173 bellum,

293 2050 404 2083 Quum
419 2046 707 2078 animadvertisset.
755 2045 866 2087 Vulgo
895 2046 952 2076 ad-

246 2094 325 2124 dunt
353 2094 474 2128 Caesar,
494 2091 586 2131 quod
610 2089 728 2131 scripti
751 2099 818 2121 non
834 2099 953 2131 agnos-

247 2141 337 2168 cunt.

294 2180 430 2211 Consilio
446 2194 489 2201 ·-
503 2179 681 2209 eonsilium.
722 2176 775 2209 Sic
793 2177 868 2208 edd.
884 2182 951 2208 vet.

245 2229 277 2255 et
293 2223 390 2254 codd.
409 2221 570 2262 potiores.

292 2263 951 2302 Omniamordinum,i.e.,centuriarum.

246 2311 289 2341 Et
305 2320 381 2341 cum
400 2309 529 2350 priores
546 2307 695 2348 cujusvis
715 2308 861 2350 legionis
876 2318 954 2339 ecn-

246 2354 342 2386 turiae
383 2352 505 2384 fuerint
540 2351 747 2383 honestiores
785 2351 952 2393 (digniore

243 2398 363 2441 gradu)
384 2396 518 2433 ceteris,
533 2395 676 2435 ideoque
694 2396 859 2436 primores
875 2407 953 2426 cen-

244 2442 392 2475 turiones
407 2440 528 2472 ceteris
544 2439 669 2470 honore
683 2439 826 2480 praelati,
842 2444 953 2479 potest

246 2487 330 2518 illud
351 2486 499 2517 ommam
522 2483 676 2514 ordinum
699 2482 803 2513 etiam
828 2482 953 2524 signifi-

245 2541 333 2569 care,
347 2530 494 2561 omnium
506 2527 688 2569 φάιίιιιιηι.
714 2528 764 2557 Μ.

292 2573 478 2606 Postulatis.
524 2570 576 2601 Cf.
593 2581 624 2601 c.
642 2572 695 2600 35.
720 2571 770 2601 M.

292 2620 345 2649 De
371 2627 433 2647 sua
459 2613 638 2654 (militum)
663 2616 794 2651 virtute,
825 2618 884 2645 aul
911 2614 951 2645 ‹lc›

242 2663 342 2703 ipsium
357 2658 530 2699 (Caesaris)
542 2659 721 2699 diligentia.
744 2658 795 2688 M.

294 2706 367 2736 Non
381 2705 463 2734 min.
478 2703 622 2740 lamlem,
637 2708 701 2732 etc.
758 2700 834 2731 Alia
851 2699 951 2731 tradit

247 2747 377 2784 Celsus,
394 2758 429 2787 p.
448 2750 500 2777 34.
515 2752 548 2776 et
565 2746 655 2776 Plut.
671 2756 703 2775 v.
720 2743 806 2775 Cres.
825 2755 854 2775 c.
877 2745 927 2774 19.

299 2792 485 2821 fidebatur.
520 2789 602 2830 Leg.
616 2789 783 2820 ridebaur.
822 2788 950 2819 Etiam-

204 2868 205 2872 ,
246 2845 325 2865 num
341 2845 410 2865 rem
427 2833 649 2864 indicantibus
672 2833 714 2864 ita
730 2833 873 2864 videtur.
899 2832 948 2862 M.

247 2878 311 2909 Sed
340 2877 373 2908 iu
398 2878 533 2918 vulgato
560 2877 768 2908 consentiunt
790 2877 889 2908 codd.
919 2881 952 2906 et

244 2923 322 2954 edd.

293 2968 434 2999 Factam
454 2967 553 2998 etiam
577 2974 694 3007 nuper.
739 2963 902 3006 Praecipit
924 2964 950 2996 Ι.

1018 2175 1110 2208 bello
1127 2176 1252 2214 sewili,
1267 2177 1357 2218 quod
1373 2176 1406 2207 in
1418 2176 1575 2218 Epitome
1591 2179 1632 2209 97
1646 2177 1723 2209 Liv.

1017 2219 1166 2252 historiae
1189 2227 1392 2252 memoratur
1415 2226 1448 2251 et
1473 2231 1493 2252 a
1515 2220 1620 2252 servis
1642 2221 1723 2252 Ger-

1017 2264 1137 2303 manis,
1163 2264 1273 2306 captis
1301 2275 1320 2296 a
1350 2264 1472 2302 Mario,
1502 2270 1632 2304 gestum
1660 2272 1721 2296 est.

1016 2308 1132 2349 Itaque
1146 2307 1257 2339 Caesar
1272 2309 1334 2339 hoc
1345 2308 1501 2348 exemplo
1511 2309 1724 2346 demonstrat,

1016 2351 1104 2382 vinci
1121 2353 1303 2383 Germanos
1320 2362 1431 2392 posse.
1468 2353 1586 2383 cellar.
1631 2353 1721 2384 Idem

1015 2395 1208 2433 Glareanos‚
1230 2394 1454 2436 Glandorpius
1478 2400 1510 2426 et
1536 2396 1721 2428 Hotoman-

1014 2448 1076 2470 nus
1092 2446 1296 2470 monuerant.
1320 2440 1370 2469 Μ.

1063 2485 1150 2518 Quos
1173 2493 1220 2513 sc.
1237 2492 1363 2514 servos.
1386 2483 1436 2513 M.

1062 2527 1206 2568 Aliquid.
1230 2526 1285 2558 Sic
1299 2527 1397 2557 codd.
1411 2532 1444 2557 et
1455 2526 1530 2558 edd.
1540 2532 1608 2559 vet.
1619 2526 1721 2568 vulgo

1014 2572 1146 2611 aliquis.

1064 2615 1287 2646 sublevarent.
1318 2613 1627 2656 Leg.811blet·arint.
1652 2615 1720 2646 Res

1016 2658 1184 2698 praeterita
1199 2664 1261 2688 est.
1284 2659 1334 2688 M.

1063 2702 1262 2740 Constantia,
1291 2701 1422 2733 animus
1451 2701 1648 2744 intrepidus.
1683 2706 1722 2733 ut

1013 2746 1104 2785 apud
1119 2745 1213 2776 Curt.
1229 2749 1258 2783 53,
1280 2747 1329 2776 12.

1065 2789 1141 2820 Esse
1163 2789 1299 2821 eosdem.
1348 2789 1458 2830 Vulgo
1479 2789 1613 2826 addunt,
1641 2790 1720 2821 Ger·

1016 2842 1140 2863 manos.
1172 2834 1221 2863 M.
1281 2832 1393 2864 Etiam
1433 2833 1507 2864 edd.
1537 2838 1604 2863 vet.
1640 2833 1720 2864 Ger-

1017 2886 1131 2906 manos
1147 2877 1201 2908 hos
1216 2887 1280 2908 esse
1293 2877 1428 2908 eosdem.

1065 2920 1146 2994 ilde.
1167 2922 1261 2961 proel.
1284 2926 1314 2954 et
1325 2921 1412 2963 fuya
1432 2921 1520 2954 Gale.
1562 2919 1615 2952 Cf.
1630 2930 1660 2953 c.
1678 2922 1715 2952 31

1014 2968 1047 2995 el.
1086 2966 1116 2994 5.
1141 2964 1192 2996 fll-
