1946 3261
278 216 362 260 546
616 215 699 258 DE
732 209 936 257 BELLO
970 210 1395 262 HISPANIENSI.

285 357 382 386 nem
403 346 447 381 et
466 353 550 381 non
570 339 709 382 minus
730 340 940 398 copiosam
960 341 1249 399 aquationem.
1315 343 1400 386 Hic
1425 343 1552 385 etiam
1571 351 1751 402 propter

283 399 567 442 barbarorum
587 399 758 441 crebras
777 400 1042 443 excursiones
1063 401 1203 443 omnia
1219 400 1329 451 loca,
1359 417 1454 460 quae
1473 408 1573 444 sunt
1599 399 1656 443 ab
1676 414 1751 468 op-

285 455 396 515 pidis
415 463 599 507 remota,
627 457 820 500 turribus
841 467 884 500 et
903 458 1211 502 munitionibus
1233 460 1475 503 retinentur
1495 467 1555 510 et,
1579 458 1691 501 sicut
1708 473 1751 502 in

286 514 452 563 Africa,
479 515 649 568 rudere,
666 516 760 559 'non
779 517 935 575 tegulis
956 526 1183 575 teguntur3
1213 518 1424 576 simulque
1451 518 1492 560 in
1511 517 1575 560 his
1593 515 1754 560 habent

282 572 475 631 speculas
508 581 553 616 et
591 583 774 632 propter
808 575 1080 618 altitudinem
1112 575 1238 633 longe
1269 576 1442 634 lateque
1470 575 1752 635 prospiciunt.

284 630 395 673 Item
426 631 686 690 oppidorum
721 649 876 690 magna
909 650 1008 691 pars
1038 633 1125 692 ejus
1157 634 1388 692 provinciae
1419 634 1633 677 montibus
1665 628 1756 676 fere

286 691 452 732 munita
480 697 524 732 et
557 698 711 733 natura
741 691 1046 735 excellentibus
1065 691 1167 735 locis
1187 701 1251 736 est
1280 693 1528 741 constituta,
1559 699 1609 734 ut
1629 690 1757 735 simul

285 747 430 790 aditus
458 748 764 805 adscensusque
800 748 956 792 habeat
985 749 1188 793 difficiles.
1251 750 1319 793 lta
1348 751 1404 793 ab
1423 748 1757 809 obpugnationi-

286 806 368 850 bus
394 814 550 849 natura
578 807 660 850 loci
680 807 953 859 distinemur,
984 818 1036 852 ut
1063 809 1259 851 civitates
1282 809 1499 867 Hispaniae
1528 823 1612 851 non
1632 808 1758 851 facile

276 865 344 908 'ab
359 864 478 907 hoste
497 865 739 923 capiantur:
772 866 814 909 id
836 866 953 924 quod
975 866 1018 909 in
1038 866 1116 909 hoc
1138 868 1322 926 contigit
1339 867 1467 910 bello.
1531 866 1662 916 Nam,
1681 866 1759 910 ubi

286 922 400 966 inter
421 924 637 982 Ateguam
663 933 706 967 et
729 925 935 975 Ucubim,
969 941 1064 982 quae
1096 925 1256 984 oppida
1290 942 1421 984 supra
1450 932 1550 967 sunt
1580 924 1758 982 scripta,

286 981 517 1040 Pompeius
535 981 689 1024 habuit
709 992 847 1025 castra
865 984 1099 1026 constituta
1122 985 1164 1026 in
1186 993 1415 1042 conspectu
1430 984 1615 1026 duorum
1635 982 1757 1042 oppi-

283 1039 454 1089 dorum,
485 1039 541 1082 ab
568 1041 651 1083 suis
667 1041 814 1083 castris
831 1041 1000 1084 circiter
1018 1043 1133 1084 milia
1154 1057 1353 1101 passuum
1371 1049 1559 1100 quatuor
1579 1054 1758 1100 grumus

284 1106 349 1141 est
381 1098 589 1140 excellens
620 1107 791 1148 natura,
824 1100 899 1158 qui
929 1099 1174 1159 adpellatur
1205 1109 1342 1143 castra
1371 1100 1665 1143 Postumiana:
1698 1098 1757 1142 ibi

285 1156 468 1215 proesidii
490 1172 635 1198 caussa
654 1157 874 1200 castellum
894 1158 1038 1201 Caesar
1059 1157 1210 1201 habuit
1231 1159 1527 1202 constitutum.

345 1214 384 1257 9.
421 1214 665 1272 Pompeius,
703 1216 777 1274 qui
812 1214 960 1259 eodem
991 1217 1098 1275 jugo
1128 1218 1361 1275 tegebatur
1393 1217 1474 1260 loci
1506 1224 1665 1259 natura
1697 1223 1758 1285 etz

288 1272 406 1373 guod
437 1281 646 1315 remotum
682 1283 777 1316 erat
808 1291 834 1317 a
861 1275 1008 1317 castris
1039 1276 1233 1325 Caesaris,
1271 1275 1639 1318 animadvertebat
1675 1271 1760 1318 loci

280 1344 284 1346 ’
318 1330 602 1382 ifficultatem,
622 1340 681 1381 et,
702 1332 818 1389 quod
840 1332 1012 1376 flumine
1032 1334 1152 1376 Salso
1170 1333 1557 1382 intercludebatur,
1572 1346 1655 1376 non
1673 1347 1763 1376 esse

290 1389 612 1432 commissurum
636 1390 861 1441 Caesarem,
893 1399 941 1433 ut
972 1393 1014 1434 in
1047 1401 1167 1434 tanta
1193 1391 1277 1435 loci
1307 1391 1561 1435 difficultate
1585 1390 1640 1435 ad
1660 1391 1760 1434 sub-

286 1447 440 1490 sidium
461 1447 800 1492 submittendum
821 1465 863 1493 se
882 1450 1087 1493 mitteret.
1139 1450 1226 1493 Ista
1245 1450 1381 1493 fretus
1401 1450 1615 1509 opinione,
1630 1448 1761 1493 tertia

288 1506 436 1565 vigilia
457 1507 693 1564 profectus,
711 1508 933 1551 castellum
952 1509 1205 1567 obpugnare
1226 1510 1374 1568 coepit,
1392 1517 1440 1551 ut
1461 1507 1761 1552 laborantibus

288 1574 569 1609 succurreret.
620 1565 786 1616 Nostri,
804 1582 939 1625 quum
957 1567 1388 1627 adpropinquassent,
1406 1566 1592 1628 clamore
1607 1580 1758 1627 repen-

286 1718 538 1762 fecunditatem,
553 1722 586 1747 et
603 1717 704 1758 paulo
723 1721 798 1757 post
812 1726 878 1748 non
893 1719 994 1748 nimis

296 1763 460 1803 copiosam
489 1770 569 1801 aqu.
602 1759 781 1801 legendum
810 1759 928 1797 videri,
960 1766 993 1791 et

296 1805 425 1837 confert
436 1803 586 1835 Strabon.
601 1803 623 1834 l.
638 1805 668 1833 3.
686 1803 729 1834 in.
749 1805 799 1835 Μ.
837 1803 993 1844 Sifecun-

297 1850 433 1880 dilatem
449 1848 587 1879 retinere
602 1846 712 1884 malis,
725 1846 867 1887 intelligi
884 1852 994 1888 potest

297 1894 337 1924 de
361 1898 445 1923 terra
467 1890 617 1932 glebosa,
639 1892 816 1928 fruniento,
843 1890 993 1931 frugibus

297 1935 441 1968 serendis
481 1940 573 1976 apta,
609 1934 791 1975 aggeribus
831 1933 994 1965 struendis

299 1979 408 2012 minus
425 1979 558 2010 idonea.
583 1979 666 2009 Oud.

344 2024 540 2055 Retineneur
561 2021 604 2053 ab
625 2021 744 2053 incolis
766 2020 800 2052 in
818 2027 995 2064 potestate,

298 2067 527 2098 defenduntur.
550 2067 599 2097 M.

346 2111 489 2142 Radere.
513 2110 551 2140 B.
569 2109 665 2140 Alex.
681 2120 710 2140 c.
733 2112 759 2140 l.
783 2109 832 2141 M.

345 2154 560 2185 Distinentur
576 2153 699 2184 hostes.
723 2154 761 2183 Μ
765 2177 771 2183 .

348 2197 396 2228 Ab
413 2198 510 2228 hoste.
549 2196 617 2227 Alii
633 2197 674 2227 ub
691 2197 846 2228 hostibus.

347 2240 390 2272 Id
417 2241 507 2282 quod
531 2242 566 2270 in
588 2241 620 2271 11.
649 2241 780 2280 conriqir
804 2241 897 2272 bello.
943 2240 997 2272 Sic

303 2283 422 2316 Clarke
446 2294 464 2315 e
487 2283 585 2314 codd.
626 2281 679 2314 Cf.
695 2289 762 2314 not.
783 2284 822 2314 ad
840 2283 879 2316 C.
897 2288 927 2322 3,
945 2287 998 2316 43.

305 2328 417 2369 Vulgo
431 2327 516 2369 quod
532 2327 660 2358 accidet.

354 2372 513 2403 Grumus.
543 2369 585 2401 V.
603 2369 670 2401 [nd.
687 2370 842 2410 Etymon.
869 2371 1000 2402 Nonius

303 2415 414 2448 Marc.
430 2414 524 2445 ducit
536 2423 556 2445 a
571 2416 720 2454 conyerie
735 2420 765 2444 et
779 2424 932 2455 aggerem
952 2415 999 2446 in-

304 2463 509 2500 terpretatur.
545 2459 746 2489 Grumorum
762 2460 904 2489 tinnulos
920 2459 999 2490 dicit

309 2502 438 2535 vitruv.
454 2504 485 2539 8.
501 2504 530 2532 3.
557 2500 598 2532 V.
615 2507 647 2531 et
666 2500 749 2531 infra
765 2511 795 2531 c.
811 2505 863 2531 2-1.

353 2548 417 2581 Qui
429 2545 553 2577 eodem.
600 2543 670 2575 Alii
685 2544 786 2585 quod.

355 2589 651 2621 Interclmlebatur.
688 2589 767 2619 Post
780 2586 919 2619 verbum
935 2589 1000 2619 hoc

304 2632 564 2674 intelligendum
579 2631 653 2670 erit,
664 2631 816 2674 putabat,
827 2633 915 2672 quod
929 2643 1003 2663 eru-

309 2677 431 2708 endum
455 2681 504 2707 est
528 2687 546 2707 e
566 2675 737 2716 superiore
761 2676 1004 2708 animadverte-

305 2721 373 2752 bat.
398 2721 447 2751 M.

357 2764 408 2795 Ad
419 2762 599 2794 subsidium
612 2761 870 2794 submittendum
882 2771 915 2792 se
929 2765 1005 2793 mit-

310 2812 400 2839 teret.
445 2805 536 2837 Miro
553 2806 710 2848 loquendi
731 2805 827 2844 ratio,
849 2815 926 2836 cum
946 2816 1005 2846 po-

311 2849 377 2882 tius
399 2851 567 2883 demittere
580 2859 612 2881 se
635 2851 677 2882 ad
694 2850 811 2881 duram
836 2847 1005 2881 conditio-

308 2896 386 2926 nem
406 2893 544 2933 dicatur,
567 2893 626 2935 qui
650 2892 823 2928 difficilem
845 2902 915 2926 rem
932 2903 1004 2925 sus-

1058 1716 1157 1758 cipit,
1171 1727 1272 1758 seque
1287 1716 1439 1758 periculo
1453 1716 1606 1759 exponit.
1641 1716 1707 1748 sed
1723 1714 1759 1749 in

1061 1761 1138 1791 cod.
1155 1760 1259 1791 Norv.
1281 1767 1313 1791 et
1339 1762 1450 1792 Petav.
1468 1760 1597 1801 legitur,
1620 1759 1665 1792 ad
1685 1759 1759 1791 sub-

1059 1804 1181 1835 sidium
1204 1806 1349 1842 1·miret;
1378 1813 1580 1845 quamquam
1605 1812 1666 1834 nec
1694 1802 1758 1834 hoc

1061 1847 1141 1878 satis
1159 1847 1314 1878 Latinum
1337 1854 1399 1878 est.
1422 1849 1473 1879 Μ.
1519 1847 1589 1879 Alii
1612 1849 1762 1878 commit—

1057 1892 1203 1922 tendam.
1220 1902 1253 1921 se
1268 1893 1413 1923 mitteret.
1436 1891 1503 1922 sere.
1520 1898 1556 1922 ut
1567 1891 1679 1922 Germ.
1690 1891 1760 1921 sich

1061 1936 1269 1965 anschickeu.
1320 1935 1414 1966 Alias
1432 1935 1524 1975 ferre
1544 1946 1587 1972 se,
1610 1934 1693 1966 dare
1717 1943 1759 1971 se,

1060 1983 1232 2018 reportare
1255 1989 1298 2009 se.
1343 1978 1398 2009 Cf.
1415 1987 1491 2019 cap.
1508 1981 1537 2010 4.
1585 1978 1648 2009 Sed
1665 1977 1761 2009 aliud

1061 2021 1117 2052 liic
1135 2022 1225 2059 latet,
1242 2020 1472 2063 Oud.judice.

1111 2066 1288 2097 Castellum
1303 2066 1376 2107 obp.
1390 2066 1482 2108 erepit
1504 2071 1569 2097 etc.
1615 2063 1697 2097 Haec
1713 2064 1762 2096 ita

1065 2108 1189 2150 scripta
1218 2114 1304 2147 sunt,
1334 2115 1368 2140 ut
1397 2118 1461 2140 non
1487 2108 1568 2140 satis
1591 2108 1762 2150 adpareat,

1063 2151 1149 2193 quis.
1172 2152 1266 2193 quid,
1287 2153 1456 2193 quomodo
1478 2152 1595 2184 fecerit
1612 2157 1670 2183 aut
1685 2161 1762 2194 per-

1065 2206 1181 2238 pessus
1197 2196 1248 2227 sit.
1294 2195 1420 2227 Omnes
1438 2196 1681 2237 explicationes
1694 2203 1762 2227 nou

1065 2246 1132 2270 tam
1158 2240 1191 2271 in
1210 2237 1320 2271 verbis
1343 2246 1429 2277 suut,
1451 2249 1550 2281 quam
1575 2239 1762 2282 inportatae.

1065 2285 1236 2315 rastellum
1264 2289 1300 2314 ut
1331 2289 1380 2314 est
1410 2283 1688 2321 Ca‘sarianorum,
1717 2281 1764 2314 ita

1065 2326 1122 2367 qui
1150 2327 1215 2358 sint
1236 2328 1430 2364 laborantes.
1454 2332 1487 2358 et
1501 2326 1572 2365 ubi,
1595 2337 1636 2358 ex
1652 2325 1763 2358 verbis

1069 2381 1133 2401 nou
1167 2376 1276 2412 potest
1307 2370 1484 2411 cognosci.
1538 2370 1651 2402 Nostri
1677 2374 1763 2402 sunt.

1068 2413 1194 2445 obsessi
1211 2424 1229 2444 a
1247 2414 1424 2455 Pompeio.
1466 2414 1568 2456 Ergo,
1583 2424 1686 2456 quum
1700 2413 1764 2446 ad-

1059 2459 1332 2499 propinquassent
1363 2468 1427 2489 uon
1456 2458 1497 2489 ad
1529 2463 1671 2496 nostros,
1702 2456 1762 2488 ned

1068 2501 1291 2542 Pompeianos
1327 2501 1530 2533 referendum
1565 2507 1627 2539 est,
1656 2509 1762 2544 quum

1067 2546 1262 2586 Pompeiani
1277 2545 1416 2587 mlprop.
1431 2545 1496 2576 nisi
1516 2545 1642 2577 Nostris
1656 2553 1762 2586 quum

1065 2589 1356 2630 adpropinquasset
1383 2589 1493 2630 legere
1517 2587 1685 2620 malimus.
1707 2586 1758 2618 M.

1065 2631 1186 2663 Clarke
1209 2632 1355 2673 explicat
1378 2632 1441 2663 ita:
1472 2633 1651 2664 Castellum
1672 2626 1762 2672 (Ca-

1066 2675 1162 2714 saris)
1183 2677 1376 2717 obpuynare
1402 2679 1495 2717 cmpit
1519 2676 1701 2717 Pompeius,
1723 2677 1759 2705 ul

1066 2720 1293 2751 taboranttbus
1308 2719 1503 2761 (Ateguanis
1517 2730 1536 2751 a
1551 2718 1680 2751 cesare
1697 2716 1760 2748 ob—

1067 2762 1184 2800 sessis)
1210 2769 1422 2794 stac-curreret.
1470 2763 1583 2795 Nostri
1608 2761 1657 2799 (in
1687 2769 1762 2792 cns·

1066 2806 1175 2844 tello),
1192 2817 1297 2848 quum
1313 2807 1627 2848 adpropinquassent
1641 2803 1762 2842 (Pom-

1069 2849 1196 2891 peiani)
1211 2856 1275 2881 etc.
1297 2860 1328 2891 p.
1344 2860 1377 2892 p.
1397 2850 1466 2892 legi
1489 2848 1560 2882 vult
1579 2848 1761 2891 majoribus

1065 2896 1181 2927 castris
1199 2894 1336 2927 Caesari.
