1946 3261
236 212 324 259 262
717 208 805 256 DE
834 207 1040 254 BELLO
1073 207 1286 254 CIVILI.

243 349 465 403 Posterum
485 337 739 388 confirmat;
769 353 814 383 se
847 336 989 382 niores
1009 337 1191 396 castigat
1212 344 1347 395 atque
1367 334 1534 380 incitat.
1580 336 1719 381 Multi

243 401 434 459 undique
467 415 521 442 ex
557 396 777 442 veteribus
812 354 1001 456 {ompeii
1034 396 1294 440 exercitibus
1328 412 1406 456 spe
1442 395 1720 454 praemiorum

241 469 377 518 atque
397 457 600 503 ordinum
627 465 888 503 evocantur:
921 454 1050 499 multi
1071 472 1125 498 ex
1145 455 1315 499 duabus
1334 454 1593 555 leffionibus,
1622 468 1722 513 quae

240 525 342 568 sunt
376 517 598 566 transditae
625 532 651 559 a
674 517 862 568 Caesare,
896 523 1203 558 arcessuntur:
1254 529 1381 572 comp
1401 522 1501 556 etur
1531 514 1639 557 urbs
1666 521 1724 557 'et

238 577 331 636 eJus
371 576 592 620 comitium
630 575 854 625 Tribunis,
897 572 1255 622 Centurionibus,
1293 573 1497 616 evocatis.
1561 572 1723 616 Omnoe

236 635 362 691 arnici
385 635 642 690 Consulum,
664 633 884 678 necessarii
904 631 1099 691 Pompeii
1119 640 1253 690 atque
1273 646 1441 682 eorum,
1459 631 1536 688 qui
1553 640 1723 676 veteres

236 694 486 752 inimicitias
521 711 623 738 cum
661 694 830 737 Caesare
867 691 1096 751 gerebant,
1143 690 1187 734 in
1228 691 1439 735 Senatum
1479 707 1531 735 co
1563 698 1720 745 untur,

270 771 428 806 uorum
447 754 627 804 vocibus
648 760 693 794 et
709 767 916 795 concursu
944 758 1170 794 terrentur
1190 749 1460 801 infirmiores,
1481 707 1606 794 duffiii
1621 765 1722 794 con-

234 771 482 870 limantur,
515 812 733 873 plerisque
763 825 867 853 vero
901 809 1038 853 libere
1072 808 1332 854 decernendi
1370 818 1562 869 potestas
1591 809 1721 869 eripi-

237 873 340 929 ειη-ζ
380 872 639 921 'Pollicetur
676 869 727 912 L.
769 869 869 913 Piso
902 869 1085 920 Censor,
1131 885 1221 913 sese
1269 869 1438 912 iturum
1478 868 1537 912 ad
1579 868 1721 918 Casa-

233 948 327 986 rem
346 947 359 982 ;-
391 932 497 979 item
516 931 570 974 L.
593 929 775 973 Roscius
791 929 976 979 Praetor,
995 929 1073 989 qui
1090 927 1145 971 de
1162 928 1226 971 his
1242 928 1375 971 rebus
1389 943 1489 972 eum
1505 927 1717 971 doceant:

233 986 309 1046 sex
327 990 420 1035 dies
434 991 488 1034 ad
505 1005 598 1032 eam
616 1004 709 1032 rem
725 987 1031 1032 conficiendam
1047 987 1175 1048 spatii
1227 986 1434 1031 ostulant.
1495 985 1718 1031 Dicuntur

233 1050 365 1106 etiam
380 1067 406 1094 a
427 1047 644 1100 nonnullis
660 1048 898 1099 sententiae,
920 1058 971 1092 ut
987 1048 1123 1108 legati
1232 1047 1446 1092 Caesarem
1465 1046 1718 1098 mittantur,

232 1109 309 1170 qui
325 1107 598 1160 voluntatem
619 1108 804 1151 Senatus
820 1107 859 1151 ei
879 1115 1142 1168 proponant.

260 1174 262 1177 ’
291 1169 334 1216 4.
378 1167 595 1211 Omnibus
630 1165 694 1210 his
729 1166 960 1218 resistitur,
999 1166 1285 1224 omnibusque
1320 1163 1462 1209 oratio
1497 1163 1715 1215 Consulis,

233 1227 466 1287 Scipionis,
507 1225 686 1270 Catonis
719 1226 777 1268 ob
813 1226 975 1270 onitur.
1039 1226 1250 1269 Catonem
1282 1233 1452 1268 veteres
1480 1222 1717 1282 inimicitiae

234 1285 417 1343 Caesaris
439 1285 622 1329 incitant
646 1294 691 1326 et
704 1284 769 1336 ‚do
789 1299 838 1327 or
855 1285 1053 1343 repulsae.
1115 1283 1332 1326 Lentulus
1346 1283 1440 1327 aeris
1455 1281 1580 1326 alieni
1598 1298 1668 1325 ma
1701 1310 1718 1318 -

230 1344 426 1388 nitudine
457 1351 502 1388 et
537 1359 612 1402 spe
647 1343 863 1386 exercitus
884 1358 934 1384 ac
957 1342 1282 1402 provinciarum
1306 1351 1350 1386 et
1370 1341 1438 1384 Re
1472 1357 1547 1385 um
1566 1340 1622 1384 ad
1669 1299 1718 1384 gl-

229 1400 462 1456 landorum
490 1401 796 1461 largitionibus
824 1410 1045 1451 movetur,
1066 1417 1199 1459 seque
1217 1401 1406 1444 alterum
1446 1416 1522 1444 ore
1545 1400 1627 1444 Sul
1645 1416 1716 1445 am

229 1461 343 1508 inter
362 1477 461 1506 suos
480 1458 713 1520 gloriatur,
739 1459 796 1503 ad
818 1477 949 1519 quem
964 1476 1129 1505 summa
1147 1460 1316 1519 imperii
1333 1459 1498 1503 redeat.
1548 1459 1718 1519 Scipio-

229 1559 371 1591 clandus
397 1557 507 1589 voluit
532 1556 627 1599 legi:
665 1556 802 1588 Laudat
817 1557 940 1589 alter-on

228 1609 331 1646 atque
347 1620 401 1634 —.
434 1601 545 1640 Quasi
561 1611 641 1632 vcro
662 1611 727 1632 non
743 1606 864 1642 sponte
879 1601 939 1632 ad-

230 1650 359 1692 pareat,
375 1646 402 1678 si
417 1648 582 1687 seyniores
598 1644 666 1677 sint
679 1643 847 1686 castig-ati,
866 1655 938 1683 eos,

228 1689 290 1733 qui
304 1690 431 1722 laudati
445 1690 525 1728 sint,
551 1689 657 1720 fuisse
680 1699 700 1720 a
723 1688 938 1730 segnioribus

229 1735 394 1767 diversos.
410 1735 461 1766 M.
493 1733 586 1766 Loco
603 1733 655 1764 τοῦ
668 1743 780 1764 omnes
796 1732 939 1764 Jurinus

229 1778 316 1812 velit
334 1781 508 1821 primores,
536 1780 595 1821 qm·
608 1783 688 1810 sunt
703 1780 776 1819 ejus
795 1777 937 1809 ordim's.

231 1823 272 1855 Τὸ
285 1829 453 1866 promptos
469 1822 567 1854 unice
583 1832 700 1853 verum
724 1827 820 1863 putat
837 1821 938 1852 Bent-

231 1867 322 1902 leius
335 1874 369 1901 et
384 1873 463 1909 apte
477 1866 562 1899 citat
581 1865 739 1903 Taciturn
767 1865 801 1897 in
824 1865 936 1906 Agric.

232 1923 263 1946 c.
280 1914 335 1945 21.
365 1912 415 1943 lta
426 1911 498 1953 jam
509 1910 677 1953 judicarat
691 1909 858 1941 Ciaccon.

279 1956 447 1988 Ordtnum
455 1961 649 1989 evocamur.
665 1954 733 1986 vid.
750 1954 822 1986 Ind.
838 1954 870 1985 in
885 1952 939 1986 his

231 2000 368 2037 duobus
382 1999 505 2034 verbis.
529 2000 580 2031 M.

279 2045 427 2079 Duabus
440 2044 634 2085 leycbnibus.
657 2042 759 2076 eont.
775 2045 806 2079 8,
818 2044 870 2073 58.
887 2042 937 2074 Μ.

281 2089 473 2131 completur
497 2088 588 2121 urbs.
618 2086 740 2119 Utrum
765 2086 830 2118 hoc
854 2085 937 2126 vult,

234 2143 352 2166 omnes
380 2131 414 2164 in
437 2131 543 2164 urben
567 2131 758 2173 confugisse
774 2136 864 2162 metu
879 2131 938 2162 ad-

231 2175 572 2214 ventantisCoesaris?
586 2175 825 2215 An,militibus
835 2176 937 2206 Pom-

234 2220 305 2264 peii
330 2219 438 2253 urben
454 2221 661 2261 completam
688 2218 817 2252 tuisse?
867 2219 937 2261 Ap-

234 2265 328 2308 pian.
345 2269 377 2303 2,
401 2267 455 2299 33.
485 2263 612 2303 Etiam,
640 2275 717 2306 qnae
743 2269 936 2305 sequnntur,

234 2310 364 2344 incerta
379 2314 414 2340 et
425 2307 575 2341 obscura
588 2315 663 2340 sunt
677 2320 684 2339 :
708 2318 786 2339 nam
797 2308 937 2350 vulgata

232 2353 351 2387 lectio.
377 2352 448 2392 (Ad,
464 2355 524 2392 jus
538 2355 749 2385 comitiorum
770 2352 938 2384 Tribunos

228 2399 334 2441 plebi-s
353 2399 390 2430 G.
410 2398 510 2430 Curio
533 2398 666 2436 evocat)
689 2401 739 2429 est
762 2406 802 2427 ex
824 2406 938 2428 emen-

233 2441 372 2476 datione
399 2440 633 2482 interpretum,
658 2445 691 2471 et
706 2446 815 2481 potest
829 2451 847 2471 e
867 2451 898 2471 c.
915 2442 935 2472 9

231 2485 487 2529 quodammodo
502 2483 650 2523 defendi,
670 2483 743 2521 ubi,
767 2489 804 2515 ut
829 2483 937 2516 libera

232 2529 376 2565 comitia
397 2529 529 2572 populo
553 2527 801 2570 permittantur,
823 2529 937 2561 Caesar

234 2574 397 2617 postulat.
420 2573 486 2606 Sed
514 2572 665 2615 plerique
690 2572 791 2604 codd.
809 2571 936 2606 habent

233 2620 420 2661 completur
450 2617 530 2654 urbs
558 2622 588 2650 et
606 2619 667 2657 jus
695 2617 879 2654 comitium,
903 2623 937 2649 et

234 2673 298 2704 pro
325 2664 427 2696 Curio
455 2660 488 2693 in
510 2660 684 2704 plerisque
698 2665 752 2694 est
768 2661 936 2693 Centurio.

232 2705 325 2739 Nolo
367 2706 579 2748 conjecturas
617 2704 851 2746 interpretum,
889 2703 934 2736 ab

232 2750 323 2783 Oud.
347 2750 530 2790 conlectus,
559 2755 734 2792 repetere:
758 2757 858 2780 unam
875 2749 933 2779 ad-

230 2795 322 2833 dam,
334 2803 440 2837 quam
454 2793 512 2827 ille
530 2794 581 2828 vir
594 2794 725 2831 doctus-
735 2801 802 2828 nou
820 2792 934 2833 potuit

232 2837 395 2878 indicare,
423 2849 443 2871 e
466 2837 651 2872 Christiani
675 2836 788 2870 Crusii
804 2836 932 2868 Proba-

233 2881 366 2916 bilibus
378 2881 506 2918 criticis
518 2883 573 2924 (p.
589 2884 661 2922 20),
673 2881 733 2924 qui
751 2879 823 2924 legi
836 2881 929 2912 vult:

230 2927 413 2968 completur
429 2927 507 2960 urbs
520 2932 551 2960 et
565 2929 603 2959 in
620 2927 790 2960 oemite'um
811 2923 931 2959 Tribu-

1007 1566 1068 1588 nos
1079 1557 1130 1598 pl.
1150 1556 1187 1587 C.
1207 1556 1307 1587 Cin-io
1320 1559 1442 1594 evoau,
1459 1564 1506 1587 sc.
1520 1560 1557 1587 ut
1570 1553 1717 1589 Tribuni

1008 1600 1041 1632 in
1068 1598 1212 1632 comitio
1241 1606 1318 1631 aute
1345 1598 1586 1638 deliberarent,
1612 1609 1717 1641 quarn

1008 1644 1149 1675 Senatus
1165 1643 1357 1675 haberetur.
1402 1642 1468 1674 Sed
1479 1648 1577 1686 puto,
1592 1643 1709 1676 locum

1007 1688 1095 1721 hunc
1127 1698 1192 1720 nou
1222 1698 1324 1729 posse
1354 1687 1478 1720 nostris
1506 1687 1715 1729 conjecturi-

1007 1733 1109 1775 plane
1126 1732 1233 1764 sanari
1248 1744 1255 1763 ε
1273 1742 1351 1763 nam
1361 1738 1557 1763 enarrantur
1569 1731 1713 1773 singula:

1007 1788 1070 1815 res,
1083 1787 1160 1819 quae
1175 1782 1247 1808 tum
1262 1783 1453 1814 evenerunt,
1464 1787 1541 1818 quae
1553 1786 1623 1809 non
1634 1787 1713 1818 pos-

1006 1826 1083 1854 sunt
1097 1820 1176 1853 aliae
1192 1830 1233 1852 ex
1249 1819 1325 1853 aliis
1339 1819 1484 1862 intelligi
1502 1819 1561 1860 ita,
1578 1825 1615 1852 ut
1630 1830 1714 1853 con-

998 1865 1127 1906 jectura
1143 1874 1246 1896 unam
1259 1875 1300 1896 ex
1315 1864 1424 1896 altera
1440 1869 1535 1896 eruat
1553 1875 1562 1903 ;
1584 1870 1619 1896 et
1633 1874 1710 1897 ora-

1005 1907 1069 1946 tio,
1086 1920 1144 1951 per
1160 1908 1269 1941 incisa
1287 1918 1498 1950 procurrens,
1515 1908 1581 1940 hoc
1597 1908 1712 1950 ipsum

1003 1954 1163 1993 declarat,
1189 1953 1343 1995 singulas
1366 1953 1546 1996 τιςιστιίσυς
1569 1951 1713 1995 singulis

1004 1997 1170 2030 membris
1193 2007 1369 2039 expressas
1392 2007 1479 2028 esse.
1525 1994 1614 2035 Quis
1627 2007 1710 2040 ergo

1002 2042 1092 2074 ausit
1124 2041 1249 2080 dicere,
1291 2050 1446 2082 quaenam
1488 2040 1706 2082 potissimum

1003 2099 1039 2117 m
1059 2086 1171 2119 lev-aeas
1190 2085 1222 2117 in
1240 2085 1356 2117 vorbis
1379 2084 1551 2127 corruptis
1578 2085 1709 2118 lutat?

1051 2155 1058 2162 .
1083 2130 1112 2162 Ε
1125 2129 1230 2162 variis
1242 2129 1452 2162 lectionibus
1463 2128 1714 2163 Oud.contecit

1005 2174 1202 2213 lectionem,
1215 2184 1316 2216 quam
1330 2173 1457 2216 recepi.
1495 2172 1626 2207 Similis
1639 2173 1708 2207 fere

1005 2219 1105 2252 locus
1128 2225 1177 2251 est
1201 2219 1292 2261 apud
1309 2218 1384 2250 Cic.
1401 2228 1462 2260 pro
1476 2217 1591 2250 Sextio
1605 2228 1638 2249 c.
1655 2219 1711 2250 85.

995 2263 1124 2305 forum.
1140 2266 1320 2300 comitium,
1341 2265 1474 2294 curiam
1495 2265 1636 2295 amatis
1651 2263 1710 2294 ho·

1002 2309 1150 2340 „sinibus
1208 2308 1430 2350 inplet-issent,
1487 2312 1711 2349 ooeupascene.

1004 2350 1197 2384 Comitium
1209 2357 1281 2383 erat
1299 2352 1392 2383 locus
1409 2349 1443 2382 in
1460 2349 1546 2390 soro,
1558 2349 1710 2383 comitiis

1001 2395 1144 2429 curiatis
1161 2401 1195 2427 et
1207 2393 1289 2427 aliis
1304 2394 1446 2437 agendis
1460 2394 1660 2428 destinatus.

1050 2440 1182 2472 Libere.
1205 2438 1276 2472 Alii
1293 2439 1412 2472 libera.

1051 2484 1091 2516 L.
1109 2485 1198 2521 Piso,
1212 2483 1345 2515 Censor
1367 2493 1446 2515 cum
1472 2481 1591 2524 Appio
1604 2481 1707 2516 Chn-

1000 2527 1072 2566 dio,
1084 2527 1243 2569 idemque
1258 2526 1516 2560 socerCaesm-is.
1527 2527 1705 2560 cauam.

1001 2571 1101 2604 Conf.
1117 2571 1185 2604 Dio
1198 2571 1293 2604 Cass.
1309 2573 1363 2611 40,
1379 2573 1434 2602 63.
1458 2571 1508 2603 Μ.

1050 2617 1156 2648 Dolor
1181 2616 1336 2657 repulsa.
1374 2614 1600 2648 Consulatum
1628 2623 1707 2647 cum

1003 2659 1056 2693 M.
1079 2659 1247 2693 Marcello
1263 2664 1297 2692 et
1314 2660 1386 2692 Ser.
1411 2657 1580 2702 Sulpicio,
1602 2664 1639 2691 ut
1655 2657 1707 2690 in·

1001 2703 1186 2737 valescenti
1201 2703 1347 2736 Caesaris
1362 2709 1397 2735 et
1407 2702 1568 2745 Pompeii
1584 2707 1704 2744 poten-

1001 2748 1059 2781 tioe
1073 2748 1255 2786 resisteret,
1268 2747 1410 2790 petierat
1422 2760 1433 2789 ς
1459 2748 1518 2780 sed
1534 2745 1705 2788 inpeditus

1001 2792 1045 2824 ab
1063 2787 1236 2834 utriusquss
1250 2791 1375 2824 amicis
1391 2791 1466 2824 fuit.
1481 2802 1515 2823 v.
1528 2789 1598 2823 Dio
1607 2789 1704 2822 Cass.

1002 2837 1057 2875 40,
1072 2840 1125 2870 58.
1168 2838 1345 2871 emortus.
1371 2835 1532 2870 Κακίου
1546 2835 1605 2868 dat
1617 2834 1706 2868 Plut-

1001 2880 1035 2916 in
1051 2882 1218 2925 Rompm.
1234 2882 1288 2917 54.
