1946 3261
650 193 768 240 LIB.
801 194 942 240 CAP.
972 194 1047 246 46,
1077 194 1150 239 47.
1576 197 1683 241 503-

171 319 361 365 secunda
382 319 537 371 noctis,
559 318 728 364 nimbus
744 336 842 362 cum
862 336 988 362 saxea
1009 319 1220 379 grandine
1236 320 1382 365 subito
1401 328 1465 365 est
1485 329 1664 365 exortus

170 381 337 440 ingens.
400 381 472 423 Ad
492 379 574 423 hoc
593 389 739 422 autem
760 379 1077 422 incommodum
1106 390 1358 431 00005501,οῖ
1379 382 1498 439 quod
1518 383 1663 425 Gaesar

172 455 274 490 11011,
312 456 430 482 more
459 439 743 506 superiorum
766 439 1139 497 Imper‘atorum‚
1130 455 1173 481 1n
1199 439 1389 483 hibernis
1423 441 1662 484 exercitum

172 499 440 549 continebat,
468 498 540 541 sed
572 514 615 540 111
643 498 774 540 tertio
807 513 917 554 qual
923 505 1054 554 toque
1091 497 1175 547 die,
1207 499 1482 555 procedendo
1513 500 1668 559 propi-

174 574 312 615 usque
353 558 521 600 hostem
568 556 826 605 accedendo,
861 565 1001 598 castra
1043 571 1137 597 00111
1142 557 1394 606 muniebat;
1441 574 1664 617 opereque

172 616 386 666 faciendo,
407 616 564 658 milites
584 632 627 657 se
645 613 1018 681 circumspiciendi
1035 630 1121 656 non
1137 613 1359 658 habebant
1388 618 1660 661 facultatem.

176 676 235 718 Pr
238 685 394 719 aeterea
416 675 478 717 ita
496 691 550 717 ex
573 674 720 716 Sicilia
742 691 843 716 exei
847 682 983 716 eitum
1004 676 1389 733 transpoitaverit‚
1412 684 1478 725 ut,
1501 685 1663 734 praeter

171 733 313 793 ipsum
332 734 514 776 militem
537 740 583 775 et
603 748 739 782 arma,
773 748 914 789 neque
934 749 1024 782 vas,
1046 747 1185 790 neque
1205 734 1490 799 mancipium,
1521 751 1663 792 neque

172 793 310 835 ullam
346 809 453 843 rem,
492 807 590 850 quae
623 808 705 834 11511
738 791 866 834 militi
897 807 984 834 esse
1016 791 1254 840 consuevit,
1285 807 1328 834 1n
1351 807 1479 834 naves
1501 793 1665 851 1111110111

171 859 414 910 paternetui
469 850 519 893 In
558 851 709 893 Africa
738 859 884 893 autem
915 866 998 893 non
1029 850 1158 893 modo
1187 850 1268 893 sibi
1299 851 1541 909 quidquam
1578 868 1665 896 11011

170 910 469 968 adquisierant
490 918 568 952 aut
588 918 876 968 par;averant
908 909 979 952 sed
1001 910 1130 952 etiam
1154 918 1339 968 proptel
1359 926 1537 953 annonae
1558 927 1631 953 cal
1635 925 1668 952 1-

172 978 310 1012 tatem
343 978 443 1012 ante
476 978 630 1027 parata
651 976 989 1012 consumserant.
1055 968 1227 1017 Quibus
1263 969 1393 1012 rebus
1425 969 1667 1020 adtenuati,

172 1029 337 1087 oppido
345 1044 571 1096 perquam
605 1029 733 1087 pauci
761 1029 842 1070 sub
870 1027 1056 1086 pellibus
1088 1027 1453 1085 adquiescebant:
1489 1028 1665 1087 reliqui,

121 1112 124 1114 ·
173 1104 226 1130 ex
246 1088 513 1132 vestimentis
540 1088 786 1131 tentoriolis
817 1088 943 1130 factis
975 1095 1107 1144 atque
1130 1087 1417 1131 arundinibus
1438 1089 1668 1150 scopisque

172 1223 239 1256 ties
262 1225 329 1257 hoc
347 1224 488 1263 faciunt,
511 1235 530 1256 e
552 1224 710 1266 populari
733 1223 878 1263 ratione,

174 1268 308 1310 signum
335 1269 484 1301 ineuntis
508 1269 645 1300 hiemis.
667 1268 754 1307 (vid.
796 1269 880 1300 Plin.

175 1314 221 1344 H.
250 1313 292 1344 N.
322 1315 372 1349 18,
400 1316 452 1344 74.
477 1323 509 1345 et
536 1313 669 1344 tabulas
696 1313 726 1343 in
758 1314 881 1344 Ponte-

174 1358 262 1389 derae
277 1357 537 1398 antiquitatibus
550 1357 678 1389 Graecis
693 1367 733 1388 00
751 1356 883 1388 Latinis

176 1412 210 1442 p.
233 1404 303 1433 192.
321 1404 406 1441 3393
429 1401 491 1433 ubi
507 1400 610 1432 etiam
630 1412 663 1442 p.
679 1404 743 1432 903
760 1402 801 1431 de
816 1401 880 1432 hoc

179 1445 401 1487 Virgiliarum
433 1456 556 1477 occasu
589 1446 682 1486 plura
712 1445 880 1476 disserun-

175 1490 257 1529 tur.)
294 1490 328 1521 Si
354 1490 432 1531 quis
461 1500 542 1531 ergo
573 1495 724 1520 veterum
753 1489 881 1529 aliquid

175 1534 328 1566 evenisse
344 1535 436 1565 dicat
455 1540 530 1575 post
547 1533 636 1564 hunc
662 1533 882 1574 Virgiliarum

176 1588 350 1617 occasum,
374 1579 463 1610 idem
479 1583 542 1615 est,
566 1583 600 1608 ut
615 1577 643 1609 si
660 1578 798 1615 diceret,
820 1579 882 1608 sub

175 1625 313 1653 ‘initium
342 1625 470 1654 hiemi&
529 1622 641 1660 Quare
672 1621 787 1653 verbis
818 1621 883 1660 his,

185 1667 278 1707 Ῑὶφῃ.
295 1678 323 1698 s.
334 1667 484 1708 confecto,
502 1671 638 1705 tempus
653 1665 752 1704 anni3
779 1671 813 1696 et
832 1676 882 1696 re-

177 1710 293 1752 liquis,
318 1713 433 1752 ve’ffl'lia
462 1711 621 1747 secunda,
649 1690 785 1750 tempiis
813 1709 882 1740 diei

157 1754 342 1796 ,signatum
384 1772 428 1777 —
467 1754 629 1785 Davisius
667 1755 885 1785 commendat

176 1798 442 1840 disputationem
460 1798 603 1830 Ashloni
622 1798 654 1828 in
682 1798 768 1828 bibl.
795 1798 882 1829 liter.

177 1853 234 1874 no.
252 1846 283 1874 8.
297 1850 358 1875 art.
377 1846 406 1874 3.
422 1853 524 1884 quam
549 1842 703 1874 nancisci
732 1852 798 1873 non
822 1852 885 1891 po-

177 1887 241 1918 tui.
280 1889 330 1919 M.
377 1888 460 1919 Guis
463 1887 607 1918 chardus
633 1886 665 1917 in
682 1886 789 1918 Mem.
807 1886 882 1918 crit.

177 1943 212 1974 p.
227 1934 302 1963 389.
316 1932 435 1963 itidem
447 1931 506 1962 XI.
522 1931 610 1962 Nov.
624 1930 791 1972 adsignat.
810 1932 884 1962 [ἱν-

177 1977 284 2016 qilioe,
298 1976 424 2008 rectius
441 1977 607 2017 Verqilz'oe.
619 1975 703 2006 alias
719 1974 882 2006 Pleiades.

178 2020 273 2051 Loco
307 2026 420 2051 nostro
460 2020 599 2060 quidam
630 2019 728 2049 codd.
761 2018 886 2050 habent

177 2066 409 2105 viryae'h'arum,
434 2064 525 2104 quod
555 2063 734 2094 Goduinus
759 2067 884 2094 temere

179 2113 380 2149 propugnat,
391 2118 495 2149 quum
507 2112 663 2148 sequatur
675 2109 753 2137 circ.
767 2109 886 2149 vigilia

175 2153 332 2185 secunda.

226 2198 339 2228 Saoeea
350 2196 527 2237 qmmle'ne.
536 2193 595 2225 alii
609 2205 782 2226 sanorum.
805 2195 886 2226 For-

179 2251 238 2273 san
256 2241 389 2282 pondus
412 2240 585 2280 molesque
610 2239 763 2275 010ηά1111
767 2250 781 2269 5
806 2250 885 2271 cum

179 2285 269 2317 saxis
305 2284 564 2316 similitudinem
602 2283 689 2314 hanc
739 2284 885 2323 peperit.

182 2329 311 2361 Notum
337 2330 379 2360 de
414 2335 526 2359 cetero
553 2327 645 2358 Livii
678 2332 712 2357 et
737 2327 885 2358 aliorum

179 2374 351 2414 lapidibus
379 2374 479 2414 pluit.
525 2371 617 2409 Quid
643 2371 736 2412 quod
772 2378 885 2402 nostro

181 2428 255 2450 aevo
271 2417 405 2458 lapidea
417 2416 535 2459 pluvia
549 2416 632 2447 sudo
647 2426 781 2458 quoque
795 2416 886 2447 coelo

180 2461 365 2493 celebrata.

232 2508 451 2546 Superiorum
469 2506 595 2547 Impar.

185 2549 322 2591 Explic.
349 2555 430 2581 vett.
459 2554 549 2580 auct.
579 2551 705 2590 p.279.
732 2548 799 2589 legi
815 2559 886 2579 ma·

183 2595 255 2625 vult
269 2605 342 2636 svp.
361 2599 556 2636 temporum.
592 2593 683 2624 ldern
696 2593 767 2635 jani
783 2593 887 2624 Glan-

185 2638 308 2679 dorpio
328 2637 440 2669 visum
453 2643 535 2668 erat.
562 2638 610 2667 M.

232 2684 276 2714 In
299 2684 389 2714 tertio
413 2688 479 2713 etc.
527 2682 649 2712 Praeter
674 2691 804 2712 morem
830 2680 888 2711 hic

185 2727 313 2760 intrusa
360 2724 753 2768 praepositio.Cla1-ke
790 2724 888 2756 malit

181 2778 354 2815 quarem-e.

239 2818 316 2848 Usa.
333 2815 476 2847 Lativus
491 2824 549 2855 pro
565 2816 651 2846 usai.
680 2813 732 2845 Cf.
752 2818 823 2845 not.
846 2815 890 2846 ad

190 2921 193 2923 ·
233 2906 278 2937 In
309 2905 471 2947 Africam.
517 2901 573 2935 Sic
605 2903 745 2945 quidem
776 2904 889 2945 plures

642 2504 835 2536 Marcland.
851 2504 885 2535 in

954 1224 1116 1264 codices3
1141 1225 1199 1255 sed
1226 1225 1346 1256 malim
1372 1235 1463 1257 nunc
1487 1236 1567 1258 cum
1585 1237 1669 1268 pau-

954 1269 1016 1307 cis,
1042 1273 1079 1302 «m
1096 1269 1220 1309 Africa.
1268 1269 1342 1301 Etsi
1369 1269 1454 1306 scio,
1483 1270 1566 1302 talia
1596 1281 1670 1312 per-

957 1313 1100 1353 mutari3
1125 1313 1225 1344 debet
1251 1319 1364 1344 tamen
1389 1325 1461 1345 esse
1483 1315 1607 1346 modus
1633 1320 1667 1347 et

958 1357 1044 1388 ratio
1064 1357 1347 1398 permutationis:
1370 1369 1444 1398 quae
1473 1358 1501 1389 si
1515 1369 1581 1390 non
1600 1365 1664 1397 est,

957 1400 1079 1432 vitium
1095 1407 1157 1439 est,
1183 1412 1250 1432 non
1269 1402 1483 1442 permutatio.
1509 1403 1559 1433 M.
1607 1403 1670 1434 Se-

956 1456 1042 1485 quor
1069 1445 1253 1484 Clarkium,
1279 1446 1336 1486 qui
1368 1446 1490 1477 vitium
1517 1447 1664 1479 sustulit.

960 1489 1050 1519 Oud.
1068 1492 1104 1520 in
1120 1489 1195 1520 heic
1214 1490 1321 1521 reddit
1339 1500 1399 1532 per
1414 1492 1518 1522 intra.

1005 1534 1131 1574 Oppido
1154 1545 1196 1575 ρο
1199 1544 1324 1575 rqaam
1347 1537 1463 1575 pauci.
1511 1535 1577 1566 Pro
1611 1533 1668 1566 his

959 1578 1118 1608 omnibus
1134 1588 1152 1607 e
1169 1579 1244 1608 cod.
1269 1578 1367 1609 [eid.
1393 1578 1501 1619 primo
1518 1579 1666 1620 legetur,

959 1632 1064 1662 quam
1084 1624 1196 1662 pauci,
1224 1622 1258 1652 h.
1277 1633 1308 1653 e.
1333 1632 1435 1663 quam
1453 1623 1666 1663 paucissmii.

960 1665 1127 1706 Exempla
1142 1665 1212 1697 vid.
1240 1666 1273 1697 in
1290 1666 1359 1696 Ind.
1378 1665 1541 1707 inquam.
1588 1667 1665 1698 Hoc

958 1709 1047 1740 alius
1075 1709 1263 1750 explicavit
1297 1719 1357 1750 per
1387 1711 1504 1751 oppido
1536 1713 1670 1751 pauci,-

959 1754 1049 1784 alius
1079 1754 1254 1795 adscripto
1284 1765 1448 1796 perquam
1487 1756 1608 1794 pauci.-
1647 1765 1666 1786 e

957 1798 1085 1839 quibus
1112 1798 1418 1838 interpretamentis
1458 1798 1550 1829 male
1587 1809 1669 1830 con-

961 1842 1038 1873 flata
1076 1847 1125 1873 est
1159 1843 1308 1883 vulg-ata,
1348 1842 1467 1884 oppido
1494 1853 1668 1885 perquam

954 1889 1072 1928 pauci.
1095 1887 1146 1917 M.

1006 1932 1127 1972 Scope's.
1164 1931 1198 1962 In
1228 1930 1388 1962 Leidensi
1414 1929 1526 1971 primo
1546 1936 1597 1962 est
1615 1942 1668 1963 eo·

955 1977 1035 2016 piis,
1047 1975 1138 2016 quod
1154 1986 1288 2007 sensum
1300 1986 1365 2006 non
1379 1975 1480 2006 habet
1494 1985 1503 2015 ;
1523 1975 1555 2006 in
1569 1975 1667 2007 Leid.

960 2030 1026 2050 sec.
1052 2021 1172 2057 coric'35
1196 2021 1253 2050 sed
1279 2019 1402 2060 paucis
1427 2019 1488 2050 illo
1514 2025 1667 2061 tempore

961 2063 1068 2104 pelles
1093 2068 1127 2094 et
1146 2063 1243 2094 coria
1267 2063 1514 2104 subpetebant:
1541 2063 1573 2094 in
1590 2064 1668 2096 edd.

960 2112 1029 2138 ant.
1056 2112 1107 2137 est
1121 2108 1333 2139 arundinum
1344 2109 1451 2148 copiis,
1467 2118 1545 2150 quae
1560 2108 1666 2139 lectio

961 2156 1145 2191 utcumque
1169 2151 1248 2182 ferri
1268 2157 1393 2192 posset,
1414 2151 1477 2183 nisi
1504 2152 1538 2183 in
1566 2153 1666 2183 codd.

962 2194 1135 2233 omnibus,
1164 2201 1283 2236 praeter
1305 2206 1420 2233 unum,
1444 2197 1670 2228 arundinibus

961 2238 1175 2270 scriberetur.
1200 2239 1260 2270 Est
1276 2250 1357 2281 ergo
1374 2240 1572 2272 verisimilis
1584 2240 1666 2281 Lip-

962 2282 1003 2314 sii
1019 2284 1076 2322 (de
1100 2283 1173 2314 mil.
1200 2284 1300 2315 Rom.
1332 2287 1363 2322 5,
1389 2283 1424 2322 5)
1449 2284 1581 2326 opinio,
1611 2284 1668 2316 cui

962 2327 1094 2358 videtur
1108 2328 1292 2369 legendum
1306 2341 1314 2359 :
1330 2329 1553 2360 arzcmlinibus
1568 2331 1667 2360 stori-

960 2373 1053 2412 isque
1070 2372 1130 2411 (cf.
1153 2372 1192 2403 B.
1215 2372 1254 2403 C.
1282 2375 1315 2411 2,
1338 2372 1396 2410 9):
1422 2372 1455 2403 id
1476 2373 1568 2414 quod
1584 2373 1664 2404 loco

964 2415 1055 2446 Livii
1076 2416 1147 2455 (30,
1174 2417 1208 2456 3)
1232 2416 1392 2454 firmatur,
1411 2417 1472 2448 ubi
1503 2417 1664 2449 Ntcmitlre

962 2460 1182 2492 hibernacula
1213 2461 1380 2492 arundine
1407 2465 1532 2496 tesczmt,
1552 2466 1583 2492 et
1603 2465 1668 2492 Sto-

961 2507 1018 2536 ria
1051 2509 1179 2546 tegant.
1234 2505 1381 2546 Vulgata
1428 2515 1508 2536 vero
1546 2503 1666 2543 lectio,

961 2551 1079 2590 scopis,
1100 2555 1258 2580 monente
1272 2549 1530 2590 Oudendorpio,
1557 2548 1666 2579 Scali-

961 2603 1042 2633 gero
1069 2593 1208 2635 ejusque
1238 2593 1352 2624 codici
1381 2594 1531 2630 debetur,
1559 2602 1664 2633 quam

962 2637 1139 2668 defendere
1170 2638 1257 2668 velle
1290 2638 1390 2668 malae
1419 2637 1507 2668 soret
1536 2636 1666 2668 seduli-

961 2681 1050 2713 tatis.
1085 2682 1204 2713 Silicet
1219 2680 1343 2713 dixerit
1357 2681 1496 2722 aliquis,
1521 2682 1663 2720 scopam

961 2736 1035 2757 esse
1059 2727 1225 2766 plantam,
1262 2725 1469 2766 descriptam
1496 2734 1515 2755 0
1550 2724 1666 2756 Plinio

962 2770 1023 2808 (H.
1046 2770 1088 2801 N.
1116 2774 1170 2802 23.
1185 2770 1296 2807 extu).
1327 2780 1346 2801 a
1367 2768 1526 2799 Bauhino
1550 2774 1664 2801 autem

962 2814 1013 2854 (in
1039 2815 1165 2845 Pinace
1190 2825 1221 2854 p.
1247 2814 1327 2852 470)
1354 2823 1526 2844 ruscorum
1551 2812 1667 2854 generi

963 2860 1231 2896 adnumeratam,
1246 2863 1279 2888 et
1291 2857 1421 2888 Linneo
1435 2867 1571 2888 ruscum
1587 2867 1668 2888 acu-

965 2903 1092 2935 leatum
1127 2902 1278 2941 dictam3
1311 2900 1484 2943 viderique
1510 2901 1667 2934 homines
