1946 3261
296 195 386 239 294
747 197 833 240 DE
866 195 1070 240 BELLO
1104 196 1319 241 CIVILI.

299 321 493 370 debant;
524 335 662 378 quum
691 322 874 380 propius
904 330 999 365 erat
1027 321 1266 365 necessario
1294 329 1490 372 ventum,
1521 322 1590 367 ab'
1607 323 1785 372 scientia

299 380 648 437 gubernatorum
679 389 813 438 atque
840 381 1032 424 artificiis
1053 381 1107 424 ad
1128 381 1337 423 virtutem
1358 388 1663 425 montanorum
1681 399 1782 430 con-

291 438 536 496 fugiebant.
599 439 771 490 Nostri,
792 440 913 498 quod
933 441 1073 483 minus
1093 439 1339 483 exercitatis
1366 439 1604 499 remigibus
1623 441 1781 488 minus-

293 512 380 553 que
400 497 554 555 peritis
570 498 939 557 gubernatoribus
960 499 1216 548 utebantur,
1238 499 1332 556 (qui
1356 507 1538 557 repente
1561 515 1617 542 ex
1632 512 1782 546 onera-

291 554 365 597 riis
386 556 569 600 navibus
590 567 716 601 erant
736 559 958 616 producti,
976 573 1115 616 neque
1133 557 1238 600 dum
1255 557 1386 601 etiam
1401 558 1626 601 vocabulis
1641 564 1781 605 arina-

289 622 540 658 mentorum
560 617 784 675 cognitis‚)
804 627 897 660 tum
918 617 1047 660 etiam
1077 617 1294 674 gravitate
1313 626 1357 659 et
1375 617 1584 660 tarditate
1605 617 1781 663 navium

290 672 654 730 inpediebantur:
690 676 814 719 factae
846 677 959 718 enim
988 676 1135 718 subito
1173 692 1226 718 ex
1258 675 1436 719 humida
1474 676 1657 719 materia
1694 692 1781 723 non

288 732 492 775 eumdem
511 749 638 776 usum
659 736 893 778 celeritatis
909 735 1143 777 habebant.
1207 734 1381 793 Itaque,
1402 734 1509 778 dum
1527 734 1646 778 locus
1666 737 1781 781 com-

289 791 432 833 minus
452 792 678 850 pugnandi
699 794 894 844 daretur,
917 809 1043 851 :equo
1064 793 1206 836 animo
1235 794 1428 852 singulas
1455 793 1567 837 binis
1596 795 1782 839 navibus

288 849 554 908 objiciebant
589 862 723 910 atque
757 853 916 911 injecta
947 868 1077 895 manu
1110 852 1266 902 ferrea,
1300 860 1346 896 et
1381 859 1554 896 retenta
1588 860 1779 911 utraque

288 923 417 959 nave,
454 909 612 953 diversi
635 912 895 969 pugnabant
916 921 1050 969 atque
1072 911 1114 954 in
1135 911 1323 954 hostium
1355 925 1484 954 naves
1504 911 1779 956 transcende-

288 965 424 1017 bant3
456 976 518 1023 et,
539 985 698 1028 magno
723 986 902 1014 numero
934 971 1190 1015 Albicorum
1215 979 1261 1013 et
1281 978 1508 1029 pastorum
1529 970 1779 1026 interfecto,

284 1034 456 1083 partem
471 1028 930 1088 naviunssdeprimunm
947 1029 1173 1073 nonnullas
1193 1045 1291 1072 cum
1309 1028 1554 1072 hominibus
1570 1029 1774 1089 capiunt;

286 1084 480 1144 reliquas
503 1086 547 1130 in
568 1096 748 1145 portum
767 1089 1052 1148 compellunt.
1117 1089 1182 1131 Eo
1203 1087 1276 1131 die
1296 1103 1424 1131 naves
1446 1087 1779 1134 Massiliensium
1815 1133 1821 1140 ,

285 1160 386 1186 cum
408 1145 473 1194 iis,
494 1162 592 1203 quae
612 1155 713 1189 sunt
733 1158 890 1207 captae,
912 1149 1134 1191 intereunt
1156 1163 1321 1190 novem.

346 1203 418 1245 59.
455 1203 552 1246 Hoc
587 1206 776 1263 primum
812 1207 971 1250 Caesari
1004 1207 1057 1250 ad
1093 1206 1282 1249 Ilerdam
1318 1205 1552 1249 nunciatur
1570 1220 1581 1255 ;
1630 1205 1774 1258 simul,

286 1263 484 1319 perfecto
517 1274 669 1322 ponte,
705 1265 904 1308 celeriter
941 1267 1120 1310 fortuna
1152 1273 1365 1308 mutatur.
1428 1264 1517 1313 Illi,
1549 1265 1778 1323 perterriti

282 1320 450 1364 virtute
470 1322 686 1379 equitum,
718 1324 858 1366 minus
891 1325 1044 1375 libere,
1067 1325 1209 1367 minus
1238 1323 1452 1366 audacter
1472 1323 1776 1381 vagabantur;

281 1378 403 1429 alias,
426 1395 510 1423 non
533 1380 665 1440 longo
686 1383 744 1424 ab
764 1384 914 1426 castris
935 1383 1152 1442 progressi
1172 1383 1332 1441 spatio,
1351 1390 1402 1424 ut
1420 1381 1606 1425 celerem
1626 1398 1776 1444 recep-

279 1446 376 1480 tum
389 1438 615 1491 haberent,
628 1442 854 1500 angustius
868 1443 1210 1501 pabulabantur‚
1228 1441 1332 1485 alias
1349 1440 1546 1500 longiore
1562 1440 1773 1486 circuitu:

279 1497 493 1541 custodias
515 1499 809 1558 stationesque
831 1502 1032 1559 equitum
1060 1500 1276 1550 vitabant,
1308 1509 1401 1554 aut,
1421 1500 1571 1558 aliquo
1592 1509 1774 1561 accepto

276 1555 557 1607 detrimento,
595 1568 674 1601 aut
703 1561 859 1618 procul
881 1562 1081 1619 equitatu
1110 1560 1218 1611 viso,
1251 1576 1304 1603 ex
1325 1559 1465 1603 medio
1495 1559 1650 1603 itinere
1670 1576 1772 1620 pro-

272 1614 399 1673 jectis
435 1617 610 1659 sarcinis
643 1618 886 1675 fugiebant.
953 1620 1179 1664 Postremo
1210 1628 1256 1662 et
1298 1619 1448 1678 plures
1478 1618 1768 1664 intermittere

277 1673 366 1716 dies
399 1683 459 1725 et,
498 1684 661 1733 praeter
689 1678 1039 1722 consuetudinem
1061 1679 1266 1729 omnium,
1290 1686 1423 1721 noctu
1452 1677 1770 1723 constituerant

279 1733 499 1790 pabulari.

337 1792 408 1835 60.
442 1792 625 1836 Interim
649 1793 854 1837 Oscenses
874 1804 919 1837 et
945 1795 1289 1854 Calagurritani,
1325 1795 1401 1854 qui
1421 1803 1547 1838 erant
1567 1811 1666 1839 cum
1687 1795 1768 1840 Os-

275 1852 472 1895 censibus
492 1853 749 1902 contributi,
772 1853 954 1897 mittunt
975 1855 1030 1898 ad
1050 1871 1148 1897 eum
1168 1855 1334 1913 legatos
1355 1869 1532 1912 seseque
1553 1854 1769 1914 imperata

277 1911 471 1954 facturos
514 1911 794 1970 pollicentur.
881 1912 975 1956 Hos
1017 1913 1356 1958 Tarraconenses
1397 1921 1442 1956 et
1485 1913 1683 1957 Jacetani
1720 1923 1767 1958 et

277 1970 488 2013 Ausetani
520 1979 565 2013 et
600 1971 747 2029 paucis
778 1981 876 2029 post
905 1972 1060 2015 diebus
1083 1972 1476 2032 IllurgavonenseS‚
1509 1972 1586 2031 qui
1607 1972 1766 2018 flumen

277 2066 342 2105 vis,
366 2077 426 2107 per
438 2066 569 2098 medias
600 2066 742 2098 hostiles
770 2074 880 2100 vecta.
905 2067 937 2098 vi
956 2074 987 2099 et

277 2110 409 2152 impetu
435 2117 581 2143 vecturae
601 2122 714 2143 remos
728 2122 842 2143 earum
871 2112 988 2144 refrin-

275 2154 338 2194 git,
369 2155 450 2193 (hoc
482 2155 574 2186 enim
604 2162 637 2186 et
670 2157 837 2196 «letm-que
869 2158 989 2192 remos)

280 2198 389 2240 iisque
438 2198 590 2230 refractis
628 2210 788 2231 convorsa
823 2201 864 2231 ad
907 2211 987 2231 suos

275 2243 376 2275 redit.
421 2243 618 2274 sexcenties
646 2244 712 2275 hoc
738 2245 771 2276 in
789 2244 986 2276 narrationi-

277 2287 342 2319 bus
379 2293 529 2319 veterum
575 2287 780 2328 scriptorum
827 2289 985 2320 occurrit.

276 2332 394 2363 Graeee
410 2331 534 2363 dicitur
551 2329 717 2364 διέκπλους.
742 2333 792 2364 ΙΙΙ.
819 2332 897 2363 vid.
911 2332 985 2364 Liv.

257 2379 329 2416 ⁴28,
356 2378 396 2407 30
413 2382 447 2407 et
465 2377 518 2413 36,
536 2379 589 2406 41.
615 2379 667 2410 38,
685 2381 715 2407 5.
761 2377 816 2408 Cf.
837 2377 986 2408 Schess'er

275 2421 318 2454 de
347 2430 382 2451 re
409 2430 486 2451 nav.
512 2422 543 2457 3,
571 2422 601 2450 6.
649 2420 736 2451 Nota
764 2421 984 2462 ‹listorquere-.

277 2464 471 2506 infringere.

255 2508 259 2513 “
321 2511 489 2551 ,-1νιι’]ὶ(-ὴ;ς.
529 2506 638 2538 Codd.
657 2514 690 2538 ct
715 2508 791 2538 edd.
819 2516 884 2540 vot.
902 2512 984 2541 arli-

266 2555 353 2594 ficis.
395 2554 473 2586 Inde
490 2551 577 2583 Scal.
608 2551 693 2582 bene
717 2553 874 2590 artificiis.
914 2553 981 2585 Alii

274 2607 452 2638 perperam
469 2595 604 2635 ανιιζίῐείὶ
617 2595 669 2626 vel
685 2597 864 2636 armis-um.

320 2642 436 2674 Subito
475 2650 517 2672 em
546 2640 687 2671 leumae'da
717 2643 873 2671 materia.
930 2640 980 2672 Cf.

250 2723 253 2725 ,
275 2685 417 2718 omnino
434 2698 464 2718 c.
483 2685 535 2716 36.
562 2685 611 2714 M.

319 2732 456 2761 Dio-ersi
479 2728 694 2774 pugynnbtml.
724 2738 801 2769 pars
816 2738 891 2759 cum
906 2729 983 2764 hav.

273 2785 349 2814 pars
377 2785 455 2806 cum
498 2773 556 2805 illa
587 2782 691 2804 nave:
731 2783 807 2804 nam
840 2771 980 2810 singula·

268 2827 369 2849 naves
400 2817 541 2850 (kt-saris
569 2827 648 2848 cum
685 2816 776 2848 binis
801 2817 981 2849 hostilibus

275 2863 487 2902 pugnabant.
513 2862 562 2894 M·

320 2907 394 2939 Ilm*
426 2911 580 2949 primum.
613 2907 696 2937 saw.
755 2906 816 2936 Aul
846 2905 982 2945 legetur.

1062 2069 1136 2099 Hoc
1152 2069 1321 2109 praelium,
1346 2077 1449 2108 quarn
1468 2066 1650 2099 lectionem
1666 2066 1767 2100 Cinc-

1055 2112 1178 2143 conius
1195 2111 1355 2143 codicum
1370 2122 1443 2143 esse
1460 2110 1563 2152 dicit5
1586 2111 1644 2143 sed
1669 2111 1766 2145 eodi-

1056 2167 1112 2187 (οε
1134 2166 1199 2187 non
1227 2155 1436 2187 nominavit:
1459 2160 1531 2193 aut,
1551 2153 1632 2197 quia
1656 2161 1766 2189 exsut

1057 2199 1160 2231 ctiam
1191 2199 1223 2231 in
1249 2201 1349 2231 codd.
1406 2201 1481 2232 Hoc
1509 2202 1662 2241 prauum
1685 2210 1766 2233 cm

1058 2247 1186 2276 Caesari
1200 2261 1244 2267 —
1260 2261 1317 2283 ——‚
1337 2244 1414 2275 inde
1429 2242 1504 2275 erui
1518 2243 1656 2285 poterit,
1687 2244 1762 2278 Hoc

1054 2300 1161 2330 quum
1173 2291 1328 2331 primum
1353 2289 1485 2320 Caesart'
1507 2304 1553 2310 —
1579 2290 1764 2321 nmtcialw

1054 2351 1109 2363 -.
1128 2333 1178 2364 M.
1226 2333 1270 2364 Ut
1287 2331 1328 2363 G.
1349 2335 1380 2365 3.
1402 2333 1433 2363 9.
1481 2330 1604 2373 Sealig.
1623 2332 1762 2365 deden:

1057 2379 1131 2409 Hoc
1146 2378 1273 2409 Coesari
1287 2376 1335 2407 ml
1353 2377 1574 2408 [Auunciato.
1599 2374 1762 2409 Ciaccon.

1053 2421 1255 2463 conjiciebat
1271 2419 1407 2461 egregie
1423 2432 1430 2450 :
1459 2420 1533 2452 Hoc
1543 2420 1646 2452 simul
1661 2419 1698 2453 C.
1713 2421 1762 2453 ad

1055 2466 1098 2496 Il.
1123 2468 1279 2497 nunciam
1304 2471 1337 2495 et
1365 2464 1397 2495 id
1420 2465 1525 2495 sim-d
1549 2463 1708 2496 Juriniun
1723 2463 1758 2497 in

1051 2509 1186 2541 duabus
1200 2509 1276 2540 edd.
1294 2507 1436 2541 vetustis
1450 2507 1599 2549 reperit..

1098 2555 1271 2585 Percerriti
1285 2555 1359 2585 τίνι.
1384 2554 1545 2595 equitum.
1600 2550 1702 2583 Redit
1714 2551 1758 2583 td

1051 2608 1080 2627 c.
1100 2601 1153 2628 55.
1179 2599 1228 2629 M.

1098 2643 1214 2673 Minus
1228 2641 1339 2672 libere.
1364 2640 1446 2673 Haec
1456 2639 1559 2672 verba
1570 2639 1605 2672 in
1615 2643 1755 2681 utruque

1049 2685 1203 2717 editione
1219 2696 1279 2717 sua
1296 2685 1413 2717 omisit
1423 2684 1513 2716 Oud.
1531 2684 1589 2716 sed
1605 2683 1705 2716 codd.
1721 2688 1756 2716 et

1049 2731 1124 2761 cdd.
1143 2740 1259 2762 omnes
1274 2730 1411 2761 habent.

1094 2775 1261 2805 Jacetani.
1287 2773 1354 2806 Alii
1376 2774 1546 2805 Lacetani.
1572 2772 1623 2804 M.

1096 2819 1401 2861 Illuryawroenses.
1429 2817 1506 2850 Liv.
1525 2820 1578 2854 22,
1595 2817 1647 2849 91.
1666 2815 1752 2850 Iler-

1049 2873 1225 2895 caonenses
1240 2861 1336 2895 dicit.
