1946 3261
288 262 379 308 340
772 258 855 304 DE
889 258 1092 304 BELLO
1125 259 1336 305 CIVILI.

289 393 489 450 parentes
509 399 605 428 suos
625 386 995 437 commendabant,
1031 387 1065 429 si
1085 403 1192 445 quos
1222 404 1274 430 ex
1296 402 1346 429 eo
1370 385 1564 445 periculo
1597 386 1773 431 fortuna

289 461 463 491 servare
485 444 713 503 potuisset.
778 446 911 488 Plena
933 454 1057 488 erant
1079 448 1221 489 omnia
1244 447 1408 489 timoris
1431 454 1475 488 et
1495 446 1653 488 luctus.

349 504 420 546 42.
456 503 594 546 Curio
626 504 718 553 ubi,
753 505 998 562 perterritis
1032 505 1245 555 omnibus,
1282 521 1420 561 neque
1458 504 1773 547 cohortationes

290 579 402 613 suas,
421 578 560 619 neque
579 563 887 621 precesaudiri
905 563 1136 622 intellegit,
1155 580 1300 613 unam,
1321 573 1371 605 ut
1389 563 1550 605 miseris
1567 563 1610 605 in
1627 562 1773 611 rebus,

288 638 411 680 spem
431 621 646 679 reliquam
667 622 816 664 salutis
836 639 922 664 esse
943 622 1199 672 arbitratus,
1228 622 1444 681 proximos
1467 622 1596 665 colles
1619 636 1773 679 capere

292 681 513 724 universos
549 688 682 738 atque
718 697 767 723 eo
805 681 925 738 signa
957 680 1107 723 inferri
1135 681 1276 739 jubet.
1341 681 1434 724 Hos
1470 696 1644 738 quoque
1665 694 1774 737 prae-

292 747 482 798 occupat
514 739 662 782 missus
692 755 717 781 a
742 740 913 782 Sabura
936 740 1172 797 equitatus.
1235 740 1348 782 Tum
1371 755 1472 782 vero
1492 740 1545 781 ad
1566 752 1775 781 summam

291 797 638 856 desperationem
659 798 794 840 nostri
815 799 1076 856 perveniunt
1097 806 1142 837 et
1163 798 1324 852 partim
1344 797 1556 853 fugientes
1577 797 1633 838 ab
1655 795 1774 852 equi-

293 864 394 899 tatu
425 856 762 906 interficiuntur,
795 857 957 915 partim
992 852 1150 910 integri
1183 853 1490 910 procumbunt.
1556 853 1776 895 Hortatur

296 914 535 958 Curionem
573 915 655 955 Cn.
689 915 922 964 Domitius,
964 911 1200 952 Praefectus
1240 911 1453 967 equitum,
1492 927 1592 953 cum
1628 911 1778 969 paucis

289 972 511 1030 equitibus
530 970 858 1019 circumsistens,
880 979 929 1012 ut
950 968 1055 1026 fuga
1073 968 1257 1011 salutem
1278 977 1400 1026 petat
1419 977 1552 1026 atque
1574 969 1617 1011 in
1635 978 1778 1012 castra

291 1032 554 1078 contendam
600 1036 645 1071 et
682 1043 726 1069 se
762 1027 820 1069 ab
861 1042 913 1068 eo
950 1042 1036 1069 non
1074 1026 1360 1070 discessurum
1397 1028 1640 1085 pollicetur.
1713 1028 1776 1069 At

292 1089 451 1138 Curio,
482 1102 733 1145 numquam,
766 1085 918 1128 amisso
940 1085 1147 1136 exercitu,
1179 1102 1309 1143 quern
1332 1102 1358 1128 a
1381 1086 1550 1128 Caesare
1571 1085 1667 1128 fidei
1690 1102 1776 1128 suae

292 1146 565 1190 commissum
587 1145 819 1201 acceperit,
845 1160 887 1186 se
909 1143 952 1186 in
972 1145 1062 1202 ejus
1082 1154 1359 1202 conspectum
1383 1159 1657 1187 reversurum
1678 1160 1777 1188 con-

291 1205 441 1249 firmat
474 1212 607 1261 atque
639 1203 701 1244 ita
734 1202 937 1261 proelians
959 1202 1232 1246 interficitur.
1296 1203 1475 1259 Equites
1496 1204 1702 1261 perpauci
1724 1219 1777 1245 ex

294 1263 454 1323 proelio
476 1279 519 1304 se
538 1261 777 1319 recipiunt:
811 1261 885 1303 sed
904 1262 948 1310 ii,
971 1276 1080 1317 quos
1100 1261 1155 1304 ad
1177 1261 1451 1304 novissimum
1472 1276 1627 1318 agmen
1648 1276 1777 1318 equo-

292 1339 391 1366 rum
410 1320 741 1364 reficiendorum
769 1335 915 1361 caussa
935 1320 1175 1362 substitisse
1196 1321 1539 1362 demonstratum
1560 1328 1639 1369 est,
1672 1322 1778 1377 fuga

292 1380 429 1424 totius
446 1378 661 1421 exercitus
682 1378 838 1435 procul
861 1377 1174 1427 animadversa,
1205 1394 1293 1420 sese
1313 1378 1545 1420 incolumes
1570 1378 1613 1420 in
1637 1387 1777 1420 castra

295 1438 538 1482 conferunt.
604 1436 771 1478 Milites
791 1436 846 1478 ad
867 1452 1002 1479 unum
1024 1452 1168 1479 omnes
1188 1436 1522 1479 interficiuntur.

356 1497 429 1539 43.
473 1496 556 1538 His
597 1495 724 1538 rebus
764 1495 962 1551 cognitis,
1005 1496 1069 1537 M.
1106 1495 1250 1538 Rufus
1290 1497 1505 1545 Quaestor,
1547 1493 1589 1536 in
1627 1493 1779 1536 castris

296 1555 473 1598 relictus
495 1571 519 1596 a
545 1554 752 1604 Curione,
775 1554 1030 1597 cohortatur
1056 1570 1168 1605 suos,
1191 1571 1242 1597 ne
1264 1555 1404 1596 animo
1430 1553 1647 1596 deficiant.
1708 1553 1778 1595 Illi

288 1622 425 1657 >orant
455 1621 589 1670 atque
610 1613 852 1663 obsecrant,
879 1621 929 1655 ut
962 1613 1004 1656 in
1039 1614 1231 1656 Siciliam
1263 1612 1446 1656 navibus
1481 1620 1777 1670 reportentur.

346 1702 520 1733 Parentes.
564 1699 751 1731 Marciand.
780 1710 815 1740 p.
834 1701 909 1730 268.
934 1700 1006 1731 vult

298 1745 461 1783 absentes,
472 1743 554 1786 quia
568 1744 661 1775 nulla
676 1744 858 1784 conjugum
874 1749 906 1774 et
920 1743 1008 1775 libe-

299 1798 413 1837 rorum
432 1788 643 1829 aliarumque
663 1786 949 1820 necessitudinum
973 1788 1009 1819 fit

296 1839 441 1864 mentlo.

346 1877 454 1917 Atque
465 1886 501 1904 en
513 1878 623 1915 siyna.
655 1874 870 1906 Man-landus
886 1885 918 1912 p.
931 1877 1007 1904 269.

298 1917 379 1950 heic
410 1923 511 1959 atque
549 1915 739 1957 significare
774 1915 844 1945 vult
881 1915 1007 1946 statim.

298 1963 352 1995 De
367 1961 434 1993 hoc
450 1971 551 1992 sensu
566 1960 661 1991 vocis
677 1970 708 1989 v.
722 1959 874 1990 Gellium
890 1960 940 1997 10,
956 1961 1010 1989 99.

298 2006 406 2037 Gron.
421 2006 464 2037 ad
481 2004 558 2036 Liv.
571 2006 624 2042 26,
641 2005 693 2034 39.
731 2002 864 2033 Ernesti
878 2003 1008 2033 clavem

299 2049 375 2081 Cic.
403 2054 438 2080 et
466 2048 565 2080 Parei
595 2046 729 2079 lexicon
755 2046 945 2077 Plautinum
970 2056 1011 2077 ea

1073 1701 1320 1733 contendentis.
1382 1702 1471 1741 Ergo
1518 1701 1656 1732 fortasse
1706 1699 1779 1731 sine

1072 1756 1189 1776 caussa
1221 1745 1441 1776 Marciandus
1474 1743 1506 1775 in
1541 1744 1677 1785 Explic.
1709 1750 1775 1774 vet.

1072 1795 1160 1820 auct.
1175 1800 1207 1830 p.
1220 1791 1282 1819 96⁴.)
1296 1789 1529 1819 difficultatem
1546 1788 1577 1818 in
1589 1799 1630 1818 eo
1644 1788 1776 1828 quaerit,

1073 1833 1163 1872 quod
1189 1832 1238 1863 ibi
1261 1832 1348 1862 nihil
1372 1833 1412 1862 dc
1433 1832 1567 1872 agmine
1591 1831 1779 1862 novissimo

1074 1875 1203 1905 dictum
1221 1882 1281 1906 est.
1308 1877 1356 1906 JI.

1122 1920 1225 1959 Fusya.
1253 1921 1349 1949 tatius
1375 1921 1536 1950 exercitus·
1562 1919 1679 1959 procul
1703 1921 1779 1949 nni-

1075 1963 1188 1992 mmlr.
1236 1964 1325 1993 Idem
1352 1962 1408 1993 ille
1438 1962 1655 1993 Marciandus
1684 1962 1780 2000 dicit,

1076 2004 1197 2035 falsum
1214 2016 1287 2035 esse
1303 2006 1367 2035 hoc
1384 2007 1424 2035 de
1440 2006 1517 2045 fuga
1534 2005 1637 2036 totius
1652 2005 1777 2037 exerci-

1076 2053 1140 2085 tus,
1171 2048 1251 2089 quia
1287 2058 1352 2079 non
1392 2059 1508 2079 omnes
1545 2049 1710 2089 fugerunt,
1743 2057 1778 2080 ut

301 2104 399 2125 voce.
438 2092 553 2130 Quaeri
569 2097 678 2123 tamen
694 2090 879 2131 pote1⁴it.an
895 2096 1010 2122 nostro
1075 2091 1190 2122 Caesar
1219 2091 1290 2132 ipse
1315 2092 1421 2129 dixit;
1454 2093 1590 2132 vultque
1617 2094 1702 2123 adeo
1732 2092 1779 2124 sic

301 2138 382 2169 loco
399 2147 438 2167 ea
454 2135 663 2177 significatio
682 2135 724 2166 sit
739 2134 967 2165 admittenda?

353 2181 494 2221 Inteqri,
520 2179 579 2220 qui
611 2190 651 2210 ne
680 2184 847 2209 tentarunt
875 2178 1011 2219 quidem

305 2224 435 2264 fugere,
472 2224 541 2261 sed,
580 2228 616 2253 ut
650 2228 738 2259 sunt,
775 2222 1011 2263 procumbunt.

305 2267 392 2298 Sunt
408 2277 487 2307 ergo
506 2266 625 2307 integri
641 2267 682 2297 ad
698 2267 837 2297 caedem.
878 2266 966 2297 Nam
984 2266 1012 2297 is

304 2317 358 2343 est
375 2311 504 2352 integer
521 2311 560 2341 ad
577 2311 792 2341 commodum
808 2316 865 2340 aut
881 2310 1012 2341 incom-

307 2355 450 2388 modum
472 2354 624 2394 aliquod,
650 2353 708 2394 qui
732 2353 914 2384 nihildum
933 2354 1012 2385 fecit

308 2404 371 2430 aut
390 2409 510 2439 passus
525 2403 588 2436 est,
611 2408 679 2438 quo
696 2397 778 2427 illud
795 2399 1010 2429 commodum

306 2448 371 2474 aut
391 2442 644 2473 incommodum
667 2440 872 2481 inpediretur
887 2442 937 2472 vel
954 2443 1013 2472 ad-

302 2487 488 2528 juvaretur,
502 2486 684 2516 tardaretur
693 2489 752 2515 aut
761 2486 982 2516 accelerarem
989 2498 1012 2517 r.

310 2530 382 2569 Qui·
404 2541 484 2571 ergo
506 2530 653 2560 nondum
668 2528 814 2567 effugere
829 2528 933 2569 coepit
950 2539 1013 2561 ca·-

309 2575 405 2612 dem,
420 2573 448 2605 is
463 2579 513 2604 est
528 2572 655 2614 integer
670 2572 712 2603 ad
728 2572 866 2603 caedem.
894 2574 939 2603 M.

359 2618 458 2650 Fidei
471 2627 551 2649 ενα).
595 2617 630 2647 Id
644 2626 713 2647 suoe
729 2616 761 2647 in
778 2616 878 2647 codd.
894 2622 925 2646 et
941 2618 1014 2648 edd.

309 2673 362 2705 pr.
380 2662 485 2693 deest.

358 2706 525 2738 Proeh'ans
549 2706 758 2745 interficitur.
803 2703 886 2744 Ejus
912 2711 1017 2745 caput

308 2750 355 2780 ad
383 2749 510 2781 Jubam
536 2749 701 2789 pei-latum
725 2752 786 2779 est.
818 2747 965 2788 Appian.
984 2754 1015 2786 Q,

312 2795 367 2823 45.
386 2804 420 2833 p.
438 2794 513 2823 456.
536 2793 587 2826 M.

359 2837 546 2868 Substitisse
572 2836 754 2868 ‹lemonstiu
782 2839 841 2865 est.
868 2845 946 2875 cap.
975 2837 1014 2866 ,⁶39

311 2884 394 2910 extr.
442 2880 515 2910 Hoc
539 2880 615 2910 loco
641 2884 851 2919 comparato,
871 2879 1015 2919 quilibet

308 2921 488 2963 intelliget,
512 2923 559 2953 ml
574 2925 787 2954 novissimum
807 2933 924 2964 agmen
942 2934 1014 2954 esse

312 2966 465 3004 omnino,
491 2976 511 2997 a
534 2971 627 3006 tergo
647 2965 827 3000 exercitus.
853 2966 885 2998 in
902 2966 1014 2998 hostes

1075 2135 1163 2176 legi:
1187 2137 1245 2166 sed
1260 2138 1282 2167 it
1294 2154 1337 2158 —
1350 2136 1498 2176 —fitqffi
1512 2138 1608 2168 totius
1619 2139 1779 2168 eret-citus

1074 2182 1220 2220 periculo
1251 2181 1498 2217 animam-orso,
1527 2190 1592 2211 sese
1611 2197 1656 2202 —
1674 2180 1780 2221 const·

1077 2229 1167 2255 rum.
1213 2223 1291 2255 Non
1323 2234 1490 2264 repugnm
1528 2233 1634 2264 neque
1666 2230 1779 2255 tamen

1076 2267 1300 2298 necessarium
1340 2273 1433 2308 puto.
1467 2266 1569 2297 verba
1604 2273 1778 2308 tantopere

1078 2321 1204 2351 urgere.
1242 2313 1328 2342 Cum
1346 2311 1435 2342 enim
1452 2310 1580 2351 cogito,
1592 2311 1777 2342 exercitum

1076 2354 1247 2394 Curionis,
1263 2355 1475 2395 undiquaque
1492 2354 1641 2385 cinctum
1656 2361 1689 2386 et
1703 2356 1778 2386 des-

1078 2405 1260 2440 perantem,
1274 2399 1386 2430 nullos
1406 2399 1539 2429 ordines
1552 2409 1712 2436 servasse,
1726 2406 1778 2430 at-

1075 2454 1140 2483 que
1178 2443 1264 2474 adeo
1295 2442 1438 2473 victores
1475 2442 1717 2483 perequitantes
1746 2448 1779 2473 et

1077 2486 1196 2518 victos.
1220 2486 1340 2527 partim
1363 2487 1538 2524 fugientes.
1560 2486 1681 2527 partim
1699 2496 1777 2527 pro-

1076 2530 1286 2566 cumbentes,
1323 2530 1447 2561 mixtos
1481 2529 1585 2561 fuisse
1615 2529 1777 2561 invicem:

1077 2583 1189 2604 nonne
1214 2574 1277 2605 hoc
1297 2575 1414 2615 procul
1438 2573 1777 2605 animadvertentibus

1080 2618 1258 2658 pia—buerit
1288 2617 1438 2658 speciem
1476 2618 1579 2648 totius
1613 2617 1776 2648 exercitus

1075 2661 1244 2702 fugientis,
1272 2671 1378 2702 neque
1406 2661 1610 2693 resistentis?
1653 2669 1775 2698 nonne,

1077 2704 1136 2735 ubi
1173 2716 1273 2736 nemo
1312 2705 1448 2743 resistit,
1485 2711 1575 2736 totus
1610 2703 1776 2736 exercitus

1076 2749 1168 2780 susus
1199 2750 1395 2790 fugatusque
1424 2749 1492 2780 dici
1523 2748 1663 2789 poterit?
1700 2747 1774 2778 Non

1075 2792 1235 2834 quaeritur
1257 2794 1299 2824 ad
1324 2793 1481 2836 ἀκρίβειαν,
1507 2803 1548 2824 an
1575 2801 1689 2823 omnes
1704 2802 1777 2821 om-

1078 2837 1157 2867 nino
1184 2837 1344 2877 fugerint?
1371 2838 1428 2867 sed
1448 2836 1529 2877 quid
1551 2835 1666 2876 procul
1687 2840 1775 2865 stan-

1074 2881 1160 2912 tium
1178 2880 1287 2911 oculis
1301 2880 1457 2911 oblatum
1473 2880 1528 2911 sit.
1553 2880 1600 2910 M.

1122 2926 1354 2965 Reporrentur.
1394 2924 1462 2955 Alii
1476 2925 1695 2964 deportentur.
1712 2921 1775 2952 mi-

1079 2978 1140 3001 nus
1156 2968 1253 2999 bene.
1292 2967 1456 2999 venerant
1469 2967 1598 3008 quippe
1614 2976 1632 2996 e
1648 2964 1775 2997 Sicilia.
