1992 3271
658 126 773 172 LIB.
809 126 842 171 I.
908 128 1044 173 CAP.
1080 130 1269 177 47-50.
1675 137 1735 186 37

243 253 275 296 si
298 253 429 297 vellet
448 253 691 298 Ariovistus
709 255 866 314 proelio
883 256 1156 309 contendere,
1177 259 1216 302 ei
1238 267 1427 318 potestas
1445 275 1530 305 non
1549 260 1731 308 deesset.

245 312 490 355 Ariovistus
529 313 591 355 his
629 315 826 357 omnibus
863 315 1013 358 diebus
1044 318 1281 360 exercitum
1308 320 1456 363 castris
1489 322 1730 371 continuit3

241 372 431 428 equestri
460 373 616 430 proelio
645 374 838 430 quotidie
866 374 1100 417 contendit.
1167 377 1314 420 Genus
1334 377 1415 421 hoc
1435 388 1529 422 erat
1550 396 1730 439 pugnae,

241 446 330 487 quo
370 447 412 473 se
452 432 656 474 Germani
697 440 991 474 exercuerant.
1054 432 1269 489 Equitum
1309 437 1426 479 milia
1465 446 1590 482 erant
1628 456 1727 490 sex;

241 489 419 532 totidem
462 506 642 533 numero
681 491 846 547 pedites
882 490 1133 534 velocissimi
1167 507 1216 533 ac
1245 492 1484 543 fortissimi;
1527 513 1637 555 quos
1673 514 1729 542 ex

240 548 355 591 omni
388 548 514 606 copia
549 548 705 590 sinouli
737 548 944 606 singulos,
977 565 1064 592 suae
1095 549 1244 591 salutis
1263 566 1424 602 caussa,
1456 555 1725 612 delegerant.

240 607 353 649 Cum
373 605 436 648 his
457 607 499 648 in
521 584 685 663 proeliis
705 607 1004 657 versabantur,
1021 608 1075 650 ad
1094 607 1170 651 hos
1189 624 1231 650 se
1252 610 1419 667 equites
1434 611 1729 671 recipiebant:

234 664 293 713 hi,
315 665 349 706 si
367 665 473 721 quid
489 673 582 706 erat
599 665 765 714 durius,
785 667 1122 709 concurrebant:
1155 667 1189 709 si
1209 667 1303 725 qui,
1325 669 1525 726 graviore
1546 673 1729 717 vulnere

233 732 431 780 accepto,
454 739 567 780 equo
588 723 822 773 deciderat,
843 724 1235 768 circumsistebant:
1269 726 1302 768 si
1325 742 1414 784 quo
1435 736 1530 770 erat
1554 729 1728 789 longius

234 781 552 840 prodeundum,
583 790 660 823 aut
681 782 860 824 celerius
880 784 1190 841 recipiendum,
1221 792 1343 827 tanta
1361 795 1456 828 erat
1477 786 1632 830 horum
1653 806 1726 833 ex-

231 841 485 883 ercitatione
523 841 734 890 celeritas,
777 850 843 891 ut,
877 842 994 900 jubis
1029 858 1244 901 equorum
1276 843 1508 896 sublevati,
1547 862 1726 894 cursum

229 900 522 957 adaequarent.

288 958 360 1001 49.
397 958 490 1002 Ubi
518 974 617 1000 eum
643 958 790 1001 castris
817 974 860 1001 se
881 967 1027 1002 tenere
1050 960 1196 1003 Caesar
1221 959 1452 1011 intellexit,
1486 978 1538 1006 ne
1559 963 1727 1009 diutius

231 1025 472 1060 commeatu
494 1017 819 1075 prohiberetur,
852 1019 970 1061 ultra
991 1034 1090 1061 eum
1112 1019 1272 1069 locum,
1304 1036 1395 1079 quo
1426 1021 1468 1064 in
1490 1022 1587 1066 loco
1612 1025 1724 1067 Ger-

229 1076 342 1119 mani
384 1076 676 1125 consederent,
713 1077 887 1119 circiter
928 1093 1075 1135 passus
1111 1087 1333 1121 sexcentos
1372 1080 1428 1122 ab
1460 1081 1534 1131 eis,
1573 1084 1727 1126 castris

229 1134 429 1178 idoneum
462 1135 605 1177 locum
639 1135 816 1193 delegit,
851 1136 1029 1193 acieque
1063 1136 1228 1195 triplici
1260 1138 1488 1188 instructa,
1531 1141 1587 1184 ad
1620 1157 1725 1185 eum

228 1193 372 1236 locum
394 1194 526 1236 venit.
592 1194 780 1236 Primam
814 1202 858 1236 et
887 1194 1116 1237 secundam
1136 1196 1270 1238 aciem
1290 1196 1333 1239 in
1353 1198 1482 1239 armis
1502 1215 1604 1249 esse,
1636 1208 1726 1244 ter-

228 1252 330 1294 tiam
354 1261 493 1294 castra
518 1253 685 1294 munire
708 1253 847 1309 jussit.
913 1253 998 1295 Hie
1022 1253 1142 1296 locus
1162 1254 1219 1296 ab
1237 1254 1360 1298 hoste
1380 1256 1553 1301 circiter
1576 1274 1726 1317 passus

227 1319 463 1360 sexcentos,
496 1311 561 1353 uti
591 1311 755 1352 dictum
778 1320 856 1354 est.
888 1311 1054 1354 aberat.
1117 1312 1184 1355 Eo
1206 1314 1379 1357 circiter
1401 1314 1622 1359 hominum
1642 1333 1724 1361 nu-

226 1385 345 1412 mero
366 1369 474 1411 XVI
498 1369 614 1411 milia
630 1369 832 1427 expedita
853 1385 952 1411 cum
970 1370 1084 1413 omni
1105 1371 1307 1427 equitatu
1327 1373 1574 1417 Ariovistus
1590 1376 1722 1427 misit,

226 1445 325 1485 quae
361 1429 497 1486 copiae
536 1437 704 1470 nostros
741 1436 1037 1486 perterrerent
1069 1437 1113 1470 et
1147 1430 1385 1473 munitione
1420 1433 1720 1490 prohiberent.

228 1486 379 1529 Nihilo
401 1487 535 1529 secius
560 1487 719 1536 Caesar,
755 1495 805 1528 ut
832 1494 932 1528 ante
953 1487 1256 1537 constituerat,
1289 1489 1395 1531 duas
1425 1491 1534 1533 acies
1555 1491 1723 1537 hostem

225 1545 500 1603 propulsare,
535 1544 709 1586 tertiam
742 1561 853 1602 opus
875 1544 1098 1602 perficere,
1126 1546 1266 1603 jussit.
1332 1548 1518 1591 Munitis
1552 1552 1721 1603 castris,

222 1603 327 1645 duas
348 1604 407 1646 ibi
428 1603 615 1661 legiones
634 1603 812 1660 reliquit
833 1612 876 1644 et
898 1613 1068 1660 partem
1089 1604 1375 1655 auxiliorum
1408 1615 1602 1665 quatuor
1621 1611 1720 1655 reli-

223 1679 329 1721 quas
351 1663 394 1705 in
415 1672 555 1704 castra
575 1661 738 1718 majora
767 1661 954 1704 reduxit.

281 1722 352 1764 50.
392 1721 596 1763 Proximo
630 1721 714 1769 die,
747 1721 948 1763 instituto
982 1737 1076 1771 suo,
1113 1721 1257 1764 Caesar
1286 1738 1309 1764 e
1342 1724 1493 1767 castris
1521 1725 1722 1787 utrisque

221 1781 367 1848 copias
408 1796 504 1822 suas
544 1780 713 1822 eduxit:
764 1779 1052 1838 paullumque
1093 1797 1119 1822 a.
1159 1781 1396 1839 majoribus
1443 1800 1719 1843 progressus,

218 1856 352 1882 aclem
375 1839 583 1882 instruxit
600 1838 885 1896 hostibusque
906 1839 1130 1897 pugnandi
1160 1849 1423 1897 potestatem
1446 1842 1565 1886 fecit.
1623 1846 1720 1892 Ubi

218 1913 271 1941 ne
291 1907 385 1941 tum
406 1897 581 1957 quidem
602 1914 673 1940 eos
691 1897 868 1956 prodire
890 1898 1118 1947 intellexit,
1149 1899 1322 1942 circiter
1347 1900 1568 1946 meridiem
1594 1919 1716 1949 exer-

218 1958 353 2000 citum
387 1958 431 2000 in
463 1965 601 1999 castra
640 1957 826 2000 reduxit.
897 1956 1012 1998 Tum
1047 1957 1222 1999 demum
1259 1958 1504 2002 Ariovistus
1538 1971 1712 2020 partem

217 2032 393 2059 suarum
435 2016 678 2074 copiarum,
717 2031 815 2073 quae
853 2023 993 2058 castra
1029 2016 1197 2058 minora
1237 2017 1532 2075 obpugnaret,
1567 2022 1711 2066 misit:

216 2077 376 2118 acriter
408 2075 629 2131 utrimque
663 2091 800 2132 usque
832 2075 886 2117 ad
913 2091 1139 2133 vesperum
1175 2084 1421 2133 pugnatum
1447 2087 1526 2121 est.
1592 2081 1709 2126 Solis

216 2151 368 2178 occasu
398 2150 494 2176 suas
527 2134 672 2192 copias
702 2133 964 2183 Ariovistus,
995 2133 1144 2176 multis
1183 2142 1228 2176 et
1261 2134 1404 2178 inlatis
1433 2145 1479 2179 et
1515 2142 1709 2198 acceptis

215 2193 483 2242 vulneribus,
514 2193 557 2235 in
590 2200 731 2235 castra
751 2192 940 2234 reduxit.
1004 2193 1154 2242 Quum
1188 2209 1242 2235 ex
1272 2194 1456 2252 captivis
1487 2209 1708 2255 quaereret

216 2253 375 2302 Caesar,
399 2268 531 2311 quam
550 2252 608 2294 ob
628 2267 718 2294 rem
739 2251 984 2294 Ariovistus
1013 2251 1169 2310 proelio
1190 2267 1276 2295 non
1303 2253 1562 2306 decertaret,
1592 2256 1704 2301 hanc

212 2312 458 2371 reperiebat
496 2326 700 2360 caussam,
749 2310 869 2368 quod
906 2310 1027 2369 apud
1065 2311 1302 2356 Germanos
1347 2328 1397 2355 ea
1433 2318 1701 2361 consuetudo

260 2425 354 2465 δίης.
380 2426 466 2466 sinq.
512 2422 681 2454 Dicebant
709 2421 833 2454 etiam:
871 2423 923 2454 tir
980 2422 1067 2454 Cod.
1092 2422 1232 2464 plurimi
1257 2423 1396 2456 habent.
1443 2424 1499 2457 Sic
1515 2433 1548 2459 et
1565 2431 1595 2458 5.
1612 2430 1645 2467 2,
1663 2429 1703 2459 4.

210 2469 319 2500 virum,
333 2469 418 2509 leyit.
461 2466 573 2499 Tacit.
588 2467 700 2499 Germ.
715 2476 746 2497 c.
765 2468 796 2496 6.
841 2465 920 2498 Fuit
979 2471 1012 2499 5.
1037 2471 1069 2505 5,
1092 2473 1159 2498 etc.

209 2523 289 2553 ergo
307 2511 373 2543 hoc
389 2521 496 2552 genus
518 2510 683 2552 peditum,
705 2521 793 2551 quos
809 2510 919 2542 Graeci
1026 2512 1053 2542 Α
1084 2512 1273 2550 majoribus.
1328 2511 1487 2554 Plerique
1523 2515 1624 2546 codd.
1659 2522 1694 2548 et

209 2556 351 2590 ἀνίτπους
379 2555 547 2593 dixerunt,
575 2561 611 2586 ut
635 2566 653 2586 e
680 2554 922 2594 Xenophontis
976 2555 1332 2588 edd.adduntcascris.
1368 2557 1553 2589 Recte.M.

209 2599 291 2631 hist.
308 2600 365 2631 Gr.
382 2601 414 2637 7,
438 2603 470 2637 5,
494 2603 535 2631 23
557 2600 710 2640 adparet,
733 2597 792 2629 ubi
820 2598 918 2638 plura
1024 2600 1124 2641 Apud
1151 2601 1330 2631 Germanos
1350 2602 1557 2633 consuetudo.
1602 2602 1694 2635 Atti-

208 2643 294 2675 dixi.
312 2644 363 2674 M.
412 2644 512 2684 Copia
526 2643 602 2674 heic
619 2654 679 2684 pro
695 2640 858 2677 exercitu,
883 2649 919 2674 ut
974 2649 1092 2683 gerunt
1109 2643 1195 2674 hanc
1216 2643 1497 2675 consuetudinem
1514 2646 1690 2679 Plutarch.

208 2688 301 2729 apud
327 2687 401 2718 Cic.
426 2687 467 2717 ad
492 2688 561 2718 Att.
587 2693 664 2728 post
688 2687 719 2722 8,
747 2686 798 2715 12.
837 2685 918 2718 Sall.
976 2687 1009 2718 in
1027 2687 1114 2718 Caes.
1131 2697 1162 2718 c.
1179 2688 1228 2718 19.
1245 2693 1278 2718 et
1294 2687 1361 2718 Dio
1377 2687 1471 2719 Cass.
1487 2691 1541 2727 38,
1554 2692 1609 2728 48,
1624 2691 1686 2723 ubi

208 2732 282 2764 Cat.
300 2734 354 2762 56.
377 2730 488 2761 Tacit.
505 2731 546 2761 A.
562 2734 595 2767 2,
612 2735 665 2762 52.
689 2728 742 2760 (tf.
758 2729 871 2760 Index.
973 2731 1040 2762 hoc
1057 2730 1172 2772 ipsum
1186 2730 1316 2762 bellum
1330 2730 1473 2762 Caesaris
1490 2742 1568 2765 cum
1585 2734 1688 2766 Ario-

255 2778 292 2807 Si
307 2778 364 2817 qai
380 2785 441 2816 pro
457 2777 485 2806 si
498 2777 584 2817 quas.
630 2774 684 2806 Sic
701 2772 740 2804 C.
760 2775 788 2811 l,
807 2775 862 2805 84.
885 2777 918 2813 2,
971 2775 1062 2806 visto
1078 2774 1293 2805 describitur.
1339 2775 1390 2805 De
1406 2775 1610 2810 mulieribus
1633 2779 1688 2811 his

209 2823 262 2852 24.
288 2821 329 2852 Al
362 2821 413 2850 16.
972 2818 1137 2856 fatidicis,
1168 2817 1294 2859 quibus
1331 2829 1455 2851 nomen
1484 2820 1687 2855 Alrunarum

254 2865 439 2896 Dece'demt.
454 2864 501 2895 al.
515 2863 715 2896 deciderant.
972 2874 1031 2895 seu
1043 2861 1273 2894 Alironiarum
1287 2864 1336 2904 (v.
1347 2863 1522 2896 Wachteri
1532 2866 1691 2899 Glossar-

253 2910 413 2950 Numero,
425 2908 672 2942 all-numerum.
686 2906 733 2940 al.
744 2905 920 2943 omittunt.
972 2907 1129 2942 German.
1146 2905 1182 2941 in
1197 2917 1231 2941 v·
1245 2907 1434 2948 Alraunen)
1450 2907 1553 2944 fuisse
1569 2911 1689 2956 perhi-
