1946 3261
686 158 806 228 Lm.
839 183 927 230 111.
990 183 1131 229 cAP.
1163 184 1207 238 5,
1241 186 1285 229 6.

251 330 396 359 caussa
431 314 547 358 omni
585 329 663 358 ora
704 314 938 358 marituma
975 314 1153 358 classem
1192 315 1481 383 disposuerat.
1546 316 1741 362 Praeerat

252 376 370 434 AEgy
375 374 473 441 ptiis
494 374 675 417 navibus
701 375 932 433 Pompeius
953 373 1093 421 filius3
1127 375 1329 419 Asiaticis
1352 377 1410 419 D.
1437 376 1593 419 Laelius
1615 385 1660 420 et
1683 378 1738 420 C.

253 433 702 500 Tria1ius;Sy1iacis
727 434 778 476 C
807 434 1009 483 Cassius3
1053 433 1235 476 Rhodiis
1276 435 1608 479 C.Ma1eellus
1641 452 1738 479 cum

255 491 878 551 C.Cop0nio;Libu1·nicae
915 501 1048 550 atque
1088 491 1284 535 Achaieae
1322 494 1442 537 classi
1487 495 1739 539 Scribonius

255 552 368 595 Libo
405 560 450 594 et
490 551 556 593 M.
602 552 844 594 Octavius:
895 552 990 595 toti
1020 559 1164 593 tamen
1216 552 1355 594 officio
1392 553 1626 597 maritumo
1669 555 1739 598 Μ.

255 610 439 654 Bibulus
458 610 719 668 praepositus
753 619 910 654 cuncta
946 610 1306 653 administrabat.
1340 610 1398 653 ad
1426 612 1540 656 hunc
1574 629 1740 657 summa.

252 668 421 726 imperii
438 669 710 726 respiciebat.

312 727 353 769 6.
390 727 550 779 Caesar,
580 736 630 770 ut
661 728 940 771 Brundisium
959 728 1094 778 venit,
1115 728 1393 773 concionatus
1414 729 1534 788 apud
1556 731 1741 775 milites.

253 793 284 814 “
306 786 512 844 quoniam
544 803 681 846 prope
714 788 769 831 ad
804 789 933 830 finem
968 789 1171 831 laborum
1208 804 1258 830 ac
1297 789 1596 846 periculorum
1637 801 1744 835 esset

253 852 283 873 “
307 854 585 904 perventum,
625 863 750 904 aequo
785 847 927 890 animo
967 847 1180 914 mancipia
1211 855 1346 906 atque
1384 848 1708 906 inpedimenta'
1699 866 1743 893 111

253 911 281 932 ‘⁶
306 905 436 947 Italia
453 905 675 964 relinquel
678 914 782 955 ent;
817 906 901 965 ipsi
922 906 1113 964 expediti
1132 922 1214 949 nav
1218 923 1260 949 es
1278 908 1537 950 conscende1
1540 917 1630 958 ent,
1653 925 1742 976 quo

253 971 281 991 “
303 980 442 1022 major
471 979 675 1007 numerus
704 965 890 1008 militum
925 974 1068 1024 posset
1110 966 1297 1025 inponi·
1287 1000 1297 1015 ,
1332 967 1561 1024 omniaque
1582 983 1635 1010 ex
1658 968 1744 1010 vic-

252 1031 282 1051 “
306 1025 420 1067 toria
457 1033 502 1067 et
533 1040 587 1066 ex
621 1041 699 1066 sua
736 1025 1001 1068 libfflalitate
1037 1027 1326 1084 spera12'ent’
1373 1026 1745 1070 conclamantibus

253 1084 469 1134 omnibus,
512 1091 541 1109 “
564 1083 803 1143 impelssaiet
823 1085 959 1151 ‘quod
995 1085 1161 1134 vellet;
1210 1085 1519 1153 quodcumque
1562 1086 1745 1144 impera-

255 1151 283 1171 “
308 1143 454 1193 visset,
497 1159 540 1186 se
587 1159 712 1202 aequo
763 1142 907 1186 animo
957 1160 1045 1186 esse
1097 1145 1290 1188 factums
1314 1147 1354 1194 ;”
1406 1144 1547 1203 pridie
1595 1146 1745 1189 Nonas

254 1203 484 1245 Januarias
531 1218 659 1245 naves
697 1202 842 1253 solvit,
888 1203 1096 1261 inpositis,
1141 1212 1191 1246 ut
1234 1220 1366 1262 supra
1401 1206 1746 1248 demonstratum

253 1270 333 1312 est,
366 1261 613 1321 legionibus
633 1270 816 1320 septem.
883 1263 1100 1305 Postiidie
1144 1271 1309 1306 terram
1340 1263 1516 1330 adtigit.
1582 1264 1745 1306 Cerau-

255 1322 427 1364 niorum
459 1336 559 1362 saxa
593 1320 706 1363 intel
738 1329 782 1362 et
821 1320 905 1363 alia
943 1322 1037 1363 loca
1074 1322 1320 1379 periculosa
1358 1323 1555 1380 quietam
1592 1332 1744 1366 nactus

255 1380 485 1423 stationem
506 1387 551 1422 et
574 1387 729 1437 portus
751 1395 896 1422 omnes
918 1379 1087 1427 timens,
1122 1397 1231 1438 quos
1251 1382 1389 1423 teneri
1410 1381 1468 1423 ab
1489 1381 1745 1424 adver-sanis

254 1439 574 1488 a1b1trabatu1
595 1438 650 1481 ad
669 1454 769 1481 eum
789 1439 947 1487 locum,
965 1439 1043 1497 qui
1064 1439 1315 1497 adpellatur
1332 1440 1529 1491 Palaeste,
1547 1441 1745 1485 omnibus

255 1498 435 1542 navibus
457 1497 514 1540 ad
536 1513 664 1540 unam
685 1498 987 1547 incolumibus,
1010 1498 1168 1541 milites
1185 1499 1401 1557 exposuit.

302 1618 388 1649 Cum
406 1618 442 1648 C.
460 1618 615 1658 Coponio.
630 1616 704 1648 Cic.
718 1613 763 1648 'de
778 1615 856 1647 Div.
874 1618 902 1654 l,
915 1619 970 1647 32.

258 1667 292 1694 et
307 1661 451 1703 epistola
465 1672 486 1692 a
503 1661 659 1702 Pompeii
683 1661 715 1692 in
734 1660 968 1693 Ciceronianis

257 1707 298 1738 ad
317 1706 471 1737 Atticum
497 1708 529 1744 8,
564 1708 611 1736 12.
654 1706 733 1737 [Iaec
760 1705 964 1737 Ciacconius

258 1750 433 1787 indicarat,
458 1755 491 1781 et
514 1750 618 1786 vulgo
650 1750 683 1780 in
716 1749 861 1781 Caesaris
886 1750 962 1781 loco

258 1795 346 1827 male
371 1793 438 1835 legi
465 1804 542 1825 cum
561 1795 744 1836 Pomponio
769 1800 965 1826 monuerat.

257 1840 310 1872 M.
356 1839 412 1870 Cf.
431 1849 462 1869 c.
481 1840 535 1869 96.

305 1884 492 1915 Liburnica
516 1884 640 1915 classis.
689 1881 853 1914 Liburnia
880 1883 964 1914 Dal-

259 1928 375 1960 matiae
392 1927 517 1958 vicina.
532 1944 577 1949 —-
595 1926 662 1958 Hic
679 1926 771 1958 Libo
800 1933 833 1958 et
858 1926 963 1958 Octa-

258 1972 336 2003 vius
352 1971 551 2009 Antonium,
565 1972 607 2002 dc
623 1981 689 2012 quo
702 1982 732 2002 e.
751 1973 783 2009 4,
796 1971 962 2003 vicerunt.

260 2015 389 2057 Copias
407 2015 565 2056 Pompeii
582 2015 752 2046 recensuit
767 2015 874 2046 etiam
893 2016 963 2057 Ap-

263 2060 386 2102 pianus
401 2058 477 2092 Civ.
494 2063 526 2096 2,
544 2061 596 2090 49.
618 2070 653 2100 p.
677 2061 754 2090 458.
787 2060 961 2092 Plutarch.

264 2103 421 2144 Pompei.
440 2114 470 2134 c.
489 2105 541 2134 64.
562 2104 612 2133 M.

315 2150 355 2179 Ut
370 2158 477 2188 supra
489 2148 669 2178 demonstr.
686 2157 716 2177 c.
734 2151 765 2177 2.
811 2149 846 2179 ln
862 2147 964 2179 bonis

260 2193 358 2224 codd.
382 2193 542 2233 impositae
565 2193 710 2231 [essiones
731 2202 792 2232 pro
808 2194 967 2232 impositis

261 2237 445 2279 leyionibzcs
460 2235 595 2276 legitur.
623 2236 715 2276 quod
738 2235 815 2266 ferri
844 2241 966 2276 potest,

264 2281 293 2313 si
325 2286 402 2322 post
432 2281 524 2311 solvit
556 2286 719 2320 punctum
748 2286 904 2321 ponatur,
934 2286 967 2310 et

264 2335 401 2357 comma
430 2324 508 2361 hoc,
525 2325 745 2364 impose'tae—
773 2329 909 2365 septem,
933 2329 968 2355 ut

266 2380 328 2411 per
345 2379 380 2400 se
398 2368 546 2410 positum
557 2367 760 2408 accipiatur.
786 2369 834 2399 M.

311 2415 481 2454 Septem.
469 2412 589 2443 Mallet
605 2411 694 2443 Oud.
712 2415 872 2453 qulnqze
912 2410 966 2441 Sic

265 2457 357 2489 enim
384 2455 532 2497 Appian.
563 2460 594 2494 2,
622 2460 675 2487 54.
702 2462 735 2487 et
759 2457 848 2487 Plut.
864 2466 896 2487 c.
915 2457 969 2487 37.

268 2503 335 2534 Sed
352 2506 469 2532 contra
485 2501 585 2531 codd.
601 2499 651 2531 nil
665 2506 782 2531 mutat.

313 2547 573 2578 Cerauniorum.
620 2544 673 2575 Sic
694 2544 868 2576 Victorius
887 2543 967 2575 Var.

264 2591 344 2623 lect.
364 2592 415 2627 13,
444 2591 455 2619 l
475 2588 656 2629 legendum
679 2600 752 2620 esse
776 2589 875 2627 vidit,
906 2599 968 2629 pro

269 2637 477 2670 Graecorum,
518 2634 790 2672 Germaniarum,
841 2634 970 2664 Germi-

266 2681 412 2716 niormn,
441 2687 516 2717 quae
556 2676 588 2707 in
620 2678 717 2707 codd.
743 2683 776 2708 et
802 2677 878 2707 edd.
900 2683 969 2708 ant.

266 2727 410 2755 exstant.
455 2720 616 2752 Probavit
655 2720 832 2759 Cellarius,
868 2721 971 2752 Davi-

248 2768 348 2805 sius,
374 2765 431 2808 qui
467 2766 642 2806 diligenter
673 2776 744 2796 rem
777 2765 971 2804 illustravit,

265 2817 301 2843 et
334 2810 619 2851 Oudendorpius:
653 2815 686 2841 et
716 2810 866 2851 loquitur
897 2810 971 2851 ipsa

264 2867 330 2896 res,
355 2855 437 2897 quia
462 2855 497 2886 in
527 2853 626 2885 litore
657 2853 769 2896 Epiri,
804 2853 864 2886 ubi
895 2854 970 2886 Cae-

264 2911 317 2935 sar
331 2898 475 2944 adpulit,
497 2904 630 2932 montes
643 2898 788 2933 Cerauni
810 2911 838 2932 s.
861 2898 968 2933 Acro-

1031 1616 1191 1648 ceraunia
1210 1617 1364 1648 suerunt:
1393 1623 1428 1648 et
1461 1617 1608 1659 Appian.
1631 1621 1663 1657 9,
1688 1621 1742 1651 54.

1036 1672 1071 1702 p.
1101 1663 1178 1692 461.
1207 1672 1286 1692 cum
1316 1661 1429 1692 Dione
1467 1662 1564 1694 Cass.
1602 1665 1656 1701 41,
1691 1665 1743 1696 44.

1034 1712 1067 1736 et
1091 1706 1228 1736 Lucano
1258 1711 1288 1742 5,
1314 1709 1378 1737 457
1406 1705 1528 1737 diserte
1553 1707 1745 1740 Ceraunios

1035 1756 1166 1781 montes
1182 1750 1368 1788 nominant,
1395 1752 1437 1782 ad
1462 1762 1548 1792 quos
1564 1758 1741 1784 ventorum

1034 1794 1070 1824 vi
1099 1794 1213 1825 Caesar
1245 1794 1289 1825 sit
1321 1795 1379 1826 illo
1414 1801 1565 1836 tempore
1595 1796 1741 1828 delatus.

1033 1838 1147 1869 Probo
1166 1838 1288 1869 deinde
1311 1839 1526 1870 Davisianam
1549 1839 1742 1871 distinctio-

1032 1893 1110 1913 nem
1124 1895 1131 1914 ι
1152 1883 1320 1915 Postridie
1335 1889 1396 1914 ter.
1415 1884 1546 1924 adussit.
1559 1886 1742 1916 Ceraunio-

1031 1938 1110 1959 rum
1123 1938 1208 1958 sama
1227 1930 1312 1958 inter
1325 1944 1369 1949 —-
1385 1928 1434 1958 M.
1459 1928 1562 1958 Bene.
1575 1928 1623 1958 sic
1642 1929 1740 1960 resti-

1031 1972 1091 2003 tui.
1125 1972 1179 2003 Cf.
1196 1972 1345 2012 Appian.
1361 1972 1382 2002 l.
1399 1982 1430 2002 e.
1445 1972 1556 2012 Vulgo
1573 1978 1740 2012 punctum

1033 2016 1227 2057 ponebatur
1244 2021 1321 2056 post
1341 2017 1596 2047 C'erazmiorwn.
1626 2016 1740 2048 Verba.

1030 2066 1060 2091 et
1075 2061 1145 2091 ulia
1158 2061 1228 2090 loca
1244 2061 1431 2101 Jaerieidosa
1449 2059 1554 2091 deleri
1567 2061 1639 2092 vult
1651 2061 1739 2092 Rut-

1033 2114 1124 2144 gerS.
1156 2103 1199 2133 V.
1216 2103 1256 2134 L.
1275 2106 1305 2141 4,
1320 2108 1350 2134 5.

1079 2149 1233 2182 Quietam
1249 2153 1454 2180 nas-tussiat.
1496 2149 1614 2191 Inepte
1639 2149 1732 2182 satis.

1032 2191 1162 2232 Legere
1180 2192 1296 2223 malim
1312 2194 1512 2233 inquietam.

1082 2239 1170 2271 Quos
1185 2238 1302 2267 teneri.
1333 2236 1402 2267 Alii.
1419 2238 1518 2278 quod.

1081 2281 1283 2312 Pharsalia.
1326 2281 1381 2312 Sic
1399 2282 1497 2312 codd.
1513 2292 1641 2314 omnes.
1657 2283 1739 2314 Post

1035 2324 1159 2355 Aldum
1188 2326 1377 2357 Pharsalus
1407 2325 1534 2356 editum
1565 2333 1626 2365 est,
1668 2338 1741 2358 mo-

1036 2374 1135 2399 nente
1150 2367 1239 2399 Oud.
1268 2370 1332 2400 Sed
1349 2380 1426 2400 cum
1445 2371 1623 2401 Pharsalus
1638 2370 1738 2401 fuerit

1034 2412 1279 2444 mediterranea
1299 2414 1376 2444 urbs
1392 2414 1594 2453 Tliessaliae,
1610 2420 1646 2445 ut
1657 2424 1740 2445 con-

1037 2463 1114 2495 stat,
1131 2467 1198 2488 non
1215 2459 1325 2498 potuit
1349 2458 1461 2489 Caesar
1476 2459 1519 2489 ad
1543 2459 1740 2490 Pharsalum

1036 2501 1166 2532 milites
1180 2512 1361 2543 exponere.
1408 2503 1469 2533 Est
1486 2513 1564 2543 ergo
1582 2503 1654 2534 haec
1671 2503 1741 2534 lec-

1036 2545 1085 2577 tio
1102 2545 1199 2576 falsa.
1243 2547 1321 2577 Jam
1334 2546 1432 2577 multi
1451 2546 1646 2587 interpretes
1663 2558 1741 2588 pro-

1036 2591 1147 2621 ferunt
1162 2590 1419 2622 annotationem
1443 2590 1542 2621 Pauli
1566 2591 1674 2622 Marsi
1697 2592 1742 2622 ad

1038 2633 1140 2665 Ovid.
1160 2634 1246 2665 Fast.
1272 2637 1303 2672 4,
1328 2637 1404 2673 236,
1433 2634 1493 2664 ubi
1525 2634 1620 2673 dici-t,
1645 2646 1680 2666 se
1705 2635 1740 2667 in

1036 2679 1175 2719 antiquo
1221 2678 1366 2710 Caesaris
1405 2678 1524 2708 codice
1570 2679 1742 2720 reperisse

1040 2724 1182 2755 Palaeste
1214 2733 1273 2763 pro
1306 2724 1504 2753 Pharsalia.
1547 2722 1650 2764 Ergo,
1677 2724 1740 2755 etsi

1037 2767 1131 2798 nullo
1160 2766 1229 2797 alio
1254 2767 1333 2797 loco
1362 2767 1516 2804 Palma-te,
1533 2767 1616 2798 urbs
1634 2768 1740 2809 Epiri,

1037 2817 1335 2848 commemoratur,
1345 2815 1457 2841 tamen
1470 2819 1617 2847 sumunt,
1632 2812 1738 2844 fuisse

1038 2855 1074 2886 in
1108 2855 1213 2896 Epiro
1247 2854 1366 2886 urbem
1398 2856 1550 2887 Palaeste.
1591 2856 1616 2886 F
1621 2856 1742 2888 irruant

1036 2900 1124 2934 hanc
1141 2899 1342 2943 opinionem
1355 2900 1436 2935 loco
1447 2898 1577 2933 Lucani
1590 2900 1639 2941 (4,
1648 2900 1741 2940 460),
