1946 3261
240 219 327 262 524
466 219 518 261 A.
556 211 755 257 HIRTII
791 211 874 255 DE
907 207 1109 253 BELLO
1142 209 1487 253 AFRICANo.

239 350 318 392 bus
345 343 521 391 adactis,
542 357 585 383 se
606 339 661 383 ad
681 354 777 381 suos
798 338 1027 395 recipiunt.
1093 337 1234 379 Caesar
1266 338 1308 378 in
1328 335 1475 379 horam
1505 338 1708 382 decimam

241 410 543 452 commoratus,
575 399 687 441 sicut
718 406 812 440 erat
844 398 1095 444 instructus,
1130 412 1173 437 se
1196 394 1252 437 ad
1272 411 1350 437 sua
1372 404 1510 437 castra
1528 397 1709 455 recepit,

240 462 438 510 omnibus
458 457 769 502 incolumibus':
803 456 845 498 in
868 469 955 512 quo
977 454 1133 512 proelio
1157 453 1371 503 Pacidius,
1398 454 1592 510 graviter
1622 455 1710 514 pilo

237 539 318 583 per
339 519 543 564 cassidem
564 523 695 574 caPut
715 516 840 562 ictus,
860 513 1188 570 compluresque
1210 512 1371 562 Duces,
1385 513 1439 555 ad
1460 512 1714 556 fortissimus

236 582 436 642 quisque,
453 574 669 620 interfecti
686 572 990 629 vulneratique
1009 580 1122 613 sunt.

298 639 369 682 79.
405 637 641 692 Postquam
661 632 780 675 nulla
799 630 1045 673 conditione
1067 646 1117 671 co
1150 645 1221 672 ere
1242 629 1508 672 adversarios
1520 638 1709 688 poterat,

241 707 292 743 ut
328 698 372 741 in
404 709 576 754 aequum
608 693 750 735 locum
786 688 1093 732 descenderent
1146 687 1432 746 egionumque
1470 688 1713 747 periculum

241 760 435 802 facerent
455 769 465 802 ;
497 767 635 810 neque
655 750 744 807 ipse
773 748 955 807 propius
986 747 1150 790 hostem
1171 756 1312 789 castra
1348 763 1509 805 ponere
1530 755 1715 806 propter

241 832 365 876 aquae
393 812 615 872 penuriam
653 825 696 850 se
733 823 853 866 posse
887 805 1287 853 animadvertebat;
1337 806 1601 848 adversarios
1630 821 1715 848 non

240 890 390 919 eorum
411 872 576 914 virtute
597 866 833 916 considere,
872 865 944 907 sed
976 879 1184 921 aquarum
1226 864 1372 921 inopia
1410 864 1544 905 fretos
1578 863 1717 922 despi-

240 950 335 978 cere
353 948 394 974 se
416 927 629 972 intellexit
650 942 658 967 :
694 925 832 983 pridie
853 925 968 966 Non.
991 924 1101 980 Apr.
1127 922 1255 964 tertia
1274 922 1422 980 vigilia
1441 937 1636 979 egressus
1656 922 1714 966 ab

241 996 364 1051 Agar
390 987 499 1033 XVI
533 986 651 1029 milia
684 992 807 1026 nocte
843 997 1110 1040 prog1·essuS‚
1145 981 1199 1023 ad
1237 980 1472 1039 Thapsum,
1506 980 1583 1022 ubi
1616 980 1714 1023 Vir-

240 1052 370 1111 gilius
390 1063 488 1091 cum
510 1043 665 1103 grandi
688 1040 887 1100 praesidio
909 1048 1110 1098 praeerat‚
1145 1048 1284 1081 castra
1315 1039 1454 1097 ponit,
1486 1038 1713 1097 oppidum-

238 1126 325 1168 que
346 1125 397 1150 eo
418 1106 487 1148 die
508 1100 818 1145 circumvenire
846 1099 979 1157 coepit
999 1099 1177 1155 locaque
1199 1097 1352 1140 idonea
1376 1098 1712 1155 obportunaque

238 1167 460 1224 complura
481 1159 687 1219 praesidiis
714 1173 949 1215 occupare;
981 1156 1122 1199 hostes
1145 1172 1196 1198 ne
1227 1157 1387 1198 intrare
1414 1156 1468 1197 ad
1487 1172 1529 1196 se
1549 1171 1598 1197 ac
1620 1155 1714 1198 loca

235 1226 441 1270 interiora
475 1234 630 1278 capere
664 1225 851 1276 possent.
915 1216 1064 1273 Scipio
1095 1215 1283 1263 interim,
1320 1213 1503 1270 cognitis
1536 1213 1717 1256 Caesaris

237 1282 438 1329 consiliis,
474 1279 527 1321 ad
563 1277 856 1320 necessitatem
889 1273 1102 1316 adductus
1135 1272 1378 1321 dimicandi,
1412 1287 1463 1313 ne
1496 1288 1575 1329 per
1602 1287 1714 1314 sum-

239 1358 357 1386 mum
378 1338 563 1382 dedecus
583 1335 806 1377 fidissimos
836 1332 919 1374 suis
951 1332 1080 1374 rebus
1101 1330 1385 1388 Thapsitanos
1411 1339 1455 1371 et
1479 1330 1714 1388 Virgilium

238 1401 475 1446 amitteret,
508 1394 732 1437 confestim
757 1393 968 1434 Caesarem
990 1406 1068 1447 per
1087 1389 1310 1447 superiora
1330 1389 1425 1431 loca
1446 1397 1714 1438 consecutus,

237 1459 356 1503 milia
376 1470 576 1515 passuum
597 1461 696 1495 octo
716 1468 741 1492 a
762 1451 935 1508 Thapso
957 1449 1067 1491 binis
1087 1448 1237 1490 castris
1257 1448 1462 1490 consedit.

296 1518 368 1560 80.
405 1515 513 1558 Erat
534 1520 734 1569 stagnum
754 1510 1002 1557 salinarum,
1026 1507 1137 1549 inter
1159 1505 1278 1563 quod
1301 1515 1344 1548 et
1365 1522 1482 1549 mare
1504 1505 1714 1563 angustiae

239 1576 438 1635 quaedam
466 1587 551 1614 non
575 1569 760 1627 amplius
781 1567 881 1609 mile
903 1575 947 1608 et
974 1566 1231 1623 quingentos
1264 1581 1408 1623 passus
1442 1565 1679 1607 intererant
1699 1580 1709 1612 ;

238 1651 345 1693 quas
379 1631 526 1688 Scipio
557 1631 719 1670 intrare
742 1636 786 1668 et
807 1625 1079 1683 Thapsitanis
1099 1623 1304 1665 auxilium
1328 1624 1416 1665 fere
1438 1622 1678 1666 conabatur
1700 1637 1709 1664 :

239 1692 360 1752 quod
383 1691 584 1733 futurum
607 1687 817 1728 Caesarem
852 1699 936 1727 non
970 1683 1198 1725 fefellerat.
1265 1683 1467 1738 Namque
1502 1680 1640 1738 pridie
1671 1681 1712 1723 in

239 1769 290 1795 eo
312 1752 405 1793 loco
430 1746 608 1790 castello
642 1744 824 1792 munito,
861 1743 1008 1799 ibique
1038 1741 1155 1783 trino
1195 1740 1390 1798 praesidio
1425 1740 1592 1788 relicto,
1624 1739 1714 1797 ipse

239 1826 336 1854 cum
357 1805 535 1863 reliquis
556 1803 691 1861 copiis
709 1802 867 1843 lunatis
887 1801 1035 1842 castris
1056 1798 1275 1856 Thapsum
1299 1797 1503 1856 operibus
1533 1797 1713 1839 circum-

238 1867 441 1912 munivit.
507 1863 653 1921 Scipio
675 1861 863 1909 interim,
893 1858 1086 1900 exclusus
1105 1857 1162 1899 ab
1184 1857 1359 1914 incepto
1380 1856 1550 1905 itinere,
1582 1872 1715 1913 supra

238 1937 457 1986 stagnum,
490 1931 665 1981 postero
686 1920 755 1962 die
786 1927 830 1960 et
861 1926 984 1960 nocte
1017 1916 1228 1964 confecto,
1265 1915 1374 1957 eoelo
1409 1914 1597 1963 albente,
1628 1929 1713 1956 non

238 1988 367 2043 longe
411 2000 437 2025 a
476 1981 624 2024 castris
678 1977 979 2036 praesidioque,
1029 1974 1147 2033 quod
1187 1990 1231 2015 su
1269 1990 1316 2016 ra
1367 1973 1715 2015 commemoravi-

240 2040 352 2094 mus,
377 2041 470 2085 MC
492 2038 705 2099 passibuS‚
725 2036 781 2078 ad
803 2051 920 2077 mare
943 2049 1088 2076 versus
1105 1990 1295 2075 consedit
1315 2040 1359 2073 et
1386 2040 1526 2073 castra
1545 2031 1714 2075 munire

1059 2155 1237 2184 Aminei-et.
1289 2151 1358 2183 Alii
1387 2152 1561 2189 desereret,
1588 2150 1716 2192 glossa,

1013 2196 1123 2228 Jurin.
1137 2198 1304 2235 abjiceret.

1057 2241 1224 2272 Consedit.
1272 2238 1337 2271 Alii
1356 2238 1532 2270 contendit.

1058 2287 1225 2324 seaqnmn
1273 2285 1476 2314 sali-narum.
1537 2280 1712 2313 Ambitum

1012 2329 1084 2369 ejus
1100 2327 1214 2358 definit
1233 2326 1362 2358 itineris
1378 2325 1548 2357 Shawiani
1567 2325 1716 2367 descrip-

1012 2373 1060 2404 tio
1076 2372 1176 2403 Toni.
1198 2373 1224 2402 1.
1239 2381 1271 2411 p.
1285 2372 1361 2401 244.
1400 2371 1450 2401 M.
1489 2370 1553 2400 Ed.
1565 2369 1665 2410 Angl.
1679 2380 1715 2411 p.

1018 2419 1089 2448 147.

1064 2462 1166 2492 Trina
1196 2458 1364 2497 prmviffio.
1415 2456 1532 2488 Lectio
1564 2455 1712 2487 incerta:

1012 2504 1150 2546 quidam
1174 2501 1250 2533 libri
1272 2500 1389 2543 scripti
1407 2506 1439 2532 et
1451 2500 1537 2532 editi
1555 2510 1615 2541 pro
1629 2502 1715 2531 trino

1014 2547 1178 2579 exhibent
1190 2556 1337 2585 musmo,-
1361 2544 1521 2585 Scaligeri
1532 2544 1639 2575 codex
1654 2543 1714 2574 ha-

287 2166 396 2204 Caput
414 2164 508 2191 ictus.
540 2157 756 2190 Graecismus.

286 2203 591 2239 Animadvereebat.
631 2201 685 2231 Sic
710 2200 809 2231 codd.
827 2199 943 2229 Pei-av.

240 2258 274 2284 et
309 2249 449 2282 Norvic.
488 2246 600 2287 Vulgo
648 2244 945 2275 animadverteret.

243 2295 331 2328 Dein
357 2292 512 2325 Jurinius
542 2289 610 2330 logi
629 2288 700 2319 vult
725 2293 754 2319 et
785 2287 945 2318 mla-ersa-

238 2345 319 2372 rios.

291 2384 367 2416 Non
383 2389 499 2412 eorum
516 2380 643 2413 virtute,
675 2385 741 2406 non
766 2384 825 2405 sua
852 2374 944 2413 ipso-

243 2438 317 2461 rum
333 2426 408 2456 virt.
428 2424 553 2456 Cellar.
579 2420 654 2451 Non
669 2419 725 2449 hic
737 2429 799 2449 sua
814 2418 946 2459 legitur.

241 2472 322 2513 quia
339 2470 380 2501 ad
397 2468 566 2500 Caesarem
590 2463 706 2495 referri
732 2472 831 2503 posse
852 2461 946 2492 vidc-

241 2516 352 2547 batur.

289 2561 352 2600 Aq.
391 2558 518 2595 inopia.
581 2551 651 2585 Alii
688 2551 793 2592 cosia,
811 2548 887 2579 scil.
927 2559 945 2578 a

244 2609 336 2645 parte
355 2598 540 2640 Scipionis.

291 2646 406 2678 Pridie
433 2644 518 2674 Non.
544 2642 626 2682 Apr.
653 2637 811 2670 Usserius
829 2636 861 2667 in
879 2639 947 2666 An-

246 2691 312 2722 nal.
330 2690 352 2720 l.
369 2688 430 2719 cit.
445 2686 486 2717 ad
503 2695 579 2725 cap.
597 2685 648 2714 75.
666 2683 736 2713 haec
753 2687 872 2721 quarto
884 2680 947 2710 Fe-

247 2732 372 2765 bruai-ii
388 2730 459 2762 diei
475 2729 639 2768 adsignat.
665 2727 715 2757 M.
745 2724 946 2756 Guischard.

247 2777 401 2808 xxvito
417 2775 490 2815 ejus
505 2771 641 2804 mensis.

295 2821 386 2852 ΧΓ]
412 2819 519 2850 milia.
571 2815 708 2846 Addunt
737 2813 842 2854 vulgo
869 2822 947 2853 pas-

245 2875 356 2900 suum,
394 2862 483 2903 quod
519 2871 538 2891 a
576 2858 671 2890 Leid.
708 2859 733 2888 1.
765 2862 800 2889 et
828 2857 947 2887 Petav-

243 2909 351 2941 abest.

1015 2593 1072 2623 bct
1099 2591 1161 2622 III
1174 2601 1187 2627 ,·
1220 2595 1253 2619 et
1272 2588 1368 2620 Leid.
1386 2599 1434 2629 pr.
1452 2588 1638 2619 cohortibus
1653 2588 1714 2617 tri-

1015 2637 1085 2667 bus.
1125 2634 1214 2673 Ergo
1232 2638 1325 2674 putat
1341 2632 1427 2663 Oud.
1446 2631 1512 2672 legi
1538 2640 1648 2672 posse,
1661 2639 1712 2661 co-

1014 2681 1159 2711 hortium
1173 2679 1277 2709 trium
1288 2677 1458 2716 proesidio.
1488 2676 1539 2706 M.

1062 2721 1222 2761 Confecto.
1276 2719 1402 2760 Vulgo,
1442 2719 1601 2758 confecta.
1630 2715 1713 2747 Mox

1015 2776 1075 2807 pro
1091 2765 1242 2806 pussilum
1258 2763 1387 2805 legetur
1401 2772 1526 2804 passus.
1555 2761 1606 2792 M.

1063 2810 1137 2841 Non
1180 2810 1291 2847 lunqe.
1359 2806 1578 2848 Negationem
1626 2802 1717 2835 tollit

1014 2853 1147 2885 s'larke.
1177 2851 1295 2884 Davis.
1311 2850 1407 2883 malit
1421 2851 1565 2892 lonqius,
1588 2852 1715 2880 retenta

1014 2896 1203 2938 negatione,
