<?xml version="1.0" encoding="UTF-8"?>
<!DOCTYPE html PUBLIC "-//W3C//DTD XHTML 1.0 Transitional//EN"
    "http://www.w3.org/TR/xhtml1/DTD/xhtml1-transitional.dtd">
<html xmlns="http://www.w3.org/1999/xhtml" xml:lang="en" lang="en">
 <head>
  <title>
</title>
<meta http-equiv="Content-Type" content="text/html;charset=utf-8" />
  <meta name='ocr-system' content='tesseract 3.04.00' />
  <meta name='ocr-capabilities' content='ocr_page ocr_carea ocr_par ocr_line ocrx_word'/>
</head>
<body>
  <div class='ocr_page' id='page_1' title='image "./commentariidebel00caesuoft_0292.png"; bbox 0 0 1946 3261; ppageno 0'>
   <div class='ocr_carea' id='block_1_1' title="bbox 191 224 1710 1770">
    <p class='ocr_par' dir='ltr' id='par_1_1' title="bbox 206 224 1267 278">
     <span class='ocr_line' id='line_1_1' title="bbox 206 224 1267 278; baseline -0.01 0"><span class='ocrx_word' id='word_1_1' title='bbox 206 235 293 278; x_wconf 69' lang='lat'>252</span> <span class='ocrx_word' id='word_1_2' title='bbox 616 230 700 273; x_wconf 89' lang='lat' dir='ltr'>DE</span> <span class='ocrx_word' id='word_1_3' title='bbox 733 225 939 272; x_wconf 88' lang='lat' dir='ltr'>BELLO</span> <span class='ocrx_word' id='word_1_4' title='bbox 972 224 1267 270; x_wconf 84' lang='lat' dir='ltr'><strong>GALLICO.</strong></span> 
     </span>
    </p>

    <p class='ocr_par' dir='ltr' id='par_1_2' title="bbox 191 349 1707 1416">
     <span class='ocr_line' id='line_1_2' title="bbox 262 349 1691 417; baseline -0.005 -15"><span class='ocrx_word' id='word_1_5' title='bbox 262 361 334 404; x_wconf 88' lang='lat'>50.</span> <span class='ocrx_word' id='word_1_6' title='bbox 367 359 479 417; x_wconf 87' lang='lat' dir='ltr'>Ipse,</span> <span class='ocrx_word' id='word_1_7' title='bbox 497 356 688 400; x_wconf 88' lang='lat' dir='ltr'>hibernis</span> <span class='ocrx_word' id='word_1_8' title='bbox 703 356 903 416; x_wconf 81' lang='lat' dir='ltr'>peractis,</span> <span class='ocrx_word' id='word_1_9' title='bbox 919 361 1071 398; x_wconf 87' lang='lat' dir='ltr'>contra</span> <span class='ocrx_word' id='word_1_10' title='bbox 1089 351 1439 397; x_wconf 85' lang='lat' dir='ltr'>consuetudinem</span> <span class='ocrx_word' id='word_1_11' title='bbox 1459 351 1501 393; x_wconf 90' lang='lat' dir='ltr'>in</span> <span class='ocrx_word' id='word_1_12' title='bbox 1517 349 1691 395; x_wconf 82' lang='lat' dir='ltr'>Italiam</span> 
     </span>
     <span class='ocr_line' id='line_1_3' title="bbox 204 409 1691 478; baseline -0.007 -17"><span class='ocrx_word' id='word_1_13' title='bbox 204 436 335 478; x_wconf 88' lang='lat' dir='ltr'>quam</span> <span class='ocrx_word' id='word_1_14' title='bbox 358 417 551 460; x_wconf 84' lang='lat' dir='ltr'>maximis</span> <span class='ocrx_word' id='word_1_15' title='bbox 572 416 802 459; x_wconf 84' lang='lat' dir='ltr'>itineribus</span> <span class='ocrx_word' id='word_1_16' title='bbox 822 424 887 458; x_wconf 88' lang='lat' dir='ltr'>est</span> <span class='ocrx_word' id='word_1_17' title='bbox 914 414 1152 472; x_wconf 85' lang='lat' dir='ltr'>profectus,</span> <span class='ocrx_word' id='word_1_18' title='bbox 1179 420 1229 455; x_wconf 87' lang='lat' dir='ltr'>ut</span> <span class='ocrx_word' id='word_1_19' title='bbox 1256 411 1488 469; x_wconf 86' lang='lat' dir='ltr'>municipia</span> <span class='ocrx_word' id='word_1_20' title='bbox 1508 419 1556 453; x_wconf 91' lang='lat' dir='ltr'>et</span> <span class='ocrx_word' id='word_1_21' title='bbox 1575 409 1691 452; x_wconf 90' lang='lat' dir='ltr'>colo-</span> 
     </span>
     <span class='ocr_line' id='line_1_4' title="bbox 191 471 1692 534; baseline -0.006 -14"><span class='ocrx_word' id='word_1_22' title='bbox 191 479 295 521; x_wconf 67' lang='lat' dir='ltr'>&#39;nias</span> <span class='ocrx_word' id='word_1_23' title='bbox 321 475 578 534; x_wconf 83' lang='lat' dir='ltr'>adpellaret,</span> <span class='ocrx_word' id='word_1_24' title='bbox 606 475 767 534; x_wconf 90' lang='lat' dir='ltr'>quibus</span> <span class='ocrx_word' id='word_1_25' title='bbox 790 475 856 517; x_wconf 89' lang='lat' dir='ltr'>M.</span> <span class='ocrx_word' id='word_1_26' title='bbox 883 472 1079 522; x_wconf 84' lang='lat' dir='ltr'>Antonii,</span> <span class='ocrx_word' id='word_1_27' title='bbox 1110 471 1346 522; x_wconf 83' lang='lat' dir='ltr'>Quaestoris</span> <span class='ocrx_word' id='word_1_28' title='bbox 1364 471 1446 519; x_wconf 85' lang='lat' dir='ltr'>sui,</span> <span class='ocrx_word' id='word_1_29' title='bbox 1481 484 1692 513; x_wconf 86' lang='lat' dir='ltr'>commen-</span> 
     </span>
     <span class='ocr_line' id='line_1_5' title="bbox 207 529 1693 592; baseline -0.006 -14"><span class='ocrx_word' id='word_1_30' title='bbox 207 536 334 579; x_wconf 82' lang='lat' dir='ltr'>daret</span> <span class='ocrx_word' id='word_1_31' title='bbox 362 533 595 578; x_wconf 84' lang='lat' dir='ltr'>sacerdotii</span> <span class='ocrx_word' id='word_1_32' title='bbox 625 535 895 592; x_wconf 80' lang='lat' dir='ltr'>petitiOnem.</span> <span class='ocrx_word' id='word_1_33' title='bbox 939 531 1242 574; x_wconf 82' lang='lat' dir='ltr'>Contendebat</span> <span class='ocrx_word' id='word_1_34' title='bbox 1264 529 1378 572; x_wconf 90' lang='lat' dir='ltr'>enim</span> <span class='ocrx_word' id='word_1_35' title='bbox 1399 529 1541 588; x_wconf 86' lang='lat' dir='ltr'>gratia</span> <span class='ocrx_word' id='word_1_36' title='bbox 1556 543 1693 586; x_wconf 88' lang='lat' dir='ltr'>quum</span> 
     </span>
     <span class='ocr_line' id='line_1_6' title="bbox 206 588 1695 653; baseline -0.007 -16"><span class='ocrx_word' id='word_1_37' title='bbox 206 595 396 638; x_wconf 85' lang='lat' dir='ltr'>libenter</span> <span class='ocrx_word' id='word_1_38' title='bbox 434 609 517 653; x_wconf 90' lang='lat' dir='ltr'>pro</span> <span class='ocrx_word' id='word_1_39' title='bbox 548 593 718 636; x_wconf 91' lang='lat' dir='ltr'>homine</span> <span class='ocrx_word' id='word_1_40' title='bbox 745 593 826 635; x_wconf 84' lang='lat' dir='ltr'>sibi</span> <span class='ocrx_word' id='word_1_41' title='bbox 856 590 1217 649; x_wconf 83' lang='lat' dir='ltr'>conjunctissimo,</span> <span class='ocrx_word' id='word_1_42' title='bbox 1249 604 1380 647; x_wconf 90' lang='lat' dir='ltr'>quem</span> <span class='ocrx_word' id='word_1_43' title='bbox 1412 588 1562 647; x_wconf 88' lang='lat' dir='ltr'>paullo</span> <span class='ocrx_word' id='word_1_44' title='bbox 1595 595 1695 628; x_wconf 89' lang='lat' dir='ltr'>ante</span> 
     </span>
     <span class='ocr_line' id='line_1_7' title="bbox 207 648 1695 711; baseline -0.005 -15"><span class='ocrx_word' id='word_1_45' title='bbox 207 653 474 711; x_wconf 77' lang='lat' dir='ltr'>praemiserat</span> <span class='ocrx_word' id='word_1_46' title='bbox 499 651 555 695; x_wconf 87' lang='lat' dir='ltr'>ad</span> <span class='ocrx_word' id='word_1_47' title='bbox 591 653 862 711; x_wconf 80' lang='lat' dir='ltr'>petitionem,</span> <span class='ocrx_word' id='word_1_48' title='bbox 896 660 991 693; x_wconf 88' lang='lat' dir='ltr'>tum</span> <span class='ocrx_word' id='word_1_49' title='bbox 1021 649 1182 692; x_wconf 86' lang='lat' dir='ltr'>acriter</span> <span class='ocrx_word' id='word_1_50' title='bbox 1213 656 1366 691; x_wconf 87' lang='lat' dir='ltr'>contra</span> <span class='ocrx_word' id='word_1_51' title='bbox 1396 648 1627 690; x_wconf 83' lang='lat' dir='ltr'>factionem</span> <span class='ocrx_word' id='word_1_52' title='bbox 1650 653 1695 687; x_wconf 86' lang='lat' dir='ltr'>et</span> 
     </span>
     <span class='ocr_line' id='line_1_8' title="bbox 205 705 1697 770; baseline -0.006 -15"><span class='ocrx_word' id='word_1_53' title='bbox 205 711 446 770; x_wconf 87' lang='lat' dir='ltr'>potentiam</span> <span class='ocrx_word' id='word_1_54' title='bbox 475 727 728 770; x_wconf 87' lang='lat' dir='ltr'>paucorum,</span> <span class='ocrx_word' id='word_1_55' title='bbox 760 711 836 768; x_wconf 90' lang='lat' dir='ltr'>qui</span> <span class='ocrx_word' id='word_1_56' title='bbox 869 710 935 752; x_wconf 91' lang='lat' dir='ltr'>M.</span> <span class='ocrx_word' id='word_1_57' title='bbox 970 708 1152 751; x_wconf 87' lang='lat' dir='ltr'>Antonii</span> <span class='ocrx_word' id='word_1_58' title='bbox 1182 706 1353 766; x_wconf 86' lang='lat' dir='ltr'>repulsa</span> <span class='ocrx_word' id='word_1_59' title='bbox 1375 707 1553 750; x_wconf 78' lang='lat' dir='ltr'>Caesaris</span> <span class='ocrx_word' id='word_1_60' title='bbox 1573 705 1697 747; x_wconf 88' lang='lat' dir='ltr'>dece-</span> 
     </span>
     <span class='ocr_line' id='line_1_9' title="bbox 206 763 1699 828; baseline -0.006 -14"><span class='ocrx_word' id='word_1_61' title='bbox 206 771 350 814; x_wconf 87' lang='lat' dir='ltr'>dentis</span> <span class='ocrx_word' id='word_1_62' title='bbox 361 770 604 814; x_wconf 88' lang='lat' dir='ltr'>convellere</span> <span class='ocrx_word' id='word_1_63' title='bbox 618 771 802 828; x_wconf 79' lang='lat' dir='ltr'>gratiam</span> <span class='ocrx_word' id='word_1_64' title='bbox 817 768 1067 828; x_wconf 86' lang='lat' dir='ltr'>cupiebant.</span> <span class='ocrx_word' id='word_1_65' title='bbox 1096 767 1227 810; x_wconf 78' lang='lat' dir='ltr'>H&#39;unc</span> <span class='ocrx_word' id='word_1_66' title='bbox 1241 767 1319 809; x_wconf 88' lang='lat' dir='ltr'>etsi</span> <span class='ocrx_word' id='word_1_67' title='bbox 1334 767 1563 824; x_wconf 85' lang='lat' dir='ltr'>Augurem</span> <span class='ocrx_word' id='word_1_68' title='bbox 1577 763 1699 823; x_wconf 89' lang='lat' dir='ltr'>prius</span> 
     </span>
     <span class='ocr_line' id='line_1_10' title="bbox 207 825 1698 888; baseline -0.006 -15"><span class='ocrx_word' id='word_1_69' title='bbox 207 830 389 880; x_wconf 85' lang='lat' dir='ltr'>factum,</span> <span class='ocrx_word' id='word_1_70' title='bbox 415 846 546 888; x_wconf 87' lang='lat' dir='ltr'>quam</span> <span class='ocrx_word' id='word_1_71' title='bbox 567 828 738 872; x_wconf 86' lang='lat' dir='ltr'>Italiam</span> <span class='ocrx_word' id='word_1_72' title='bbox 759 829 1022 887; x_wconf 82' lang='lat' dir='ltr'>adtingeret,</span> <span class='ocrx_word' id='word_1_73' title='bbox 1057 827 1100 869; x_wconf 90' lang='lat' dir='ltr'>in</span> <span class='ocrx_word' id='word_1_74' title='bbox 1121 826 1274 868; x_wconf 90' lang='lat' dir='ltr'>itinere</span> <span class='ocrx_word' id='word_1_75' title='bbox 1295 825 1517 867; x_wconf 85' lang='lat' dir='ltr'>audierat:</span> <span class='ocrx_word' id='word_1_76' title='bbox 1555 833 1698 866; x_wconf 87' lang='lat' dir='ltr'>tamen</span> 
     </span>
     <span class='ocr_line' id='line_1_11' title="bbox 209 879 1699 947; baseline -0.006 -15"><span class='ocrx_word' id='word_1_77' title='bbox 209 904 295 932; x_wconf 89' lang='lat' dir='ltr'>non</span> <span class='ocrx_word' id='word_1_78' title='bbox 316 889 454 931; x_wconf 86' lang='lat' dir='ltr'>minus</span> <span class='ocrx_word' id='word_1_79' title='bbox 475 889 635 947; x_wconf 80' lang='lat' dir='ltr'>justam</span> <span class='ocrx_word' id='word_1_80' title='bbox 663 889 745 931; x_wconf 88' lang='lat' dir='ltr'>sibi</span> <span class='ocrx_word' id='word_1_81' title='bbox 766 904 954 930; x_wconf 82' lang='lat' dir='ltr'>caussam</span> <span class='ocrx_word' id='word_1_82' title='bbox 977 885 1213 943; x_wconf 89' lang='lat' dir='ltr'>municipia</span> <span class='ocrx_word' id='word_1_83' title='bbox 1233 893 1277 927; x_wconf 92' lang='lat' dir='ltr'>et</span> <span class='ocrx_word' id='word_1_84' title='bbox 1299 884 1489 926; x_wconf 89' lang='lat' dir='ltr'>colonias</span> <span class='ocrx_word' id='word_1_85' title='bbox 1510 879 1699 925; x_wconf 83' lang='lat' dir='ltr'>adeundi</span> 
     </span>
     <span class='ocr_line' id='line_1_12' title="bbox 208 943 1699 1005; baseline -0.006 -15"><span class='ocrx_word' id='word_1_86' title='bbox 208 947 489 997; x_wconf 82' lang='lat' dir='ltr'>existimavit,</span> <span class='ocrx_word' id='word_1_87' title='bbox 522 956 572 990; x_wconf 89' lang='lat' dir='ltr'>ut</span> <span class='ocrx_word' id='word_1_88' title='bbox 602 947 650 990; x_wconf 89' lang='lat' dir='ltr'>iis</span> <span class='ocrx_word' id='word_1_89' title='bbox 680 948 840 1005; x_wconf 75' lang='lat' dir='ltr'>gratias</span> <span class='ocrx_word' id='word_1_90' title='bbox 878 954 1044 1003; x_wconf 79' lang='lat' dir='ltr'>ageret,</span> <span class='ocrx_word' id='word_1_91' title='bbox 1081 943 1201 1002; x_wconf 89' lang='lat' dir='ltr'>quod</span> <span class='ocrx_word' id='word_1_92' title='bbox 1236 943 1526 1000; x_wconf 84' lang='lat' dir='ltr'>frequentiam</span> <span class='ocrx_word' id='word_1_93' title='bbox 1565 949 1699 998; x_wconf 89' lang='lat' dir='ltr'>atque</span> 
     </span>
     <span class='ocr_line' id='line_1_13' title="bbox 208 1001 1703 1064; baseline -0.006 -15"><span class='ocrx_word' id='word_1_94' title='bbox 208 1006 399 1050; x_wconf 88' lang='lat' dir='ltr'>officium</span> <span class='ocrx_word' id='word_1_95' title='bbox 416 1023 541 1049; x_wconf 88' lang='lat' dir='ltr'>suum</span> <span class='ocrx_word' id='word_1_96' title='bbox 556 1004 750 1049; x_wconf 85' lang='lat' dir='ltr'>Antonio</span> <span class='ocrx_word' id='word_1_97' title='bbox 771 1005 1067 1064; x_wconf 70' lang='lat' dir='ltr'>praestitissent</span> <span class='ocrx_word' id='word_1_98' title='bbox 1086 1019 1094 1045; x_wconf 91' lang='lat'>:</span> <span class='ocrx_word' id='word_1_99' title='bbox 1128 1002 1342 1059; x_wconf 87' lang='lat' dir='ltr'>simulque</span> <span class='ocrx_word' id='word_1_100' title='bbox 1364 1019 1407 1045; x_wconf 90' lang='lat' dir='ltr'>se</span> <span class='ocrx_word' id='word_1_101' title='bbox 1430 1011 1474 1045; x_wconf 89' lang='lat' dir='ltr'>et</span> <span class='ocrx_word' id='word_1_102' title='bbox 1495 1001 1703 1043; x_wconf 89' lang='lat' dir='ltr'>honorem</span> 
     </span>
     <span class='ocr_line' id='line_1_14' title="bbox 209 1061 1704 1122; baseline -0.005 -14"><span class='ocrx_word' id='word_1_103' title='bbox 209 1082 336 1108; x_wconf 88' lang='lat' dir='ltr'>suum</span> <span class='ocrx_word' id='word_1_104' title='bbox 372 1065 414 1107; x_wconf 90' lang='lat' dir='ltr'>in</span> <span class='ocrx_word' id='word_1_105' title='bbox 455 1066 673 1122; x_wconf 87' lang='lat' dir='ltr'>sequentis</span> <span class='ocrx_word' id='word_1_106' title='bbox 705 1066 803 1108; x_wconf 89' lang='lat' dir='ltr'>anni</span> <span class='ocrx_word' id='word_1_107' title='bbox 843 1063 1165 1107; x_wconf 82' lang='lat' dir='ltr'>commendaret</span> <span class='ocrx_word' id='word_1_108' title='bbox 1206 1061 1430 1120; x_wconf 88' lang='lat' dir='ltr'>petitione,</span> <span class='ocrx_word' id='word_1_109' title='bbox 1467 1068 1704 1119; x_wconf 84' lang='lat' dir='ltr'>propterea</span> 
     </span>
     <span class='ocr_line' id='line_1_15' title="bbox 211 1119 1703 1182; baseline -0.005 -15"><span class='ocrx_word' id='word_1_110' title='bbox 211 1124 333 1182; x_wconf 90' lang='lat' dir='ltr'>quod</span> <span class='ocrx_word' id='word_1_111' title='bbox 362 1123 596 1167; x_wconf 88' lang='lat' dir='ltr'>insolenter</span> <span class='ocrx_word' id='word_1_112' title='bbox 628 1124 861 1167; x_wconf 83' lang='lat' dir='ltr'>adversarii</span> <span class='ocrx_word' id='word_1_113' title='bbox 882 1123 944 1166; x_wconf 88' lang='lat' dir='ltr'>sui</span> <span class='ocrx_word' id='word_1_114' title='bbox 968 1122 1282 1181; x_wconf 85' lang='lat' dir='ltr'>gloriarentur,</span> <span class='ocrx_word' id='word_1_115' title='bbox 1316 1119 1367 1162; x_wconf 93' lang='lat' dir='ltr'>L.</span> <span class='ocrx_word' id='word_1_116' title='bbox 1392 1119 1631 1163; x_wconf 88' lang='lat' dir='ltr'>Lentulum</span> <span class='ocrx_word' id='word_1_117' title='bbox 1658 1124 1703 1159; x_wconf 84' lang='lat' dir='ltr'>et</span> 
     </span>
     <span class='ocr_line' id='line_1_16' title="bbox 213 1176 1704 1240; baseline -0.006 -14"><span class='ocrx_word' id='word_1_118' title='bbox 213 1184 268 1226; x_wconf 91' lang='lat' dir='ltr'>C.</span> <span class='ocrx_word' id='word_1_119' title='bbox 304 1183 567 1226; x_wconf 82' lang='lat' dir='ltr'>Marcellum</span> <span class='ocrx_word' id='word_1_120' title='bbox 597 1198 699 1225; x_wconf 84' lang='lat' dir='ltr'>coss.</span> <span class='ocrx_word' id='word_1_121' title='bbox 733 1192 916 1232; x_wconf 88' lang='lat' dir='ltr'>creatos,</span> <span class='ocrx_word' id='word_1_122' title='bbox 947 1182 1022 1240; x_wconf 91' lang='lat' dir='ltr'>qui</span> <span class='ocrx_word' id='word_1_123' title='bbox 1055 1197 1223 1224; x_wconf 88' lang='lat' dir='ltr'>omnem</span> <span class='ocrx_word' id='word_1_124' title='bbox 1253 1179 1460 1223; x_wconf 87' lang='lat' dir='ltr'>honorem</span> <span class='ocrx_word' id='word_1_125' title='bbox 1492 1187 1537 1221; x_wconf 89' lang='lat' dir='ltr'>et</span> <span class='ocrx_word' id='word_1_126' title='bbox 1564 1176 1704 1234; x_wconf 90' lang='lat' dir='ltr'>digni-</span> 
     </span>
     <span class='ocr_line' id='line_1_17' title="bbox 211 1237 1704 1300; baseline -0.004 -16"><span class='ocrx_word' id='word_1_127' title='bbox 211 1250 348 1285; x_wconf 87' lang='lat' dir='ltr'>tatem</span> <span class='ocrx_word' id='word_1_128' title='bbox 371 1242 553 1284; x_wconf 79' lang='lat' dir='ltr'>Caesaris</span> <span class='ocrx_word' id='word_1_129' title='bbox 571 1242 894 1300; x_wconf 85' lang='lat' dir='ltr'>exspoliarent;</span> <span class='ocrx_word' id='word_1_130' title='bbox 936 1250 1134 1298; x_wconf 88' lang='lat' dir='ltr'>ereptum</span> <span class='ocrx_word' id='word_1_131' title='bbox 1166 1239 1322 1296; x_wconf 86' lang='lat' dir='ltr'>Sergio</span> <span class='ocrx_word' id='word_1_132' title='bbox 1355 1239 1508 1281; x_wconf 80' lang='lat' dir='ltr'>Galbae</span> <span class='ocrx_word' id='word_1_133' title='bbox 1537 1237 1704 1279; x_wconf 88' lang='lat' dir='ltr'>Consu-</span> 
     </span>
     <span class='ocr_line' id='line_1_18' title="bbox 210 1292 1707 1358; baseline -0.005 -16"><span class='ocrx_word' id='word_1_134' title='bbox 210 1300 365 1350; x_wconf 86' lang='lat' dir='ltr'>latum,</span> <span class='ocrx_word' id='word_1_135' title='bbox 385 1317 521 1358; x_wconf 90' lang='lat' dir='ltr'>quum</span> <span class='ocrx_word' id='word_1_136' title='bbox 539 1301 572 1342; x_wconf 84' lang='lat' dir='ltr'>is</span> <span class='ocrx_word' id='word_1_137' title='bbox 588 1301 730 1343; x_wconf 89' lang='lat' dir='ltr'>multo</span> <span class='ocrx_word' id='word_1_138' title='bbox 751 1301 849 1358; x_wconf 83' lang='lat' dir='ltr'>plus</span> <span class='ocrx_word' id='word_1_139' title='bbox 870 1300 1012 1357; x_wconf 87' lang='lat' dir='ltr'>gratia</span> <span class='ocrx_word' id='word_1_140' title='bbox 1028 1298 1330 1355; x_wconf 82' lang='lat' dir='ltr'>suffragiisque</span> <span class='ocrx_word' id='word_1_141' title='bbox 1350 1297 1570 1344; x_wconf 79' lang='lat' dir='ltr'>valuisset,</span> <span class='ocrx_word' id='word_1_142' title='bbox 1588 1292 1707 1352; x_wconf 91' lang='lat' dir='ltr'>quod</span> 
     </span>
     <span class='ocr_line' id='line_1_19' title="bbox 211 1355 1705 1416; baseline -0.005 -15"><span class='ocrx_word' id='word_1_143' title='bbox 211 1359 292 1402; x_wconf 90' lang='lat' dir='ltr'>sibi</span> <span class='ocrx_word' id='word_1_144' title='bbox 310 1360 563 1416; x_wconf 84' lang='lat' dir='ltr'>conjunctus</span> <span class='ocrx_word' id='word_1_145' title='bbox 581 1368 625 1401; x_wconf 90' lang='lat' dir='ltr'>et</span> <span class='ocrx_word' id='word_1_146' title='bbox 641 1359 935 1401; x_wconf 82' lang='lat' dir='ltr'>familiaritate</span> <span class='ocrx_word' id='word_1_147' title='bbox 949 1367 993 1399; x_wconf 86' lang='lat' dir='ltr'>et</span> <span class='ocrx_word' id='word_1_148' title='bbox 1009 1355 1319 1400; x_wconf 78' lang='lat' dir='ltr'>necessitudine</span> <span class='ocrx_word' id='word_1_149' title='bbox 1337 1355 1565 1413; x_wconf 84' lang='lat' dir='ltr'>legationis</span> <span class='ocrx_word' id='word_1_150' title='bbox 1581 1360 1705 1396; x_wconf 87' lang='lat' dir='ltr'>esset.</span> 
     </span>
    </p>

    <p class='ocr_par' dir='ltr' id='par_1_3' title="bbox 211 1412 1710 1770">
     <span class='ocr_line' id='line_1_20' title="bbox 270 1412 1708 1476; baseline -0.003 -17"><span class='ocrx_word' id='word_1_151' title='bbox 270 1419 342 1460; x_wconf 85' lang='lat'>51.</span> <span class='ocrx_word' id='word_1_152' title='bbox 377 1418 601 1476; x_wconf 86' lang='lat' dir='ltr'>Exceptus</span> <span class='ocrx_word' id='word_1_153' title='bbox 623 1427 686 1460; x_wconf 90' lang='lat' dir='ltr'>est</span> <span class='ocrx_word' id='word_1_154' title='bbox 710 1418 890 1460; x_wconf 79' lang='lat' dir='ltr'>Caesaris</span> <span class='ocrx_word' id='word_1_155' title='bbox 918 1416 1132 1459; x_wconf 84' lang='lat' dir='ltr'>adventus</span> <span class='ocrx_word' id='word_1_156' title='bbox 1161 1415 1218 1457; x_wconf 87' lang='lat' dir='ltr'>ab</span> <span class='ocrx_word' id='word_1_157' title='bbox 1247 1415 1445 1457; x_wconf 86' lang='lat' dir='ltr'>omnibus</span> <span class='ocrx_word' id='word_1_158' title='bbox 1466 1412 1708 1472; x_wconf 85' lang='lat' dir='ltr'>municipiis</span> 
     </span>
     <span class='ocr_line' id='line_1_21' title="bbox 212 1472 1707 1532; baseline -0.003 -13"><span class='ocrx_word' id='word_1_159' title='bbox 212 1484 258 1519; x_wconf 85' lang='lat' dir='ltr'>et</span> <span class='ocrx_word' id='word_1_160' title='bbox 279 1477 454 1519; x_wconf 87' lang='lat' dir='ltr'>coloniis</span> <span class='ocrx_word' id='word_1_161' title='bbox 476 1476 721 1519; x_wconf 84' lang='lat' dir='ltr'>incredibili</span> <span class='ocrx_word' id='word_1_162' title='bbox 738 1476 900 1519; x_wconf 87' lang='lat' dir='ltr'>honore</span> <span class='ocrx_word' id='word_1_163' title='bbox 917 1485 1051 1532; x_wconf 90' lang='lat' dir='ltr'>atque</span> <span class='ocrx_word' id='word_1_164' title='bbox 1070 1490 1216 1517; x_wconf 85' lang='lat' dir='ltr'>amore</span> <span class='ocrx_word' id='word_1_165' title='bbox 1236 1488 1244 1514; x_wconf 75' lang='grc' dir='ltr'><em>τ</em></span> <span class='ocrx_word' id='word_1_166' title='bbox 1280 1483 1372 1516; x_wconf 90' lang='lat' dir='ltr'>tum</span> <span class='ocrx_word' id='word_1_167' title='bbox 1390 1474 1576 1532; x_wconf 88' lang='lat' dir='ltr'>primum</span> <span class='ocrx_word' id='word_1_168' title='bbox 1594 1472 1707 1515; x_wconf 86' lang='lat' dir='ltr'>enim</span> 
     </span>
     <span class='ocr_line' id='line_1_22' title="bbox 211 1532 1707 1590; baseline -0.003 -12"><span class='ocrx_word' id='word_1_169' title='bbox 211 1536 416 1579; x_wconf 88' lang='lat' dir='ltr'>veniebat</span> <span class='ocrx_word' id='word_1_170' title='bbox 436 1536 493 1578; x_wconf 89' lang='lat' dir='ltr'>ab</span> <span class='ocrx_word' id='word_1_171' title='bbox 514 1536 589 1578; x_wconf 92' lang='lat' dir='ltr'>illo</span> <span class='ocrx_word' id='word_1_172' title='bbox 613 1536 822 1579; x_wconf 82' lang='lat' dir='ltr'>universae</span> <span class='ocrx_word' id='word_1_173' title='bbox 841 1535 996 1578; x_wconf 79' lang='lat' dir='ltr'>Galliae</span> <span class='ocrx_word' id='word_1_174' title='bbox 1017 1534 1148 1577; x_wconf 88' lang='lat' dir='ltr'>bello.</span> <span class='ocrx_word' id='word_1_175' title='bbox 1215 1533 1338 1576; x_wconf 90' lang='lat' dir='ltr'>Nihil</span> <span class='ocrx_word' id='word_1_176' title='bbox 1360 1532 1707 1590; x_wconf 87' lang='lat' dir='ltr'>relinquebatur,</span> 
     </span>
     <span class='ocr_line' id='line_1_23' title="bbox 213 1592 1710 1652; baseline -0.003 -15"><span class='ocrx_word' id='word_1_177' title='bbox 213 1594 334 1651; x_wconf 90' lang='lat' dir='ltr'>quod</span> <span class='ocrx_word' id='word_1_178' title='bbox 357 1595 411 1638; x_wconf 89' lang='lat' dir='ltr'>ad</span> <span class='ocrx_word' id='word_1_179' title='bbox 433 1603 634 1637; x_wconf 88' lang='lat' dir='ltr'>ornatum</span> <span class='ocrx_word' id='word_1_180' title='bbox 653 1604 897 1652; x_wconf 89' lang='lat' dir='ltr'>portarum,</span> <span class='ocrx_word' id='word_1_181' title='bbox 920 1595 1141 1642; x_wconf 87' lang='lat' dir='ltr'>itinerum,</span> <span class='ocrx_word' id='word_1_182' title='bbox 1162 1592 1358 1635; x_wconf 84' lang='lat' dir='ltr'>locorum</span> <span class='ocrx_word' id='word_1_183' title='bbox 1381 1593 1589 1640; x_wconf 89' lang='lat' dir='ltr'>omnium,</span> <span class='ocrx_word' id='word_1_184' title='bbox 1621 1606 1710 1648; x_wconf 87' lang='lat' dir='ltr'>qua</span> 
     </span>
     <span class='ocr_line' id='line_1_24' title="bbox 216 1650 1709 1710; baseline -0.003 -14"><span class='ocrx_word' id='word_1_185' title='bbox 216 1653 362 1696; x_wconf 79' lang='lat' dir='ltr'>Caesar</span> <span class='ocrx_word' id='word_1_186' title='bbox 404 1653 545 1696; x_wconf 89' lang='lat' dir='ltr'>iturus</span> <span class='ocrx_word' id='word_1_187' title='bbox 582 1662 694 1703; x_wconf 87' lang='lat' dir='ltr'>erat,</span> <span class='ocrx_word' id='word_1_188' title='bbox 733 1654 967 1708; x_wconf 82' lang='lat' dir='ltr'>excogitari</span> <span class='ocrx_word' id='word_1_189' title='bbox 1011 1661 1170 1710; x_wconf 85' lang='lat' dir='ltr'>posset.</span> <span class='ocrx_word' id='word_1_190' title='bbox 1236 1651 1349 1693; x_wconf 90' lang='lat' dir='ltr'>Cum</span> <span class='ocrx_word' id='word_1_191' title='bbox 1391 1651 1536 1693; x_wconf 86' lang='lat' dir='ltr'>liberis</span> <span class='ocrx_word' id='word_1_192' title='bbox 1574 1650 1709 1693; x_wconf 87' lang='lat' dir='ltr'>omnis</span> 
     </span>
     <span class='ocr_line' id='line_1_25' title="bbox 214 1709 1709 1770; baseline -0.003 -15"><span class='ocrx_word' id='word_1_193' title='bbox 214 1712 456 1756; x_wconf 89' lang='lat' dir='ltr'>multitudo</span> <span class='ocrx_word' id='word_1_194' title='bbox 490 1712 664 1754; x_wconf 83' lang='lat' dir='ltr'>obviam</span> <span class='ocrx_word' id='word_1_195' title='bbox 694 1711 989 1770; x_wconf 86' lang='lat' dir='ltr'>procedebat:</span> <span class='ocrx_word' id='word_1_196' title='bbox 1035 1711 1183 1753; x_wconf 80' lang='lat' dir='ltr'>hostiae</span> <span class='ocrx_word' id='word_1_197' title='bbox 1214 1710 1412 1752; x_wconf 87' lang='lat' dir='ltr'>omnibus</span> <span class='ocrx_word' id='word_1_198' title='bbox 1446 1709 1548 1752; x_wconf 87' lang='lat' dir='ltr'>locis</span> <span class='ocrx_word' id='word_1_199' title='bbox 1577 1709 1709 1751; x_wconf 88' lang='lat' dir='ltr'>inmo-</span> 
     </span>
    </p>
   </div>
   <div class='ocr_carea' id='block_1_2' title="bbox 1930 658 1946 967">
    <p class='ocr_par' dir='ltr' id='par_1_4' title="bbox 1930 658 1946 967">
     <span class='ocr_line' id='line_1_26' title="bbox 1930 658 1946 967; baseline 0 2294"><span class='ocrx_word' id='word_1_200' title='bbox 1930 658 1946 967; x_wconf 95' lang='lat' dir='ltr'> </span> 
     </span>
    </p>
   </div>
   <div class='ocr_carea' id='block_1_3' title="bbox 220 1821 939 2959">
    <p class='ocr_par' dir='ltr' id='par_1_5' title="bbox 220 1821 935 2429">
     <span class='ocr_line' id='line_1_27' title="bbox 264 1821 927 1864; baseline -0.003 -9"><span class='ocrx_word' id='word_1_201' title='bbox 264 1824 457 1862; x_wconf 73' lang='lat' dir='ltr'>Sacerdom,</span> <span class='ocrx_word' id='word_1_202' title='bbox 483 1824 686 1861; x_wconf 67' lang='lat' dir='ltr'>Auguratus,</span> <span class='ocrx_word' id='word_1_203' title='bbox 708 1833 809 1864; x_wconf 88' lang='lat' dir='ltr'>quem</span> <span class='ocrx_word' id='word_1_204' title='bbox 825 1821 927 1853; x_wconf 85' lang='lat' dir='ltr'>etiam</span> 
     </span>
     <span class='ocr_line' id='line_1_28' title="bbox 220 1867 928 1909; baseline -0.004 -9"><span class='ocrx_word' id='word_1_205' title='bbox 220 1867 313 1900; x_wconf 90' lang='lat' dir='ltr'>Plin.</span> <span class='ocrx_word' id='word_1_206' title='bbox 344 1868 434 1909; x_wconf 82' lang='lat' dir='ltr'>Epp.</span> <span class='ocrx_word' id='word_1_207' title='bbox 468 1870 500 1903; x_wconf 90' lang='grc'>4,</span> <span class='ocrx_word' id='word_1_208' title='bbox 529 1871 548 1898; x_wconf 89' lang='grc'>8</span> <span class='ocrx_word' id='word_1_209' title='bbox 572 1867 798 1899; x_wconf 73' lang='lat' dir='ltr'>sacerdotium</span> <span class='ocrx_word' id='word_1_210' title='bbox 831 1867 928 1898; x_wconf 83' lang='lat' dir='ltr'>dixit.</span> 
     </span>
     <span class='ocr_line' id='line_1_29' title="bbox 223 1911 931 1944; baseline -0.003 0"><span class='ocrx_word' id='word_1_211' title='bbox 223 1914 399 1944; x_wconf 53' lang='lat' dir='ltr'>Grunnius.</span> <span class='ocrx_word' id='word_1_212' title='bbox 425 1912 508 1944; x_wconf 87' lang='lat' dir='ltr'>Mox</span> <span class='ocrx_word' id='word_1_213' title='bbox 524 1912 646 1943; x_wconf 86' lang='lat' dir='ltr'>diserte</span> <span class='ocrx_word' id='word_1_214' title='bbox 661 1911 785 1942; x_wconf 85' lang='lat' dir='ltr'>dicitur</span> <span class='ocrx_word' id='word_1_215' title='bbox 801 1918 931 1942; x_wconf 83' lang='lat' dir='ltr'>creatus</span> 
     </span>
     <span class='ocr_line' id='line_1_30' title="bbox 221 1955 932 1997; baseline -0.001 -10"><span class='ocrx_word' id='word_1_216' title='bbox 221 1957 347 1997; x_wconf 82' lang='lat' dir='ltr'>Augur.</span> <span class='ocrx_word' id='word_1_217' title='bbox 393 1955 494 1994; x_wconf 81' lang='lat' dir='ltr'>Quod</span> <span class='ocrx_word' id='word_1_218' title='bbox 521 1962 630 1987; x_wconf 89' lang='lat' dir='ltr'>autem</span> <span class='ocrx_word' id='word_1_219' title='bbox 660 1956 851 1993; x_wconf 64' lang='lat' dir='ltr'>Auguratus</span> <span class='ocrx_word' id='word_1_220' title='bbox 874 1966 932 1996; x_wconf 76' lang='lat' dir='ltr'>pe-</span> 
     </span>
     <span class='ocr_line' id='line_1_31' title="bbox 220 2000 932 2041; baseline -0.003 -10"><span class='ocrx_word' id='word_1_221' title='bbox 220 2000 298 2031; x_wconf 87' lang='lat' dir='ltr'>titio</span> <span class='ocrx_word' id='word_1_222' title='bbox 316 2000 349 2031; x_wconf 82' lang='lat' dir='ltr'>h.</span> <span class='ocrx_word' id='word_1_223' title='bbox 367 2001 389 2032; x_wconf 88' lang='lat' dir='ltr'>l.</span> <span class='ocrx_word' id='word_1_224' title='bbox 415 2000 583 2041; x_wconf 66' lang='lat' dir='ltr'>suffragiis</span> <span class='ocrx_word' id='word_1_225' title='bbox 609 2000 734 2041; x_wconf 87' lang='lat' dir='ltr'>Populi</span> <span class='ocrx_word' id='word_1_226' title='bbox 758 2009 932 2030; x_wconf 88' lang='lat' dir='ltr'>commen-</span> 
     </span>
     <span class='ocr_line' id='line_1_32' title="bbox 221 2044 931 2086; baseline -0.003 -10"><span class='ocrx_word' id='word_1_227' title='bbox 221 2046 326 2083; x_wconf 82' lang='lat' dir='ltr'>datur,</span> <span class='ocrx_word' id='word_1_228' title='bbox 362 2056 442 2076; x_wconf 92' lang='lat' dir='ltr'>cum</span> <span class='ocrx_word' id='word_1_229' title='bbox 472 2044 553 2076; x_wconf 92' lang='lat' dir='ltr'>olim</span> <span class='ocrx_word' id='word_1_230' title='bbox 592 2050 831 2086; x_wconf 85' lang='lat' dir='ltr'>cooptarentur</span> <span class='ocrx_word' id='word_1_231' title='bbox 864 2046 931 2075; x_wconf 85' lang='lat' dir='ltr'>Au-</span> 
     </span>
     <span class='ocr_line' id='line_1_33' title="bbox 220 2087 933 2129; baseline 0 -10"><span class='ocrx_word' id='word_1_232' title='bbox 220 2099 337 2129; x_wconf 78' lang='lat' dir='ltr'>gures,</span> <span class='ocrx_word' id='word_1_233' title='bbox 353 2088 385 2120; x_wconf 91' lang='lat' dir='ltr'>id</span> <span class='ocrx_word' id='word_1_234' title='bbox 403 2100 444 2119; x_wconf 88' lang='lat' dir='ltr'>eo</span> <span class='ocrx_word' id='word_1_235' title='bbox 462 2090 587 2120; x_wconf 79' lang='lat' dir='ltr'>sactum</span> <span class='ocrx_word' id='word_1_236' title='bbox 606 2095 669 2126; x_wconf 81' lang='lat' dir='ltr'>est,</span> <span class='ocrx_word' id='word_1_237' title='bbox 692 2087 774 2129; x_wconf 80' lang='lat' dir='ltr'>quia</span> <span class='ocrx_word' id='word_1_238' title='bbox 790 2089 843 2119; x_wconf 80' lang='lat' dir='ltr'>lex</span> <span class='ocrx_word' id='word_1_239' title='bbox 863 2088 933 2119; x_wconf 88' lang='lat' dir='ltr'>Do-</span> 
     </span>
     <span class='ocr_line' id='line_1_34' title="bbox 220 2132 934 2167; baseline 0.001 -4"><span class='ocrx_word' id='word_1_240' title='bbox 220 2132 321 2164; x_wconf 83' lang='lat' dir='ltr'>mitia</span> <span class='ocrx_word' id='word_1_241' title='bbox 345 2139 510 2167; x_wconf 77' lang='lat' dir='ltr'>sanxerat.</span> <span class='ocrx_word' id='word_1_242' title='bbox 535 2138 570 2163; x_wconf 88' lang='lat' dir='ltr'>ut</span> <span class='ocrx_word' id='word_1_243' title='bbox 593 2133 796 2167; x_wconf 83' lang='lat' dir='ltr'>sacerdotes,</span> <span class='ocrx_word' id='word_1_244' title='bbox 822 2132 854 2163; x_wconf 92' lang='lat' dir='ltr'>in</span> <span class='ocrx_word' id='word_1_245' title='bbox 881 2132 934 2164; x_wconf 88' lang='lat' dir='ltr'>his</span> 
     </span>
     <span class='ocr_line' id='line_1_35' title="bbox 224 2176 932 2218; baseline -0.001 -10"><span class='ocrx_word' id='word_1_246' title='bbox 224 2178 393 2218; x_wconf 83' lang='lat' dir='ltr'>Augures,</span> <span class='ocrx_word' id='word_1_247' title='bbox 409 2176 559 2208; x_wconf 84' lang='lat' dir='ltr'>comitiis</span> <span class='ocrx_word' id='word_1_248' title='bbox 574 2176 697 2218; x_wconf 83' lang='lat' dir='ltr'>Populi</span> <span class='ocrx_word' id='word_1_249' title='bbox 720 2182 932 2208; x_wconf 79' lang='lat' dir='ltr'>crearentur:</span> 
     </span>
     <span class='ocr_line' id='line_1_36' title="bbox 223 2220 935 2262; baseline -0.001 -10"><span class='ocrx_word' id='word_1_250' title='bbox 223 2231 326 2262; x_wconf 87' lang='lat' dir='ltr'>quam</span> <span class='ocrx_word' id='word_1_251' title='bbox 352 2221 462 2261; x_wconf 79' lang='lat' dir='ltr'>legem</span> <span class='ocrx_word' id='word_1_252' title='bbox 485 2221 547 2252; x_wconf 79' lang='lat' dir='ltr'>etsi</span> <span class='ocrx_word' id='word_1_253' title='bbox 572 2220 731 2252; x_wconf 85' lang='lat' dir='ltr'>Cornelia</span> <span class='ocrx_word' id='word_1_254' title='bbox 755 2222 808 2252; x_wconf 80' lang='lat' dir='ltr'>lex</span> <span class='ocrx_word' id='word_1_255' title='bbox 826 2227 935 2251; x_wconf 88' lang='lat' dir='ltr'>sustu-</span> 
     </span>
     <span class='ocr_line' id='line_1_37' title="bbox 224 2264 934 2303; baseline -0.003 -6"><span class='ocrx_word' id='word_1_256' title='bbox 224 2265 325 2303; x_wconf 85' lang='lat' dir='ltr'>lerat,</span> <span class='ocrx_word' id='word_1_257' title='bbox 343 2264 488 2296; x_wconf 83' lang='lat' dir='ltr'>restituit</span> <span class='ocrx_word' id='word_1_258' title='bbox 503 2271 614 2297; x_wconf 72' lang='lat' dir='ltr'>tamon</span> <span class='ocrx_word' id='word_1_259' title='bbox 634 2267 672 2296; x_wconf 86' lang='grc' dir='ltr'>Α.</span> <span class='ocrx_word' id='word_1_260' title='bbox 690 2265 731 2296; x_wconf 89' lang='lat' dir='ltr'>U.</span> <span class='ocrx_word' id='word_1_261' title='bbox 753 2268 809 2295; x_wconf 54' lang='lat'>6⁴³1</span> <span class='ocrx_word' id='word_1_262' title='bbox 833 2264 934 2296; x_wconf 86' lang='lat' dir='ltr'>Labi-</span> 
     </span>
     <span class='ocr_line' id='line_1_38' title="bbox 223 2308 932 2349; baseline 0.001 -9"><span class='ocrx_word' id='word_1_263' title='bbox 223 2320 322 2347; x_wconf 81' lang='lat' dir='ltr'>enuS‚</span> <span class='ocrx_word' id='word_1_264' title='bbox 338 2309 510 2340; x_wconf 86' lang='lat' dir='ltr'>Tribunus</span> <span class='ocrx_word' id='word_1_265' title='bbox 527 2309 650 2349; x_wconf 87' lang='lat' dir='ltr'>plebis.</span> <span class='ocrx_word' id='word_1_266' title='bbox 681 2309 733 2339; x_wconf 75' lang='lat' dir='ltr'>Cf.</span> <span class='ocrx_word' id='word_1_267' title='bbox 749 2308 932 2341; x_wconf 82' lang='lat' dir='ltr'>Fabric.ad</span> 
     </span>
     <span class='ocr_line' id='line_1_39' title="bbox 227 2352 934 2391; baseline 0 -7"><span class='ocrx_word' id='word_1_268' title='bbox 227 2353 330 2384; x_wconf 87' lang='lat' dir='ltr'>Dion.</span> <span class='ocrx_word' id='word_1_269' title='bbox 354 2352 449 2384; x_wconf 83' lang='lat' dir='ltr'>Cass.</span> <span class='ocrx_word' id='word_1_270' title='bbox 475 2355 528 2391; x_wconf 82' lang='lat'>37,</span> <span class='ocrx_word' id='word_1_271' title='bbox 554 2355 607 2384; x_wconf 80' lang='lat'><strong>37.</strong></span> <span class='ocrx_word' id='word_1_272' title='bbox 632 2359 664 2383; x_wconf 76' lang='lat' dir='ltr'>et</span> <span class='ocrx_word' id='word_1_273' title='bbox 688 2352 819 2385; x_wconf 78' lang='lat' dir='ltr'>Ernesti</span> <span class='ocrx_word' id='word_1_274' title='bbox 836 2353 934 2384; x_wconf 79' lang='lat' dir='ltr'>Clau.</span> 
     </span>
     <span class='ocr_line' id='line_1_40' title="bbox 225 2396 695 2429; baseline -0.004 0"><span class='ocrx_word' id='word_1_275' title='bbox 225 2397 300 2429; x_wconf 91' lang='lat' dir='ltr'>Cic.</span> <span class='ocrx_word' id='word_1_276' title='bbox 319 2396 351 2428; x_wconf 89' lang='lat' dir='ltr'>in</span> <span class='ocrx_word' id='word_1_277' title='bbox 371 2398 442 2428; x_wconf 69' lang='lat' dir='ltr'>Lem</span> <span class='ocrx_word' id='word_1_278' title='bbox 459 2399 621 2429; x_wconf 65' lang='lat' dir='ltr'>Domitia.</span> <span class='ocrx_word' id='word_1_279' title='bbox 646 2397 695 2428; x_wconf 89' lang='lat' dir='ltr'>M.</span> 
     </span>
    </p>

    <p class='ocr_par' dir='ltr' id='par_1_6' title="bbox 224 2441 937 2617">
     <span class='ocr_line' id='line_1_41' title="bbox 273 2441 937 2482; baseline -0.003 -8"><span class='ocrx_word' id='word_1_280' title='bbox 273 2442 495 2474; x_wconf 78' lang='lat' dir='ltr'>Contendebat</span> <span class='ocrx_word' id='word_1_281' title='bbox 534 2443 659 2482; x_wconf 71' lang='lat' dir='ltr'>qratia,</span> <span class='ocrx_word' id='word_1_282' title='bbox 695 2450 761 2481; x_wconf 85' lang='lat' dir='ltr'>qua</span> <span class='ocrx_word' id='word_1_283' title='bbox 803 2441 937 2472; x_wconf 68' lang='lat' dir='ltr'>valebat</span> 
     </span>
     <span class='ocr_line' id='line_1_42' title="bbox 224 2483 936 2528; baseline -0.001 -10"><span class='ocrx_word' id='word_1_284' title='bbox 224 2487 316 2528; x_wconf 86' lang='lat' dir='ltr'>apud</span> <span class='ocrx_word' id='word_1_285' title='bbox 343 2485 500 2517; x_wconf 84' lang='lat' dir='ltr'>colonias</span> <span class='ocrx_word' id='word_1_286' title='bbox 526 2490 559 2516; x_wconf 88' lang='lat' dir='ltr'>et</span> <span class='ocrx_word' id='word_1_287' title='bbox 590 2483 787 2525; x_wconf 81' lang='lat' dir='ltr'>municipia.</span> <span class='ocrx_word' id='word_1_288' title='bbox 845 2485 936 2517; x_wconf 83' lang='lat' dir='ltr'>Male</span> 
     </span>
     <span class='ocr_line' id='line_1_43' title="bbox 226 2529 935 2571; baseline -0.001 -10"><span class='ocrx_word' id='word_1_289' title='bbox 226 2531 390 2562; x_wconf 88' lang='lat' dir='ltr'>Ciaccon.</span> <span class='ocrx_word' id='word_1_290' title='bbox 407 2536 440 2561; x_wconf 89' lang='lat' dir='ltr'>et</span> <span class='ocrx_word' id='word_1_291' title='bbox 455 2529 605 2571; x_wconf 80' lang='lat' dir='ltr'>Scaliger</span> <span class='ocrx_word' id='word_1_292' title='bbox 622 2529 795 2560; x_wconf 80' lang='lat' dir='ltr'>abundare</span> <span class='ocrx_word' id='word_1_293' title='bbox 815 2539 935 2560; x_wconf 71' lang='lat' dir='ltr'>vocem</span> 
     </span>
     <span class='ocr_line' id='line_1_44' title="bbox 227 2574 541 2617; baseline -0.006 -11"><span class='ocrx_word' id='word_1_294' title='bbox 227 2577 342 2617; x_wconf 64' lang='lat' dir='ltr'>qratia</span> <span class='ocrx_word' id='word_1_295' title='bbox 363 2574 541 2616; x_wconf 76' lang='lat' dir='ltr'>putabant.</span> 
     </span>
    </p>

    <p class='ocr_par' dir='ltr' id='par_1_7' title="bbox 228 2615 939 2879">
     <span class='ocr_line' id='line_1_45' title="bbox 276 2615 937 2659; baseline -0.003 -9"><span class='ocrx_word' id='word_1_296' title='bbox 276 2620 472 2650; x_wconf 72' lang='lat' dir='ltr'>Decedemis</span> <span class='ocrx_word' id='word_1_297' title='bbox 482 2619 523 2649; x_wconf 86' lang='lat' dir='ltr'>de</span> <span class='ocrx_word' id='word_1_298' title='bbox 537 2615 726 2659; x_wconf 87' lang='lat' dir='ltr'>provincia.</span> <span class='ocrx_word' id='word_1_299' title='bbox 760 2617 937 2648; x_wconf 72' lang='lat' dir='ltr'>Cellarius.</span> 
     </span>
     <span class='ocr_line' id='line_1_46' title="bbox 229 2660 936 2704; baseline -0.004 -11"><span class='ocrx_word' id='word_1_300' title='bbox 229 2662 320 2700; x_wconf 87' lang='lat' dir='ltr'>Quia</span> <span class='ocrx_word' id='word_1_301' title='bbox 333 2673 412 2693; x_wconf 83' lang='lat' dir='ltr'>vero</span> <span class='ocrx_word' id='word_1_302' title='bbox 429 2673 448 2693; x_wconf 85' lang='lat' dir='ltr'>e</span> <span class='ocrx_word' id='word_1_303' title='bbox 463 2663 597 2704; x_wconf 86' lang='lat' dir='ltr'>repulsa</span> <span class='ocrx_word' id='word_1_304' title='bbox 611 2660 750 2692; x_wconf 81' lang='lat' dir='ltr'>Antonii</span> <span class='ocrx_word' id='word_1_305' title='bbox 764 2660 874 2701; x_wconf 89' lang='lat' dir='ltr'>potuit</span> <span class='ocrx_word' id='word_1_306' title='bbox 888 2661 936 2691; x_wconf 90' lang='lat' dir='ltr'>in-</span> 
     </span>
     <span class='ocr_line' id='line_1_47' title="bbox 228 2705 937 2747; baseline -0.001 -10"><span class='ocrx_word' id='word_1_307' title='bbox 228 2706 348 2746; x_wconf 68' lang='lat' dir='ltr'>telligi,</span> <span class='ocrx_word' id='word_1_308' title='bbox 378 2707 544 2737; x_wconf 72' lang='lat' dir='ltr'>Cresarem</span> <span class='ocrx_word' id='word_1_309' title='bbox 579 2715 695 2747; x_wconf 84' lang='lat' dir='ltr'>parum</span> <span class='ocrx_word' id='word_1_310' title='bbox 729 2705 839 2735; x_wconf 82' lang='lat' dir='ltr'>valere</span> <span class='ocrx_word' id='word_1_311' title='bbox 878 2716 937 2736; x_wconf 80' lang='lat' dir='ltr'>sua</span> 
     </span>
     <span class='ocr_line' id='line_1_48' title="bbox 228 2749 939 2790; baseline -0.003 -9"><span class='ocrx_word' id='word_1_312' title='bbox 228 2749 541 2790; x_wconf 83' lang='lat' dir='ltr'>commendatione3</span> <span class='ocrx_word' id='word_1_313' title='bbox 556 2749 720 2781; x_wconf 80' lang='lat' dir='ltr'>inminuta</span> <span class='ocrx_word' id='word_1_314' title='bbox 730 2754 764 2780; x_wconf 81' lang='lat' dir='ltr'>et</span> <span class='ocrx_word' id='word_1_315' title='bbox 775 2749 939 2780; x_wconf 77' lang='lat' dir='ltr'>convulsa</span> 
     </span>
     <span class='ocr_line' id='line_1_49' title="bbox 230 2793 939 2836; baseline -0.001 -12"><span class='ocrx_word' id='word_1_316' title='bbox 230 2799 279 2824; x_wconf 85' lang='lat' dir='ltr'>est</span> <span class='ocrx_word' id='word_1_317' title='bbox 295 2794 413 2835; x_wconf 82' lang='lat' dir='ltr'>opinio</span> <span class='ocrx_word' id='word_1_318' title='bbox 430 2796 471 2826; x_wconf 92' lang='lat' dir='ltr'>de</span> <span class='ocrx_word' id='word_1_319' title='bbox 488 2795 630 2826; x_wconf 73' lang='lat' dir='ltr'>Caesaris</span> <span class='ocrx_word' id='word_1_320' title='bbox 644 2793 753 2836; x_wconf 78' lang='lat' dir='ltr'>gratia</span> <span class='ocrx_word' id='word_1_321' title='bbox 769 2798 803 2824; x_wconf 90' lang='lat' dir='ltr'>et</span> <span class='ocrx_word' id='word_1_322' title='bbox 818 2799 939 2835; x_wconf 82' lang='lat' dir='ltr'>poten-</span> 
     </span>
     <span class='ocr_line' id='line_1_50' title="bbox 230 2837 601 2879; baseline 0.003 -10"><span class='ocrx_word' id='word_1_323' title='bbox 230 2837 277 2869; x_wconf 83' lang='lat' dir='ltr'>tia</span> <span class='ocrx_word' id='word_1_324' title='bbox 291 2839 382 2879; x_wconf 81' lang='lat' dir='ltr'>apud</span> <span class='ocrx_word' id='word_1_325' title='bbox 399 2849 526 2870; x_wconf 76' lang='lat' dir='ltr'>omnes.</span> <span class='ocrx_word' id='word_1_326' title='bbox 551 2840 601 2870; x_wconf 88' lang='lat' dir='ltr'>M.</span> 
     </span>
    </p>

    <p class='ocr_par' dir='ltr' id='par_1_8' title="bbox 229 2881 937 2959">
     <span class='ocr_line' id='line_1_51' title="bbox 278 2881 937 2916; baseline 0.002 -3"><span class='ocrx_word' id='word_1_327' title='bbox 278 2883 530 2916; x_wconf 73' lang='lat' dir='ltr'>Cmmnemlaree</span> <span class='ocrx_word' id='word_1_328' title='bbox 539 2907 546 2915; x_wconf 93' lang='lat'><strong>.</strong></span> <span class='ocrx_word' id='word_1_329' title='bbox 561 2882 672 2915; x_wconf 80' lang='lat' dir='ltr'>minus</span> <span class='ocrx_word' id='word_1_330' title='bbox 682 2887 770 2915; x_wconf 87' lang='lat' dir='ltr'>recte</span> <span class='ocrx_word' id='word_1_331' title='bbox 783 2881 842 2915; x_wconf 86' lang='lat' dir='ltr'>alii</span> <span class='ocrx_word' id='word_1_332' title='bbox 851 2893 937 2915; x_wconf 85' lang='lat' dir='ltr'>com-</span> 
     </span>
     <span class='ocr_line' id='line_1_52' title="bbox 229 2926 458 2959; baseline 0.004 -3"><span class='ocrx_word' id='word_1_333' title='bbox 229 2926 458 2959; x_wconf 70' lang='lat' dir='ltr'>mondaverat.</span> 
     </span>
    </p>
   </div>
   <div class='ocr_carea' id='block_1_4' title="bbox 1000 1820 1717 2925">
    <p class='ocr_par' dir='ltr' id='par_1_9' title="bbox 1002 1820 1709 1897">
     <span class='ocr_line' id='line_1_53' title="bbox 1047 1820 1709 1853; baseline 0 -1"><span class='ocrx_word' id='word_1_334' title='bbox 1047 1822 1143 1853; x_wconf 61' lang='lat' dir='ltr'>Lem.</span> <span class='ocrx_word' id='word_1_335' title='bbox 1156 1827 1185 1853; x_wconf 74' lang='lat' dir='ltr'>et</span> <span class='ocrx_word' id='word_1_336' title='bbox 1200 1821 1311 1852; x_wconf 55' lang='lat' dir='ltr'>filare.</span> <span class='ocrx_word' id='word_1_337' title='bbox 1335 1820 1481 1852; x_wconf 78' lang='lat' dir='ltr'>Fuerunt</span> <span class='ocrx_word' id='word_1_338' title='bbox 1496 1820 1630 1853; x_wconf 85' lang='lat' dir='ltr'>Coss.a.</span> <span class='ocrx_word' id='word_1_339' title='bbox 1645 1822 1709 1852; x_wconf 82' lang='lat'>705</span> 
     </span>
     <span class='ocr_line' id='line_1_54' title="bbox 1002 1865 1231 1897; baseline -0.004 0"><span class='ocrx_word' id='word_1_340' title='bbox 1002 1866 1039 1897; x_wconf 88' lang='lat' dir='ltr'>P.</span> <span class='ocrx_word' id='word_1_341' title='bbox 1058 1865 1100 1895; x_wconf 75' lang='lat' dir='ltr'><strong>U.</strong></span> <span class='ocrx_word' id='word_1_342' title='bbox 1117 1866 1157 1896; x_wconf 82' lang='lat' dir='ltr'>C.</span> <span class='ocrx_word' id='word_1_343' title='bbox 1183 1866 1231 1896; x_wconf 90' lang='lat' dir='ltr'><strong>M.</strong></span> 
     </span>
    </p>

    <p class='ocr_par' dir='ltr' id='par_1_10' title="bbox 1000 1909 1711 2039">
     <span class='ocr_line' id='line_1_55' title="bbox 1048 1909 1711 1951; baseline 0 -12"><span class='ocrx_word' id='word_1_344' title='bbox 1048 1911 1282 1950; x_wconf 60' lang='lat' dir='ltr'>Qui—empus.</span> <span class='ocrx_word' id='word_1_345' title='bbox 1330 1909 1454 1948; x_wconf 59' lang='lat' dir='ltr'>vulgo,</span> <span class='ocrx_word' id='word_1_346' title='bbox 1471 1912 1531 1951; x_wconf 80' lang='lat' dir='ltr'>qui</span> <span class='ocrx_word' id='word_1_347' title='bbox 1547 1912 1639 1941; x_wconf 79' lang='lat' dir='ltr'>muni</span> <span class='ocrx_word' id='word_1_348' title='bbox 1654 1910 1711 1939; x_wconf 84' lang='lat' dir='ltr'>lm-</span> 
     </span>
     <span class='ocr_line' id='line_1_56' title="bbox 1000 1953 1711 1996; baseline -0.001 -11"><span class='ocrx_word' id='word_1_349' title='bbox 1000 1964 1080 1985; x_wconf 66' lang='grc' dir='ltr'><em>ἠυγ-ρ</em></span> <span class='ocrx_word' id='word_1_350' title='bbox 1094 1959 1122 1985; x_wconf 63' lang='grc' dir='ltr'>μί</span> <span class='ocrx_word' id='word_1_351' title='bbox 1134 1954 1293 1993; x_wconf 68' lang='grc' dir='ltr'>«ΙοῃιιίΙιιΙε</span> <span class='ocrx_word' id='word_1_352' title='bbox 1309 1956 1471 1985; x_wconf 65' lang='lat' dir='ltr'>(&#39;(l‘s(17·!²m</span> <span class='ocrx_word' id='word_1_353' title='bbox 1483 1965 1572 1996; x_wconf 60' lang='lat' dir='ltr'>emsp.</span> <span class='ocrx_word' id='word_1_354' title='bbox 1590 1954 1645 1984; x_wconf 79' lang='lat' dir='ltr'>sed</span> <span class='ocrx_word' id='word_1_355' title='bbox 1662 1953 1711 1984; x_wconf 91' lang='lat' dir='ltr'>in-</span> 
     </span>
     <span class='ocr_line' id='line_1_57' title="bbox 1001 1998 1579 2039; baseline 0 -11"><span class='ocrx_word' id='word_1_356' title='bbox 1001 1998 1080 2029; x_wconf 77' lang='lat' dir='ltr'>vitis</span> <span class='ocrx_word' id='word_1_357' title='bbox 1096 1998 1194 2028; x_wconf 89' lang='lat' dir='ltr'>codd.</span> <span class='ocrx_word' id='word_1_358' title='bbox 1241 1999 1292 2028; x_wconf 79' lang='lat' dir='ltr'><strong>M.</strong></span> <span class='ocrx_word' id='word_1_359' title='bbox 1310 1998 1369 2028; x_wconf 87' lang='lat' dir='ltr'>alii</span> <span class='ocrx_word' id='word_1_360' title='bbox 1386 2000 1579 2039; x_wconf 67' lang='lat' dir='ltr'>spoliarem.</span> 
     </span>
    </p>

    <p class='ocr_par' dir='ltr' id='par_1_11' title="bbox 1003 2041 1716 2604">
     <span class='ocr_line' id='line_1_58' title="bbox 1049 2041 1716 2083; baseline 0.003 -12"><span class='ocrx_word' id='word_1_361' title='bbox 1049 2044 1162 2081; x_wconf 67' lang='lat' dir='ltr'>Sei-(sio</span> <span class='ocrx_word' id='word_1_362' title='bbox 1178 2042 1306 2073; x_wconf 76' lang='lat' dir='ltr'>Galboe.</span> <span class='ocrx_word' id='word_1_363' title='bbox 1334 2041 1397 2072; x_wconf 83' lang='lat' dir='ltr'>llic</span> <span class='ocrx_word' id='word_1_364' title='bbox 1413 2042 1559 2083; x_wconf 51' lang='lat' dir='ltr'>[negatus</span> <span class='ocrx_word' id='word_1_365' title='bbox 1572 2042 1716 2073; x_wconf 67' lang='lat' dir='ltr'>Caesaris</span> 
     </span>
     <span class='ocr_line' id='line_1_59' title="bbox 1005 2085 1713 2125; baseline 0 -8"><span class='ocrx_word' id='word_1_366' title='bbox 1005 2086 1038 2118; x_wconf 92' lang='lat' dir='ltr'>in</span> <span class='ocrx_word' id='word_1_367' title='bbox 1055 2086 1169 2117; x_wconf 82' lang='lat' dir='ltr'>Callia</span> <span class='ocrx_word' id='word_1_368' title='bbox 1187 2087 1290 2116; x_wconf 82' lang='lat' dir='ltr'>suerat</span> <span class='ocrx_word' id='word_1_369' title='bbox 1304 2085 1381 2123; x_wconf 76' lang='lat' dir='ltr'>(lib.</span> <span class='ocrx_word' id='word_1_370' title='bbox 1399 2088 1430 2116; x_wconf 81' lang='lat'>3.</span> <span class='ocrx_word' id='word_1_371' title='bbox 1444 2086 1503 2125; x_wconf 93' lang='lat' dir='ltr'>in.)</span> <span class='ocrx_word' id='word_1_372' title='bbox 1525 2086 1611 2118; x_wconf 53' lang='lat' dir='ltr'>Vum</span> <span class='ocrx_word' id='word_1_373' title='bbox 1623 2086 1713 2117; x_wconf 78' lang='lat' dir='ltr'>Con-</span> 
     </span>
     <span class='ocr_line' id='line_1_60' title="bbox 1003 2129 1714 2173; baseline 0 -11"><span class='ocrx_word' id='word_1_374' title='bbox 1003 2131 1147 2163; x_wconf 84' lang='lat' dir='ltr'>sulatum</span> <span class='ocrx_word' id='word_1_375' title='bbox 1164 2129 1284 2160; x_wconf 77' lang='lat' dir='ltr'>deinde</span> <span class='ocrx_word' id='word_1_376' title='bbox 1304 2131 1619 2173; x_wconf 74' lang='lat' dir='ltr'>peteret,repulsani</span> <span class='ocrx_word' id='word_1_377' title='bbox 1637 2131 1714 2163; x_wconf 89' lang='lat' dir='ltr'>tulit</span> 
     </span>
     <span class='ocr_line' id='line_1_61' title="bbox 1005 2173 1713 2217; baseline 0.003 -12"><span class='ocrx_word' id='word_1_378' title='bbox 1005 2181 1141 2217; x_wconf 85' lang='lat' dir='ltr'>propter</span> <span class='ocrx_word' id='word_1_379' title='bbox 1164 2173 1308 2205; x_wconf 56' lang='lat' dir='ltr'>(tl-saris</span> <span class='ocrx_word' id='word_1_380' title='bbox 1332 2174 1541 2206; x_wconf 75' lang='lat' dir='ltr'>amicitiam:</span> <span class='ocrx_word' id='word_1_381' title='bbox 1575 2186 1615 2207; x_wconf 86' lang='lat' dir='ltr'>ex</span> <span class='ocrx_word' id='word_1_382' title='bbox 1643 2186 1713 2216; x_wconf 85' lang='lat' dir='ltr'>quo</span> 
     </span>
     <span class='ocr_line' id='line_1_62' title="bbox 1003 2218 1715 2251; baseline 0.001 -2"><span class='ocrx_word' id='word_1_383' title='bbox 1003 2218 1130 2250; x_wconf 59' lang='lat' dir='ltr'>(asari</span> <span class='ocrx_word' id='word_1_384' title='bbox 1157 2219 1303 2249; x_wconf 71' lang='lat' dir='ltr'>infensus</span> <span class='ocrx_word' id='word_1_385' title='bbox 1325 2229 1401 2250; x_wconf 88' lang='lat' dir='ltr'>cum</span> <span class='ocrx_word' id='word_1_386' title='bbox 1426 2218 1544 2251; x_wconf 57' lang='lat' dir='ltr'>(assio</span> <span class='ocrx_word' id='word_1_387' title='bbox 1559 2228 1591 2251; x_wconf 83' lang='lat' dir='ltr'>ct</span> <span class='ocrx_word' id='word_1_388' title='bbox 1610 2221 1715 2251; x_wconf 88' lang='lat' dir='ltr'>Bruto</span> 
     </span>
     <span class='ocr_line' id='line_1_63' title="bbox 1004 2262 1715 2304; baseline -0.001 -10"><span class='ocrx_word' id='word_1_389' title='bbox 1004 2262 1226 2304; x_wconf 78' lang='lat' dir='ltr'>conspiravit.</span> <span class='ocrx_word' id='word_1_390' title='bbox 1251 2262 1390 2293; x_wconf 81' lang='lat' dir='ltr'>Sueton.</span> <span class='ocrx_word' id='word_1_391' title='bbox 1410 2263 1510 2295; x_wconf 82' lang='lat' dir='ltr'>Gatb.</span> <span class='ocrx_word' id='word_1_392' title='bbox 1530 2267 1561 2296; x_wconf 85' lang='lat'><strong>3.</strong></span> <span class='ocrx_word' id='word_1_393' title='bbox 1603 2265 1715 2296; x_wconf 81' lang='lat' dir='ltr'>Cella-</span> 
     </span>
     <span class='ocr_line' id='line_1_64' title="bbox 1004 2305 1713 2342; baseline -0.001 -3"><span class='ocrx_word' id='word_1_394' title='bbox 1004 2310 1086 2339; x_wconf 75' lang='lat' dir='ltr'>rius.</span> <span class='ocrx_word' id='word_1_395' title='bbox 1135 2305 1315 2337; x_wconf 76' lang='lat' dir='ltr'>Rubenius</span> <span class='ocrx_word' id='word_1_396' title='bbox 1346 2307 1377 2337; x_wconf 90' lang='lat' dir='ltr'>in</span> <span class='ocrx_word' id='word_1_397' title='bbox 1419 2307 1548 2338; x_wconf 83' lang='lat' dir='ltr'>Electis</span> <span class='ocrx_word' id='word_1_398' title='bbox 1590 2310 1618 2342; x_wconf 83' lang='lat' dir='ltr'>l.</span> <span class='ocrx_word' id='word_1_399' title='bbox 1658 2310 1713 2339; x_wconf 75' lang='lat'><strong>97.</strong></span> 
     </span>
     <span class='ocr_line' id='line_1_65' title="bbox 1005 2350 1715 2391; baseline 0.003 -10"><span class='ocrx_word' id='word_1_400' title='bbox 1005 2353 1174 2383; x_wconf 71' lang='lat' dir='ltr'>t&#39;resarem</span> <span class='ocrx_word' id='word_1_401' title='bbox 1191 2361 1267 2381; x_wconf 79' lang='lat' dir='ltr'>cum</span> <span class='ocrx_word' id='word_1_402' title='bbox 1282 2350 1445 2382; x_wconf 80' lang='lat' dir='ltr'>Suetonio</span> <span class='ocrx_word' id='word_1_403' title='bbox 1455 2351 1636 2391; x_wconf 77' lang='lat' dir='ltr'>conciliat;</span> <span class='ocrx_word' id='word_1_404' title='bbox 1653 2354 1715 2383; x_wconf 87' lang='lat' dir='ltr'>du-</span> 
     </span>
     <span class='ocr_line' id='line_1_66' title="bbox 1006 2394 1715 2436; baseline 0.004 -11"><span class='ocrx_word' id='word_1_405' title='bbox 1006 2396 1131 2436; x_wconf 81' lang='lat' dir='ltr'>plicem</span> <span class='ocrx_word' id='word_1_406' title='bbox 1152 2394 1269 2426; x_wconf 85' lang='lat' dir='ltr'>tulisse</span> <span class='ocrx_word' id='word_1_407' title='bbox 1295 2395 1466 2436; x_wconf 81' lang='lat' dir='ltr'>repulsam</span> <span class='ocrx_word' id='word_1_408' title='bbox 1492 2395 1606 2427; x_wconf 83' lang='lat' dir='ltr'>statuit</span> <span class='ocrx_word' id='word_1_409' title='bbox 1633 2396 1715 2428; x_wconf 84' lang='lat' dir='ltr'>Gat-</span> 
     </span>
     <span class='ocr_line' id='line_1_67' title="bbox 1008 2439 1714 2481; baseline 0.004 -11"><span class='ocrx_word' id='word_1_410' title='bbox 1008 2441 1097 2475; x_wconf 82' lang='lat' dir='ltr'>bam,</span> <span class='ocrx_word' id='word_1_411' title='bbox 1116 2439 1271 2480; x_wconf 81' lang='lat' dir='ltr'>primam,</span> <span class='ocrx_word' id='word_1_412' title='bbox 1287 2440 1327 2470; x_wconf 81' lang='lat' dir='ltr'>de</span> <span class='ocrx_word' id='word_1_413' title='bbox 1343 2449 1409 2479; x_wconf 82' lang='lat' dir='ltr'>qua</span> <span class='ocrx_word' id='word_1_414' title='bbox 1428 2439 1496 2474; x_wconf 76' lang='lat' dir='ltr'>hic,</span> <span class='ocrx_word' id='word_1_415' title='bbox 1517 2451 1622 2481; x_wconf 88' lang='lat' dir='ltr'>quum</span> <span class='ocrx_word' id='word_1_416' title='bbox 1639 2441 1714 2473; x_wconf 88' lang='lat' dir='ltr'>Cae-</span> 
     </span>
     <span class='ocr_line' id='line_1_68' title="bbox 1006 2483 1716 2523; baseline 0.001 -8"><span class='ocrx_word' id='word_1_417' title='bbox 1006 2495 1057 2515; x_wconf 84' lang='lat' dir='ltr'>sar</span> <span class='ocrx_word' id='word_1_418' title='bbox 1085 2483 1198 2515; x_wconf 88' lang='lat' dir='ltr'>adhuc</span> <span class='ocrx_word' id='word_1_419' title='bbox 1230 2490 1317 2513; x_wconf 79' lang='lat' dir='ltr'>esset</span> <span class='ocrx_word' id='word_1_420' title='bbox 1349 2483 1380 2513; x_wconf 92' lang='lat' dir='ltr'>in</span> <span class='ocrx_word' id='word_1_421' title='bbox 1411 2483 1536 2521; x_wconf 86' lang='lat' dir='ltr'>Gallia,</span> <span class='ocrx_word' id='word_1_422' title='bbox 1560 2485 1716 2523; x_wconf 77' lang='lat' dir='ltr'>atteram,</span> 
     </span>
     <span class='ocr_line' id='line_1_69' title="bbox 1005 2526 1715 2570; baseline 0.001 -11"><span class='ocrx_word' id='word_1_423' title='bbox 1005 2529 1104 2569; x_wconf 89' lang='lat' dir='ltr'>cujus</span> <span class='ocrx_word' id='word_1_424' title='bbox 1119 2526 1272 2558; x_wconf 88' lang='lat' dir='ltr'>meminit</span> <span class='ocrx_word' id='word_1_425' title='bbox 1289 2528 1481 2567; x_wconf 77' lang='lat' dir='ltr'>Suetonius,</span> <span class='ocrx_word' id='word_1_426' title='bbox 1501 2528 1634 2561; x_wconf 61' lang='lat' dir='ltr'>Caesare</span> <span class='ocrx_word' id='word_1_427' title='bbox 1645 2529 1715 2570; x_wconf 79' lang='lat' dir='ltr'>jam</span> 
     </span>
     <span class='ocr_line' id='line_1_70' title="bbox 1003 2572 1180 2604; baseline -0.006 -2"><span class='ocrx_word' id='word_1_428' title='bbox 1003 2572 1180 2604; x_wconf 76' lang='lat' dir='ltr'>dictatore.</span> 
     </span>
    </p>

    <p class='ocr_par' dir='ltr' id='par_1_12' title="bbox 1003 2617 1717 2745">
     <span class='ocr_line' id='line_1_71' title="bbox 1054 2617 1714 2660; baseline 0 -13"><span class='ocrx_word' id='word_1_429' title='bbox 1054 2617 1125 2647; x_wconf 75' lang='lat' dir='ltr'>Sibi</span> <span class='ocrx_word' id='word_1_430' title='bbox 1154 2619 1359 2656; x_wconf 67' lang='lat' dir='ltr'>conjunctus.</span> <span class='ocrx_word' id='word_1_431' title='bbox 1422 2618 1494 2649; x_wconf 78' lang='lat' dir='ltr'>Sibi</span> <span class='ocrx_word' id='word_1_432' title='bbox 1530 2626 1714 2660; x_wconf 89' lang='lat' dir='ltr'>pronomen</span> 
     </span>
     <span class='ocr_line' id='line_1_72' title="bbox 1003 2660 1717 2704; baseline 0.003 -13"><span class='ocrx_word' id='word_1_433' title='bbox 1003 2660 1230 2701; x_wconf 77' lang='lat' dir='ltr'>reciprocum,</span> <span class='ocrx_word' id='word_1_434' title='bbox 1255 2661 1345 2700; x_wconf 79' lang='lat' dir='ltr'>quod</span> <span class='ocrx_word' id='word_1_435' title='bbox 1376 2662 1462 2692; x_wconf 81' lang='lat' dir='ltr'>male</span> <span class='ocrx_word' id='word_1_436' title='bbox 1494 2661 1547 2693; x_wconf 82' lang='lat' dir='ltr'>liic</span> <span class='ocrx_word' id='word_1_437' title='bbox 1574 2672 1634 2704; x_wconf 86' lang='lat' dir='ltr'>pro</span> <span class='ocrx_word' id='word_1_438' title='bbox 1657 2662 1717 2692; x_wconf 80' lang='lat' dir='ltr'>de-</span> 
     </span>
     <span class='ocr_line' id='line_1_73' title="bbox 1004 2703 1672 2745; baseline 0.001 -10"><span class='ocrx_word' id='word_1_439' title='bbox 1004 2703 1224 2736; x_wconf 81' lang='lat' dir='ltr'>monstrativo</span> <span class='ocrx_word' id='word_1_440' title='bbox 1241 2704 1321 2745; x_wconf 84' lang='lat' dir='ltr'>poni</span> <span class='ocrx_word' id='word_1_441' title='bbox 1336 2711 1487 2737; x_wconf 88' lang='lat' dir='ltr'>autumat</span> <span class='ocrx_word' id='word_1_442' title='bbox 1503 2706 1672 2738; x_wconf 86' lang='lat' dir='ltr'>Davisius.</span> 
     </span>
    </p>

    <p class='ocr_par' dir='ltr' id='par_1_13' title="bbox 1007 2749 1715 2925">
     <span class='ocr_line' id='line_1_74' title="bbox 1055 2749 1715 2781; baseline -0.002 0"><span class='ocrx_word' id='word_1_443' title='bbox 1055 2751 1140 2781; x_wconf 76' lang='lat' dir='ltr'>Cum</span> <span class='ocrx_word' id='word_1_444' title='bbox 1155 2749 1262 2779; x_wconf 68' lang='lat' dir='ltr'>liberis</span> <span class='ocrx_word' id='word_1_445' title='bbox 1277 2755 1342 2780; x_wconf 86' lang='lat' dir='ltr'>etc.</span> <span class='ocrx_word' id='word_1_446' title='bbox 1367 2749 1499 2781; x_wconf 87' lang='lat' dir='ltr'>Similia</span> <span class='ocrx_word' id='word_1_447' title='bbox 1514 2750 1555 2781; x_wconf 85' lang='lat' dir='ltr'>de</span> <span class='ocrx_word' id='word_1_448' title='bbox 1568 2749 1715 2781; x_wconf 86' lang='lat' dir='ltr'>Curione</span> 
     </span>
     <span class='ocr_line' id='line_1_75' title="bbox 1007 2792 1715 2835; baseline 0.001 -12"><span class='ocrx_word' id='word_1_449' title='bbox 1007 2793 1166 2824; x_wconf 82' lang='lat' dir='ltr'>Plutarch</span> <span class='ocrx_word' id='word_1_450' title='bbox 1198 2792 1231 2823; x_wconf 91' lang='lat' dir='ltr'>in</span> <span class='ocrx_word' id='word_1_451' title='bbox 1255 2793 1420 2834; x_wconf 84' lang='lat' dir='ltr'>Pompeio</span> <span class='ocrx_word' id='word_1_452' title='bbox 1445 2804 1522 2835; x_wconf 82' lang='lat' dir='ltr'>cap.</span> <span class='ocrx_word' id='word_1_453' title='bbox 1545 2797 1598 2826; x_wconf 82' lang='lat'><strong>58.</strong></span> <span class='ocrx_word' id='word_1_454' title='bbox 1621 2800 1656 2825; x_wconf 78' lang='lat' dir='ltr'>et</span> <span class='ocrx_word' id='word_1_455' title='bbox 1682 2794 1715 2825; x_wconf 91' lang='lat' dir='ltr'>in</span> 
     </span>
     <span class='ocr_line' id='line_1_76' title="bbox 1011 2837 1715 2880; baseline 0.011 -13"><span class='ocrx_word' id='word_1_456' title='bbox 1011 2838 1142 2868; x_wconf 49' lang='lat' dir='ltr'>[Besaro</span> <span class='ocrx_word' id='word_1_457' title='bbox 1158 2847 1235 2878; x_wconf 79' lang='lat' dir='ltr'>cap.</span> <span class='ocrx_word' id='word_1_458' title='bbox 1253 2839 1305 2870; x_wconf 85' lang='lat'><strong>30.</strong></span> <span class='ocrx_word' id='word_1_459' title='bbox 1324 2843 1359 2870; x_wconf 79' lang='lat' dir='ltr'>ct</span> <span class='ocrx_word' id='word_1_460' title='bbox 1379 2837 1557 2880; x_wconf 77' lang='lat' dir='ltr'>Appianus</span> <span class='ocrx_word' id='word_1_461' title='bbox 1591 2837 1665 2872; x_wconf 62' lang='grc' dir='ltr'><strong>(Σίγ-</strong></span> <span class='ocrx_word' id='word_1_462' title='bbox 1683 2841 1715 2875; x_wconf 71' lang='grc'>9.-</span> 
     </span>
     <span class='ocr_line' id='line_1_77' title="bbox 1013 2883 1213 2925; baseline 0.005 -13"><span class='ocrx_word' id='word_1_463' title='bbox 1013 2883 1068 2912; x_wconf 72' lang='lat'><strong>97.</strong></span> <span class='ocrx_word' id='word_1_464' title='bbox 1085 2892 1120 2925; x_wconf 75' lang='lat' dir='ltr'>p.</span> <span class='ocrx_word' id='word_1_465' title='bbox 1138 2883 1213 2922; x_wconf 68' lang='lat'><strong>446.</strong></span> 
     </span>
    </p>
   </div>
  </div>
 </body>
</html>
