1946 3261
190 220 280 263 444
425 221 482 261 A.
516 216 717 261 HIRTII
751 217 835 259 DE
869 208 1070 260 BELLO
1103 217 1431 264 ALEXAND.

189 361 304 389 nasse
340 345 586 400 inpotenter
622 343 900 402 Ganymeden
925 342 1162 393 docuimus,
1193 345 1402 387 deducere
1429 361 1481 388 ex
1502 345 1657 404 Regno

189 402 365 450 statuit;
408 416 460 443 ne
491 417 578 458 qua
607 416 752 444 rursus
780 417 891 444 nova
909 402 1124 451 dissensio,
1148 403 1399 460 priusquam
1419 403 1658 449 diurnitate

190 459 548 503 confirmarentur
571 459 740 517 Regum
762 459 953 517 imperia,
977 477 1053 518 per
1075 460 1262 503 homines
1283 461 1501 505 seditiosos
1519 477 1658 506 nasce-

190 526 326 560 retur.
410 517 598 575 Legione
634 527 836 560 veterana
873 527 992 560 sexta
1027 535 1166 561 secum
1198 519 1391 569 reducta,
1414 528 1578 562 ceteras
1597 521 1658 564 ibi

190 576 385 634 reliquit,
423 592 512 634 quo
551 575 714 618 firmius
753 585 862 618 esset
901 593 1049 619 eorum
1088 577 1258 635 Regum
1298 578 1540 635 imperium,
1581 579 1674 636 qui

190 649 331 692 neque
360 650 547 677 amorem
576 651 751 677 suorum
780 635 938 678 habere
966 643 1183 693 poterant,
1217 636 1334 693 quod
1355 636 1541 679 fideliter
1560 652 1658 695 per-

189 701 432 736 manserant
450 692 492 735 in
511 693 689 735 Caesaris
703 693 888 735 amicitia
905 709 914 742 ;
944 709 1082 750 neque
1099 695 1324 737 vetustatis
1340 696 1658 745 auctoritatem,

191 751 339 810 paucis
357 751 507 794 diebus
529 751 670 808 Reges
690 752 936 795 constituti:
970 753 1096 795 simul
1113 753 1166 795 ad
1183 753 1349 810 imperii
1370 754 1504 796 nostri
1522 753 1659 811 digni-

191 818 324 852 tatem
345 809 641 866 vilitatemque
658 810 875 867 publicam
896 810 1111 868 pertinere
1131 812 1417 861 existimabat,
1439 812 1472 854 si
1492 828 1660 869 perma-

191 876 343 911 nerent
363 868 405 910 in
426 867 510 910 fide
530 868 686 925 RegeS,
710 869 915 925 praesidiis
935 885 1005 911 eos
1029 869 1184 911 nostris
1203 886 1288 911 esse
1311 878 1428 913 tutos
1447 885 1456 916 ;
1496 879 1539 912 et
1567 870 1660 920 hos,

192 927 226 970 si
262 935 397 968 essent
430 926 604 983 ingrati,
636 942 754 984 posse
777 927 923 969 iisdem
947 927 1153 984 praesidiis
1175 928 1373 970 coerceri.
1437 928 1510 970 Sic
1530 928 1661 971 rebus

193 985 390 1028 omnibus
407 985 608 1026 confectis
624 993 668 1027 et
688 985 934 1035 conlocatis,
954 986 1044 1043 ipse
1066 986 1217 1028 itinere
1233 987 1426 1028 terrestri
1442 986 1662 1044 profectus

193 1052 258 1086 est
279 1043 323 1085 in
347 1043 529 1099 Syriam.

253 1102 324 1143 34.
359 1101 474 1143 Dum
496 1100 582 1143 haec
597 1101 639 1142 in
663 1101 860 1160 AEgypto
886 1112 1114 1159 geruntur,
1138 1119 1213 1144 rex
1240 1102 1471 1145 Deiotarus
1493 1103 1547 1145 ad
1570 1103 1659 1146 Do-

195 1159 362 1202 mitium
394 1159 634 1207 Calvinum,
665 1161 732 1202 cui
757 1161 901 1202 Caesar
927 1161 1073 1203 Asiam
1094 1161 1392 1217 finitumasque
1423 1161 1661 1218 provincias

195 1216 549 1261 administrandas
585 1218 887 1267 transdiderat,
928 1219 1044 1261 venit
1084 1228 1268 1267 oratum,
1320 1235 1371 1260 ne
1415 1219 1661 1263 Armeniam

195 1276 418 1324 minorem,
472 1275 672 1331 Regnum
722 1292 862 1322 suum,
908 1293 1014 1319 neve
1069 1277 1407 1334 Cappadociam,
1435 1276 1437 1278 ’
1459 1276 1660 1334 Regnum

197 1333 517 1381 Ariobarzanis,
537 1335 738 1391 possideri
757 1335 1001 1391 vastarique
1020 1344 1245 1392 pateretur
1261 1351 1285 1376 a
1305 1334 1547 1377 Pharnace:
1572 1351 1661 1393 quo

197 1392 308 1434 malo
326 1392 402 1434 nisi
424 1391 726 1441 liberarentur,
751 1392 958 1449 imperata
980 1410 1020 1434 se
1052 1394 1192 1435 facere
1222 1392 1529 1450 pecuniamque
1561 1409 1660 1451 pro—

195 1451 360 1493 missam
385 1450 541 1493 Caesari
564 1466 648 1492 non
671 1467 791 1507 posse
813 1451 1073 1509 persolvere.
1134 1451 1366 1499 Domitius,
1388 1466 1472 1493 non
1492 1460 1661 1495 tantum

196 1509 251 1552 ad
287 1508 557 1566 explicandos
588 1518 752 1551 sumtus
787 1509 847 1551 rei
885 1510 1081 1551 militaris
1117 1525 1249 1566 quum
1282 1509 1503 1567 pecuniam
1524 1525 1662 1553 neces-

194 1568 348 1610 sariam
384 1583 470 1609 esse
507 1566 739 1621 judicaret,
777 1568 850 1610 sed
879 1568 1004 1609 etiam
1038 1576 1166 1624 turpe
1202 1567 1372 1624 Populo
1404 1566 1597 1610 Romano
1617 1577 1662 1612 et

199 1626 356 1669 Caesari
369 1625 540 1673 victori,
560 1626 726 1681 sibique
739 1625 909 1675 infame,
930 1643 1017 1668 esse
1033 1634 1260 1675 statueret,
1279 1625 1431 1682 Regna
1451 1627 1662 1670 sociorum

194 1693 325 1742 atque
361 1682 595 1725 amicorum
618 1684 674 1725 ab
695 1692 871 1726 externo
895 1684 1015 1739 Rege
1047 1684 1272 1742 occupari3
1307 1684 1479 1726 nuncios
1502 1685 1662 1727 confes-

196 1743 274 1784 tim
295 1741 349 1784 ad
376 1741 623 1783 Pharnacen
650 1741 778 1791 misit,
803 1743 1007 1784 Armenia
1027 1742 1390 1799 Cappadociaque
1417 1742 1662 1793 decederet,

170 1840 179 1847 ι
196 1817 318 1849 neve,
342 1799 622 1857 occupatione
643 1799 747 1841 belli
769 1799 920 1848 civilis,
960 1800 1117 1857 Populi
1156 1799 1338 1841 Romani
1369 1800 1436 1856 jus
1471 1801 1663 1858 majesta-

196 1868 371 1915 temque
400 1866 600 1900 tentaret.
668 1857 790 1899 Hanc
813 1858 1180 1901 denunciationem
1198 1874 1330 1913 quum
1353 1858 1555 1915 majorem
1575 1859 1663 1902 vim

194 1917 441 1960 habituram
465 1916 742 1966 existimaret,
775 1916 808 1958 si
839 1916 1017 1974 propius
1037 1933 1104 1958 eas
1127 1916 1318 1974 regiones
1340 1932 1436 1958 cum
1468 1917 1661 1960 exercitu

241 2060 410 2090 Deduc-ere
424 2064 470 2090 eoe‘
484 2059 598 2097 quno
613 2060 739 2090 statuit.
784 2058 895 2089 Finito

195 2102 299 2139 bello,
321 2102 433 2134 Caesar
462 2101 637 2135 Arsinoen.
659 2112 722 2133 non
750 2100 823 2132 sine
847 2101 896 2133 in—

194 2145 298 2181 vidia,
326 2146 358 2176 in
381 2145 556 2186 triumpho
583 2146 692 2177 duxit.
715 2144 781 2175 Dio
800 2145 893 2176 Cass.

195 2191 249 2227 43,
270 2191 316 2219 19.
344 2190 395 2220 M.

243 2233 340 2272 Reqis
368 2235 520 2273 imperia.
559 2233 641 2273 Leg.
665 2242 741 2263 cum
766 2232 896 2275 Lipsio,

200 2278 305 2317 Regyia
319 2278 469 2318 imperia,
487 2276 509 2306 i.
525 2287 554 2306 e.
572 2276 758 2316 Cleopatrae
776 2283 807 2307 et
833 2278 896 2308 fra-

195 2320 275 2352 tris:
305 2321 358 2351 vel
383 2330 459 2351 curn
490 2319 644 2352 DavisiO.
679 2321 807 2359 qumn
834 2323 896 2351 im-

192 2366 298 2405 perta,
324 2365 444 2396 eodem
469 2373 578 2394 sensu.
601 2362 667 2393 vid.
690 2365 731 2394 ad
756 2364 793 2394 B.
810 2364 849 2395 C.
867 2368 897 2401 3,

201 2410 271 2440 107.
298 2409 349 2438 M.
387 2407 493 2438 Palat.
510 2406 615 2437 codex
634 2406 735 2437 habet
756 2408 896 2447 Renum.

196 2451 340 2493 recipio.
386 2451 473 2482 Oud.
489 2449 708 2491 conjectabat.
719 2452 821 2491 Reyes
834 2454 898 2482 im-

215 2507 291 2528 ervo.

187 2507 214 2538 p
242 2541 404 2571 Reducm.
445 2538 570 2570 Melior
583 2537 727 2578 vulgata,
743 2538 894 2570 deducta.

195 2584 246 2614 M.
283 2584 347 2615 Sed
363 2594 440 2615 mox
456 2581 637 2624 praecessit.

244 2628 367 2659 Paucis
380 2628 505 2659 diebus.
528 2626 638 2657 forsan
647 2627 762 2666 paucis
772 2630 848 2656 ante
862 2626 895 2656 d.

197 2671 297 2703 vela.
313 2683 346 2712 p.
364 2672 395 2702 ιΙ.
412 2676 448 2701 ut
462 2669 601 2710 conjicit
619 2668 780 2700 Jurinius.

248 2716 419 2747 Tem-extri.
435 2725 466 2745 c.
483 2717 537 2744 26.
552 2713 705 2755 pedestri.

245 2761 433 2790 Defoiarus.
487 2758 541 2789 Cf.
579 2767 610 2788 c.
645 2757 696 2786 67.
725 2755 896 2787 Ciceronis

200 2802 398 2840 orationem,
428 2812 486 2843 pro
516 2811 557 2832 eo
588 2799 753 2837 habitam,
778 2805 897 2830 norunt

199 2856 326 2877 omnes.
352 2847 399 2877 M.

244 2891 451 2927 Pharnaces,
463 2887 676 2922 Mithridatis
698 2886 800 2927 filius,
826 2894 897 2921 tan-

962 2059 1134 2088 tummodo
1153 2063 1282 2098 partein
1302 2057 1410 2098 Regni
1430 2057 1570 2098 paterni,
1580 2058 1663 2090 Bos-

965 2112 1083 2142 porum
1101 2101 1334 2138 Cimmerium,
1347 2112 1364 2131 a
1383 2100 1549 2141 Pompeio
1565 2111 1662 2134 acce-

964 2152 1100 2185 perata.
1118 2156 1147 2176 v.
1167 2147 1240 2176 691.
1259 2145 1324 2176 Dio
1338 2145 1433 2177 Cass.
1451 2146 1502 2182 37,
1524 2147 1572 2177 14.
1599 2145 1659 2177 His

965 2189 1140 2229 Appianus
1169 2189 1208 2219 Β.
1237 2189 1355 2220 Mithr.
1389 2199 1423 2229 p.
1455 2190 1512 2219 951
1556 2189 1661 2228 addit,

962 2232 1072 2263 diviso
1089 2231 1297 2263 Mithridatis
1314 2232 1446 2273 Regno,
1463 2232 1582 2263 eodem
1601 2233 1661 2264 illo

962 2281 1111 2316 tempore
1151 2275 1370 2306 Ariobarzani
1405 2276 1661 2316 Cappadociam

960 2320 1164 2351 adtributam
1178 2330 1261 2350 esse.
1303 2319 1448 2350 Volebat
1462 2330 1540 2360 ergo
1559 2319 1663 2351 Phar-

963 2373 1062 2394 naces
1104 2373 1299 2404 recuperare
1344 2373 1444 2394 omne
1486 2369 1660 2404 paternum

964 2407 1115 2447 Regnum
1153 2407 1244 2447 (cap.
1283 2407 1351 2445 35),
1389 2414 1433 2444 et,
1461 2406 1595 2438 Caesare
1621 2417 1660 2439 ac

964 2450 1130 2491 Pompeio
1146 2450 1318 2491 occupatis
1335 2449 1425 2481 bello
1437 2450 1545 2489 civili,
1558 2449 1662 2482 Deio-

962 2498 1070 2525 tarum
1082 2500 1113 2525 et
1130 2493 1386 2525 Ariobarzanem
1395 2494 1570 2535 adgressus
1578 2499 1662 2526 ent.

963 2537 1028 2568 Dio
1044 2537 1136 2569 Cass.
1154 2541 1207 2575 42²,
1225 2542 1277 2569 45.
1302 2539 1351 2568 M.

1009 2582 1182 2624 Imperata
1193 2582 1357 2622 sefacere.
1374 2580 1422 2613 sic
1438 2582 1535 2613 codd.
1550 2580 1659 2622 Vulgo

957 2626 1029 2656 sibi.

1010 2670 1080 2701 Non
1102 2680 1203 2711 posse.
1248 2668 1390 2700 Additur
1405 2679 1437 2700 se
1451 2669 1534 2701 citra
1548 2678 1660 2700 neces-

961 2712 1105 2744 sitateni.

1009 2758 1162 2798 Occupat.
1191 2758 1264 2789 belli.
1291 2760 1351 2789 cir.
1386 2757 1466 2798 quia
1506 2756 1661 2797 populus,

961 2808 1149 2841 occupatus
1185 2801 1249 2832 hoc
1277 2801 1379 2834 beno.
1411 2799 1603 2841 provincias
1625 2806 1659 2830 et

961 2850 1096 2875 externa
1118 2845 1294 2879 defendere
1316 2855 1355 2878 ac
1373 2853 1487 2878 curare
1502 2852 1568 2876 non
1585 2853 1662 2886 pos-

961 2893 1020 2920 set.
1040 2889 1087 2922 M.
