<?xml version="1.0" encoding="UTF-8"?>
<!DOCTYPE html PUBLIC "-//W3C//DTD XHTML 1.0 Transitional//EN"
    "http://www.w3.org/TR/xhtml1/DTD/xhtml1-transitional.dtd">
<html xmlns="http://www.w3.org/1999/xhtml" xml:lang="en" lang="en">
 <head>
  <title>
</title>
<meta http-equiv="Content-Type" content="text/html;charset=utf-8" />
  <meta name='ocr-system' content='tesseract 3.04.00' />
  <meta name='ocr-capabilities' content='ocr_page ocr_carea ocr_par ocr_line ocrx_word'/>
</head>
<body>
  <div class='ocr_page' id='page_1' title='image "./commentariidebel00caesuoft_0245.png"; bbox 0 0 1946 3261; ppageno 0'>
   <div class='ocr_carea' id='block_1_1' title="bbox 565 175 1635 232">
    <p class='ocr_par' dir='ltr' id='par_1_1' title="bbox 565 175 1635 232">
     <span class='ocr_line' id='line_1_1' title="bbox 565 175 1635 232; baseline -0.006 -8"><span class='ocrx_word' id='word_1_1' title='bbox 565 179 684 226; x_wconf 91' lang='lat' dir='ltr'>LIB.</span> <span class='ocrx_word' id='word_1_2' title='bbox 716 178 822 225; x_wconf 90' lang='lat' dir='ltr'>VII.</span> <span class='ocrx_word' id='word_1_3' title='bbox 886 178 1035 232; x_wconf 76' lang='lat' dir='ltr'>CAP.¹</span> <span class='ocrx_word' id='word_1_4' title='bbox 1061 176 1246 222; x_wconf 79' lang='lat'>67-70.</span> <span class='ocrx_word' id='word_1_5' title='bbox 1547 175 1635 219; x_wconf 76' lang='lat'>205</span> 
     </span>
    </p>
   </div>
   <div class='ocr_carea' id='block_1_2' title="bbox 147 301 1656 1785">
    <p class='ocr_par' dir='ltr' id='par_1_2' title="bbox 147 301 1640 771">
     <span class='ocr_line' id='line_1_2' title="bbox 147 301 1634 367; baseline -0.003 -17"><span class='ocrx_word' id='word_1_6' title='bbox 147 307 441 367; x_wconf 88' lang='lat' dir='ltr'>inpedimenta</span> <span class='ocrx_word' id='word_1_7' title='bbox 475 324 529 352; x_wconf 84' lang='lat' dir='ltr'>ex</span> <span class='ocrx_word' id='word_1_8' title='bbox 549 308 699 352; x_wconf 88' lang='lat' dir='ltr'>castris</span> <span class='ocrx_word' id='word_1_9' title='bbox 731 307 857 351; x_wconf 86' lang='lat' dir='ltr'>educi</span> <span class='ocrx_word' id='word_1_10' title='bbox 893 314 937 349; x_wconf 87' lang='lat' dir='ltr'>et</span> <span class='ocrx_word' id='word_1_11' title='bbox 966 322 1009 348; x_wconf 92' lang='lat' dir='ltr'>se</span> <span class='ocrx_word' id='word_1_12' title='bbox 1034 304 1240 365; x_wconf 84' lang='lat' dir='ltr'>subsequi</span> <span class='ocrx_word' id='word_1_13' title='bbox 1269 301 1409 363; x_wconf 82' lang='lat' dir='ltr'>jussit.</span> <span class='ocrx_word' id='word_1_14' title='bbox 1469 302 1634 352; x_wconf 85' lang='lat' dir='ltr'>Caesar,</span> 
     </span>
     <span class='ocr_line' id='line_1_3' title="bbox 148 362 1637 428; baseline -0.003 -19"><span class='ocrx_word' id='word_1_15' title='bbox 148 367 450 427; x_wconf 84' lang='lat' dir='ltr'>inpedimentis</span> <span class='ocrx_word' id='word_1_16' title='bbox 469 368 514 411; x_wconf 90' lang='lat' dir='ltr'>iu</span> <span class='ocrx_word' id='word_1_17' title='bbox 535 368 781 428; x_wconf 84' lang='lat' dir='ltr'>proximum</span> <span class='ocrx_word' id='word_1_18' title='bbox 802 366 957 410; x_wconf 90' lang='lat' dir='ltr'>collem</span> <span class='ocrx_word' id='word_1_19' title='bbox 978 364 1194 415; x_wconf 88' lang='lat' dir='ltr'>deductis,</span> <span class='ocrx_word' id='word_1_20' title='bbox 1224 364 1483 421; x_wconf 87' lang='lat' dir='ltr'>duabusque</span> <span class='ocrx_word' id='word_1_21' title='bbox 1503 362 1637 421; x_wconf 87' lang='lat' dir='ltr'>legio-</span> 
     </span>
     <span class='ocr_line' id='line_1_4' title="bbox 149 423 1638 486; baseline -0.003 -17"><span class='ocrx_word' id='word_1_22' title='bbox 149 427 278 470; x_wconf 88' lang='lat' dir='ltr'>nibus</span> <span class='ocrx_word' id='word_1_23' title='bbox 317 428 519 486; x_wconf 87' lang='lat' dir='ltr'>praesidio</span> <span class='ocrx_word' id='word_1_24' title='bbox 554 427 732 476; x_wconf 90' lang='lat' dir='ltr'>relictis,</span> <span class='ocrx_word' id='word_1_25' title='bbox 774 434 962 473; x_wconf 84' lang='lat' dir='ltr'>secutus,</span> <span class='ocrx_word' id='word_1_26' title='bbox 996 432 1210 482; x_wconf 89' lang='lat' dir='ltr'>quantum</span> <span class='ocrx_word' id='word_1_27' title='bbox 1243 423 1331 466; x_wconf 92' lang='lat' dir='ltr'>diei</span> <span class='ocrx_word' id='word_1_28' title='bbox 1370 431 1542 481; x_wconf 89' lang='lat' dir='ltr'>tempus</span> <span class='ocrx_word' id='word_1_29' title='bbox 1573 429 1638 464; x_wconf 91' lang='lat' dir='ltr'>est</span> 
     </span>
     <span class='ocr_line' id='line_1_5' title="bbox 150 479 1638 543; baseline -0.005 -14"><span class='ocrx_word' id='word_1_30' title='bbox 150 501 339 543; x_wconf 87' lang='lat' dir='ltr'>passum,</span> <span class='ocrx_word' id='word_1_31' title='bbox 371 486 544 529; x_wconf 84' lang='lat' dir='ltr'>circiter</span> <span class='ocrx_word' id='word_1_32' title='bbox 572 486 714 529; x_wconf 89' lang='lat' dir='ltr'>tribus</span> <span class='ocrx_word' id='word_1_33' title='bbox 734 485 909 528; x_wconf 91' lang='lat' dir='ltr'>milibus</span> <span class='ocrx_word' id='word_1_34' title='bbox 929 482 1116 526; x_wconf 86' lang='lat' dir='ltr'>hostium</span> <span class='ocrx_word' id='word_1_35' title='bbox 1145 499 1198 524; x_wconf 85' lang='lat' dir='ltr'>ex</span> <span class='ocrx_word' id='word_1_36' title='bbox 1219 481 1448 524; x_wconf 88' lang='lat' dir='ltr'>novissimo</span> <span class='ocrx_word' id='word_1_37' title='bbox 1467 479 1638 539; x_wconf 78' lang='lat' dir='ltr'>agmine</span> 
     </span>
     <span class='ocr_line' id='line_1_6' title="bbox 149 540 1639 598; baseline -0.003 -12"><span class='ocrx_word' id='word_1_38' title='bbox 149 545 405 595; x_wconf 85' lang='lat' dir='ltr'>interfectis,</span> <span class='ocrx_word' id='word_1_39' title='bbox 446 545 587 587; x_wconf 87' lang='lat' dir='ltr'>altero</span> <span class='ocrx_word' id='word_1_40' title='bbox 623 545 693 587; x_wconf 92' lang='lat' dir='ltr'>die</span> <span class='ocrx_word' id='word_1_41' title='bbox 732 544 788 587; x_wconf 91' lang='lat' dir='ltr'>ad</span> <span class='ocrx_word' id='word_1_42' title='bbox 819 542 1012 586; x_wconf 88' lang='lat' dir='ltr'>Alesiam</span> <span class='ocrx_word' id='word_1_43' title='bbox 1051 549 1191 583; x_wconf 85' lang='lat' dir='ltr'>castra</span> <span class='ocrx_word' id='word_1_44' title='bbox 1223 540 1337 583; x_wconf 79' lang='lat' dir='ltr'>fecit.</span> <span class='ocrx_word' id='word_1_45' title='bbox 1401 540 1639 598; x_wconf 85' lang='lat' dir='ltr'>Perspecto</span> 
     </span>
     <span class='ocr_line' id='line_1_7' title="bbox 149 598 1639 662; baseline -0.003 -17"><span class='ocrx_word' id='word_1_46' title='bbox 149 604 270 647; x_wconf 89' lang='lat' dir='ltr'>urbis</span> <span class='ocrx_word' id='word_1_47' title='bbox 286 604 390 653; x_wconf 89' lang='lat' dir='ltr'>situ,</span> <span class='ocrx_word' id='word_1_48' title='bbox 408 604 740 662; x_wconf 84' lang='lat' dir='ltr'>perterritisque</span> <span class='ocrx_word' id='word_1_49' title='bbox 756 602 969 651; x_wconf 88' lang='lat' dir='ltr'>hostibus,</span> <span class='ocrx_word' id='word_1_50' title='bbox 983 599 1102 659; x_wconf 92' lang='lat' dir='ltr'>quod</span> <span class='ocrx_word' id='word_1_51' title='bbox 1118 599 1336 658; x_wconf 88' lang='lat' dir='ltr'>equitatu,</span> <span class='ocrx_word' id='word_1_52' title='bbox 1353 614 1442 656; x_wconf 88' lang='lat' dir='ltr'>qua</span> <span class='ocrx_word' id='word_1_53' title='bbox 1455 598 1639 641; x_wconf 85' lang='lat' dir='ltr'>maxime</span> 
     </span>
     <span class='ocr_line' id='line_1_8' title="bbox 149 657 1640 721; baseline -0.003 -17"><span class='ocrx_word' id='word_1_54' title='bbox 149 671 274 721; x_wconf 88' lang='lat' dir='ltr'>parte</span> <span class='ocrx_word' id='word_1_55' title='bbox 286 664 500 705; x_wconf 81' lang='lat' dir='ltr'>exercitus</span> <span class='ocrx_word' id='word_1_56' title='bbox 517 661 808 712; x_wconf 89' lang='lat' dir='ltr'>confidebant,</span> <span class='ocrx_word' id='word_1_57' title='bbox 826 669 950 704; x_wconf 87' lang='lat' dir='ltr'>erant</span> <span class='ocrx_word' id='word_1_58' title='bbox 962 659 1092 719; x_wconf 89' lang='lat' dir='ltr'>pulsi,</span> <span class='ocrx_word' id='word_1_59' title='bbox 1105 658 1364 702; x_wconf 85' lang='lat' dir='ltr'>adhortatus</span> <span class='ocrx_word' id='word_1_60' title='bbox 1379 657 1434 699; x_wconf 85' lang='lat' dir='ltr'>ad</span> <span class='ocrx_word' id='word_1_61' title='bbox 1446 657 1640 701; x_wconf 83' lang='lat' dir='ltr'>laborem</span> 
     </span>
     <span class='ocr_line' id='line_1_9' title="bbox 151 718 1108 771; baseline -0.004 -8"><span class='ocrx_word' id='word_1_62' title='bbox 151 721 325 771; x_wconf 89' lang='lat' dir='ltr'>milites,</span> <span class='ocrx_word' id='word_1_63' title='bbox 349 721 539 765; x_wconf 87' lang='lat' dir='ltr'>Alesiam</span> <span class='ocrx_word' id='word_1_64' title='bbox 559 721 886 764; x_wconf 87' lang='lat' dir='ltr'>circumvallare</span> <span class='ocrx_word' id='word_1_65' title='bbox 906 718 1108 762; x_wconf 87' lang='lat' dir='ltr'>instituit.</span> 
     </span>
    </p>

    <p class='ocr_par' dir='ltr' id='par_1_3' title="bbox 153 771 1654 1666">
     <span class='ocr_line' id='line_1_10' title="bbox 211 771 1644 839; baseline -0.005 -17"><span class='ocrx_word' id='word_1_66' title='bbox 211 780 281 823; x_wconf 82' lang='lat'>69.</span> <span class='ocrx_word' id='word_1_67' title='bbox 314 787 344 807; x_wconf 76' lang='lat'>‘⁶</span> <span class='ocrx_word' id='word_1_68' title='bbox 365 778 516 839; x_wconf 89' lang='lat' dir='ltr'>Ipsum</span> <span class='ocrx_word' id='word_1_69' title='bbox 536 788 630 823; x_wconf 91' lang='lat' dir='ltr'>erat</span> <span class='ocrx_word' id='word_1_70' title='bbox 649 780 863 838; x_wconf 91' lang='lat' dir='ltr'>oppidum</span> <span class='ocrx_word' id='word_1_71' title='bbox 881 779 925 822; x_wconf 91' lang='lat' dir='ltr'>in</span> <span class='ocrx_word' id='word_1_72' title='bbox 942 777 1053 821; x_wconf 89' lang='lat' dir='ltr'>colle</span> <span class='ocrx_word' id='word_1_73' title='bbox 1072 791 1256 826; x_wconf 86' lang='lat' dir='ltr'>summo,</span> <span class='ocrx_word' id='word_1_74' title='bbox 1272 772 1509 818; x_wconf 90' lang='lat' dir='ltr'>admodum</span> <span class='ocrx_word' id='word_1_75' title='bbox 1527 771 1644 816; x_wconf 84' lang='lat' dir='ltr'>edito</span> 
     </span>
     <span class='ocr_line' id='line_1_11' title="bbox 153 831 1644 896; baseline -0.007 -13"><span class='ocrx_word' id='word_1_76' title='bbox 153 846 183 865; x_wconf 78' lang='lat'>‘⁶</span> <span class='ocrx_word' id='word_1_77' title='bbox 207 839 319 889; x_wconf 88' lang='lat' dir='ltr'>loco,</span> <span class='ocrx_word' id='word_1_78' title='bbox 352 848 417 889; x_wconf 88' lang='lat' dir='ltr'>ut,</span> <span class='ocrx_word' id='word_1_79' title='bbox 449 839 527 882; x_wconf 92' lang='lat' dir='ltr'>nisi</span> <span class='ocrx_word' id='word_1_80' title='bbox 568 839 808 889; x_wconf 87' lang='lat' dir='ltr'>obsidione,</span> <span class='ocrx_word' id='word_1_81' title='bbox 839 835 1081 896; x_wconf 82' lang='lat' dir='ltr'>expugnari</span> <span class='ocrx_word' id='word_1_82' title='bbox 1120 851 1244 894; x_wconf 90' lang='lat' dir='ltr'>posse</span> <span class='ocrx_word' id='word_1_83' title='bbox 1283 849 1369 876; x_wconf 88' lang='lat' dir='ltr'>non</span> <span class='ocrx_word' id='word_1_84' title='bbox 1405 831 1644 876; x_wconf 86' lang='lat' dir='ltr'>videretur.</span> 
     </span>
     <span class='ocr_line' id='line_1_12' title="bbox 154 890 1645 957; baseline -0.007 -15"><span class='ocrx_word' id='word_1_85' title='bbox 154 905 184 924; x_wconf 88' lang='lat'><strong>“</strong></span> <span class='ocrx_word' id='word_1_86' title='bbox 211 899 349 957; x_wconf 86' lang='lat' dir='ltr'>Cujus</span> <span class='ocrx_word' id='word_1_87' title='bbox 368 898 489 941; x_wconf 88' lang='lat' dir='ltr'>collis</span> <span class='ocrx_word' id='word_1_88' title='bbox 511 899 673 941; x_wconf 87' lang='lat' dir='ltr'>radices</span> <span class='ocrx_word' id='word_1_89' title='bbox 693 898 781 941; x_wconf 92' lang='lat' dir='ltr'>duo</span> <span class='ocrx_word' id='word_1_90' title='bbox 798 898 966 940; x_wconf 87' lang='lat' dir='ltr'>duabus</span> <span class='ocrx_word' id='word_1_91' title='bbox 986 910 1040 937; x_wconf 84' lang='lat' dir='ltr'>ex</span> <span class='ocrx_word' id='word_1_92' title='bbox 1056 895 1256 953; x_wconf 87' lang='lat' dir='ltr'>partibus</span> <span class='ocrx_word' id='word_1_93' title='bbox 1272 891 1452 936; x_wconf 89' lang='lat' dir='ltr'>flumina</span> <span class='ocrx_word' id='word_1_94' title='bbox 1472 890 1645 934; x_wconf 90' lang='lat' dir='ltr'>sublue-</span> 
     </span>
     <span class='ocr_line' id='line_1_13' title="bbox 154 950 1646 1016; baseline -0.007 -15"><span class='ocrx_word' id='word_1_95' title='bbox 154 965 183 984; x_wconf 88' lang='lat'><strong>“</strong></span> <span class='ocrx_word' id='word_1_96' title='bbox 207 958 328 1001; x_wconf 90' lang='lat' dir='ltr'>bant.</span> <span class='ocrx_word' id='word_1_97' title='bbox 391 959 508 1000; x_wconf 89' lang='lat' dir='ltr'>Ante</span> <span class='ocrx_word' id='word_1_98' title='bbox 536 957 580 1000; x_wconf 90' lang='lat' dir='ltr'>id</span> <span class='ocrx_word' id='word_1_99' title='bbox 615 957 826 1016; x_wconf 89' lang='lat' dir='ltr'>oppidum</span> <span class='ocrx_word' id='word_1_100' title='bbox 857 955 1058 1014; x_wconf 88' lang='lat' dir='ltr'>planities</span> <span class='ocrx_word' id='word_1_101' title='bbox 1089 953 1264 996; x_wconf 85' lang='lat' dir='ltr'>circiter</span> <span class='ocrx_word' id='word_1_102' title='bbox 1293 950 1413 994; x_wconf 84' lang='lat' dir='ltr'>milia</span> <span class='ocrx_word' id='word_1_103' title='bbox 1442 965 1646 1009; x_wconf 88' lang='lat' dir='ltr'>passuum</span> 
     </span>
     <span class='ocr_line' id='line_1_14' title="bbox 155 1009 1649 1075; baseline -0.006 -15"><span class='ocrx_word' id='word_1_104' title='bbox 155 1024 184 1044; x_wconf 89' lang='lat'><strong><em>“</em></strong></span> <span class='ocrx_word' id='word_1_105' title='bbox 209 1016 278 1059; x_wconf 87' lang='lat' dir='ltr'>III</span> <span class='ocrx_word' id='word_1_106' title='bbox 301 1018 344 1059; x_wconf 93' lang='lat' dir='ltr'>in</span> <span class='ocrx_word' id='word_1_107' title='bbox 366 1016 685 1075; x_wconf 79' lang='lat' dir='ltr'>longituflinem</span> <span class='ocrx_word' id='word_1_108' title='bbox 707 1015 909 1074; x_wconf 87' lang='lat' dir='ltr'>patebat:</span> <span class='ocrx_word' id='word_1_109' title='bbox 944 1012 1123 1072; x_wconf 90' lang='lat' dir='ltr'>reliquis</span> <span class='ocrx_word' id='word_1_110' title='bbox 1151 1028 1205 1055; x_wconf 82' lang='lat' dir='ltr'>ex</span> <span class='ocrx_word' id='word_1_111' title='bbox 1225 1011 1424 1054; x_wconf 86' lang='lat' dir='ltr'>omnibus</span> <span class='ocrx_word' id='word_1_112' title='bbox 1446 1009 1649 1067; x_wconf 87' lang='lat' dir='ltr'>partibus</span> 
     </span>
     <span class='ocr_line' id='line_1_15' title="bbox 157 1068 1646 1133; baseline -0.007 -13"><span class='ocrx_word' id='word_1_113' title='bbox 157 1084 186 1103; x_wconf 89' lang='lat'><strong>“</strong></span> <span class='ocrx_word' id='word_1_114' title='bbox 211 1077 358 1126; x_wconf 87' lang='lat' dir='ltr'>colles,</span> <span class='ocrx_word' id='word_1_115' title='bbox 390 1075 595 1119; x_wconf 90' lang='lat' dir='ltr'>mediocri</span> <span class='ocrx_word' id='word_1_116' title='bbox 626 1075 854 1133; x_wconf 86' lang='lat' dir='ltr'>interjecto</span> <span class='ocrx_word' id='word_1_117' title='bbox 884 1074 1039 1132; x_wconf 86' lang='lat' dir='ltr'>spatio,</span> <span class='ocrx_word' id='word_1_118' title='bbox 1072 1071 1167 1131; x_wconf 88' lang='lat' dir='ltr'>pari</span> <span class='ocrx_word' id='word_1_119' title='bbox 1192 1069 1435 1114; x_wconf 88' lang='lat' dir='ltr'>altitudinis</span> <span class='ocrx_word' id='word_1_120' title='bbox 1456 1068 1646 1127; x_wconf 85' lang='lat' dir='ltr'>fastigio,</span> 
     </span>
     <span class='ocr_line' id='line_1_16' title="bbox 158 1127 1649 1195; baseline -0.006 -17"><span class='ocrx_word' id='word_1_121' title='bbox 158 1143 188 1163; x_wconf 76' lang='lat'>‘⁶</span> <span class='ocrx_word' id='word_1_122' title='bbox 211 1136 425 1195; x_wconf 89' lang='lat' dir='ltr'>oppidum</span> <span class='ocrx_word' id='word_1_123' title='bbox 466 1134 741 1193; x_wconf 85' lang='lat' dir='ltr'>cingebant.”</span> <span class='ocrx_word' id='word_1_124' title='bbox 825 1134 921 1176; x_wconf 87' lang='lat' dir='ltr'>Sub</span> <span class='ocrx_word' id='word_1_125' title='bbox 960 1147 1101 1181; x_wconf 90' lang='lat' dir='ltr'>moro,</span> <span class='ocrx_word' id='word_1_126' title='bbox 1142 1147 1240 1189; x_wconf 89' lang='lat' dir='ltr'>quae</span> <span class='ocrx_word' id='word_1_127' title='bbox 1290 1145 1390 1188; x_wconf 91' lang='lat' dir='ltr'>pars</span> <span class='ocrx_word' id='word_1_128' title='bbox 1430 1127 1553 1170; x_wconf 88' lang='lat' dir='ltr'>collis</span> <span class='ocrx_word' id='word_1_129' title='bbox 1593 1127 1649 1170; x_wconf 90' lang='lat' dir='ltr'>ad</span> 
     </span>
     <span class='ocr_line' id='line_1_17' title="bbox 158 1186 1651 1252; baseline -0.007 -14"><span class='ocrx_word' id='word_1_130' title='bbox 158 1195 371 1238; x_wconf 89' lang='lat' dir='ltr'>orientem</span> <span class='ocrx_word' id='word_1_131' title='bbox 391 1194 524 1238; x_wconf 90' lang='lat' dir='ltr'>solem</span> <span class='ocrx_word' id='word_1_132' title='bbox 544 1194 787 1252; x_wconf 89' lang='lat' dir='ltr'>spectabat,</span> <span class='ocrx_word' id='word_1_133' title='bbox 816 1191 931 1235; x_wconf 88' lang='lat' dir='ltr'>hunc</span> <span class='ocrx_word' id='word_1_134' title='bbox 961 1207 1131 1236; x_wconf 89' lang='lat' dir='ltr'>omnem</span> <span class='ocrx_word' id='word_1_135' title='bbox 1164 1191 1308 1233; x_wconf 86' lang='lat' dir='ltr'>locum</span> <span class='ocrx_word' id='word_1_136' title='bbox 1341 1203 1392 1231; x_wconf 90' lang='lat' dir='ltr'>co</span> <span class='ocrx_word' id='word_1_137' title='bbox 1428 1186 1477 1230; x_wconf 85' lang='lat' dir='ltr'>iae</span> <span class='ocrx_word' id='word_1_138' title='bbox 1499 1186 1651 1229; x_wconf 90' lang='lat' dir='ltr'>Gallo-</span> 
     </span>
     <span class='ocr_line' id='line_1_18' title="bbox 159 1245 1650 1311; baseline -0.006 -15"><span class='ocrx_word' id='word_1_139' title='bbox 159 1269 258 1296; x_wconf 92' lang='lat' dir='ltr'>rum</span> <span class='ocrx_word' id='word_1_140' title='bbox 279 1254 603 1311; x_wconf 89' lang='lat' dir='ltr'>compleverant</span> <span class='ocrx_word' id='word_1_141' title='bbox 625 1253 867 1310; x_wconf 87' lang='lat' dir='ltr'>fossamque</span> <span class='ocrx_word' id='word_1_142' title='bbox 887 1260 932 1294; x_wconf 89' lang='lat' dir='ltr'>et</span> <span class='ocrx_word' id='word_1_143' title='bbox 953 1250 1181 1294; x_wconf 85' lang='lat' dir='ltr'>maceriam</span> <span class='ocrx_word' id='word_1_144' title='bbox 1211 1264 1284 1292; x_wconf 81' lang='lat' dir='ltr'>sex</span> <span class='ocrx_word' id='word_1_145' title='bbox 1307 1248 1352 1291; x_wconf 91' lang='lat' dir='ltr'>in</span> <span class='ocrx_word' id='word_1_146' title='bbox 1372 1263 1396 1290; x_wconf 88' lang='lat' dir='ltr'>a</span> <span class='ocrx_word' id='word_1_147' title='bbox 1417 1245 1650 1289; x_wconf 89' lang='lat' dir='ltr'>titudinem</span> 
     </span>
     <span class='ocr_line' id='line_1_19' title="bbox 161 1305 1651 1371; baseline -0.005 -16"><span class='ocrx_word' id='word_1_148' title='bbox 161 1312 320 1371; x_wconf 89' lang='lat' dir='ltr'>pedum</span> <span class='ocrx_word' id='word_1_149' title='bbox 343 1311 663 1371; x_wconf 77' lang='lat' dir='ltr'>praeduxerant.</span> <span class='ocrx_word' id='word_1_150' title='bbox 726 1311 833 1367; x_wconf 82' lang='lat' dir='ltr'>Ejus</span> <span class='ocrx_word' id='word_1_151' title='bbox 856 1310 1123 1359; x_wconf 88' lang='lat' dir='ltr'>munitionis,</span> <span class='ocrx_word' id='word_1_152' title='bbox 1154 1324 1252 1367; x_wconf 86' lang='lat' dir='ltr'>quae</span> <span class='ocrx_word' id='word_1_153' title='bbox 1281 1307 1338 1349; x_wconf 93' lang='lat' dir='ltr'>ab</span> <span class='ocrx_word' id='word_1_154' title='bbox 1361 1305 1568 1348; x_wconf 86' lang='lat' dir='ltr'>Romanis</span> <span class='ocrx_word' id='word_1_155' title='bbox 1589 1305 1651 1348; x_wconf 91' lang='lat' dir='ltr'>in-</span> 
     </span>
     <span class='ocr_line' id='line_1_20' title="bbox 158 1365 1653 1427; baseline -0.004 -14"><span class='ocrx_word' id='word_1_156' title='bbox 158 1371 442 1420; x_wconf 86' lang='lat' dir='ltr'>stituebatur,</span> <span class='ocrx_word' id='word_1_157' title='bbox 479 1370 687 1412; x_wconf 84' lang='lat' dir='ltr'>circuitus</span> <span class='ocrx_word' id='word_1_158' title='bbox 719 1369 783 1412; x_wconf 92' lang='lat' dir='ltr'>XI</span> <span class='ocrx_word' id='word_1_159' title='bbox 818 1369 985 1411; x_wconf 89' lang='lat' dir='ltr'>milium</span> <span class='ocrx_word' id='word_1_160' title='bbox 1019 1383 1221 1427; x_wconf 91' lang='lat' dir='ltr'>passuum</span> <span class='ocrx_word' id='word_1_161' title='bbox 1242 1365 1432 1409; x_wconf 90' lang='lat' dir='ltr'>tenebat.</span> <span class='ocrx_word' id='word_1_162' title='bbox 1495 1365 1653 1407; x_wconf 87' lang='lat' dir='ltr'>Castra</span> 
     </span>
     <span class='ocr_line' id='line_1_21' title="bbox 159 1421 1652 1489; baseline -0.006 -16"><span class='ocrx_word' id='word_1_163' title='bbox 159 1430 418 1489; x_wconf 91' lang='lat' dir='ltr'>obportunis</span> <span class='ocrx_word' id='word_1_164' title='bbox 455 1429 557 1472; x_wconf 89' lang='lat' dir='ltr'>locis</span> <span class='ocrx_word' id='word_1_165' title='bbox 594 1437 718 1471; x_wconf 85' lang='lat' dir='ltr'>erant</span> <span class='ocrx_word' id='word_1_166' title='bbox 760 1428 900 1487; x_wconf 89' lang='lat' dir='ltr'>posita</span> <span class='ocrx_word' id='word_1_167' title='bbox 928 1428 1078 1486; x_wconf 92' lang='lat' dir='ltr'>ibique</span> <span class='ocrx_word' id='word_1_168' title='bbox 1109 1426 1286 1469; x_wconf 87' lang='lat' dir='ltr'>castella</span> <span class='ocrx_word' id='word_1_169' title='bbox 1316 1421 1471 1467; x_wconf 91' lang='lat' dir='ltr'>XXIII</span> <span class='ocrx_word' id='word_1_170' title='bbox 1514 1423 1652 1472; x_wconf 85' lang='lat' dir='ltr'>facta;</span> 
     </span>
     <span class='ocr_line' id='line_1_22' title="bbox 161 1484 1654 1549; baseline -0.005 -18"><span class='ocrx_word' id='word_1_171' title='bbox 161 1490 322 1549; x_wconf 90' lang='lat' dir='ltr'>quibus</span> <span class='ocrx_word' id='word_1_172' title='bbox 353 1489 397 1531; x_wconf 90' lang='lat' dir='ltr'>in</span> <span class='ocrx_word' id='word_1_173' title='bbox 427 1488 612 1531; x_wconf 87' lang='lat' dir='ltr'>castellis</span> <span class='ocrx_word' id='word_1_174' title='bbox 643 1487 834 1530; x_wconf 89' lang='lat' dir='ltr'>interdiu</span> <span class='ocrx_word' id='word_1_175' title='bbox 863 1487 1066 1529; x_wconf 87' lang='lat' dir='ltr'>stationes</span> <span class='ocrx_word' id='word_1_176' title='bbox 1094 1484 1456 1544; x_wconf 88' lang='lat' dir='ltr'>disponebantur,</span> <span class='ocrx_word' id='word_1_177' title='bbox 1486 1497 1539 1525; x_wconf 90' lang='lat' dir='ltr'>ne</span> <span class='ocrx_word' id='word_1_178' title='bbox 1565 1498 1654 1541; x_wconf 88' lang='lat' dir='ltr'>qua</span> 
     </span>
     <span class='ocr_line' id='line_1_23' title="bbox 160 1540 1654 1605; baseline -0.006 -13"><span class='ocrx_word' id='word_1_179' title='bbox 160 1548 306 1592; x_wconf 87' lang='lat' dir='ltr'>subito</span> <span class='ocrx_word' id='word_1_180' title='bbox 323 1547 494 1605; x_wconf 87' lang='lat' dir='ltr'>eruptio</span> <span class='ocrx_word' id='word_1_181' title='bbox 510 1547 653 1595; x_wconf 87' lang='lat' dir='ltr'>fieret;</span> <span class='ocrx_word' id='word_1_182' title='bbox 686 1545 775 1590; x_wconf 88' lang='lat' dir='ltr'>haec</span> <span class='ocrx_word' id='word_1_183' title='bbox 793 1545 942 1588; x_wconf 87' lang='lat' dir='ltr'>eadem</span> <span class='ocrx_word' id='word_1_184' title='bbox 959 1554 1092 1588; x_wconf 88' lang='lat' dir='ltr'>noctu</span> <span class='ocrx_word' id='word_1_185' title='bbox 1109 1542 1439 1588; x_wconf 84' lang='lat' dir='ltr'>excubitoribus</span> <span class='ocrx_word' id='word_1_186' title='bbox 1454 1556 1503 1584; x_wconf 88' lang='lat' dir='ltr'>ac</span> <span class='ocrx_word' id='word_1_187' title='bbox 1520 1540 1654 1584; x_wconf 90' lang='lat' dir='ltr'>firmis</span> 
     </span>
     <span class='ocr_line' id='line_1_24' title="bbox 162 1606 1581 1666; baseline -0.004 -16"><span class='ocrx_word' id='word_1_188' title='bbox 162 1606 366 1666; x_wconf 81' lang='lat' dir='ltr'>praesidiis</span> <span class='ocrx_word' id='word_1_189' title='bbox 386 1606 666 1649; x_wconf 87' lang='lat' dir='ltr'>tenebantur.</span> <span class='ocrx_word' id='word_1_190' title='bbox 1576 1631 1581 1634; x_wconf 88' lang='lat'><em>-</em></span> 
     </span>
    </p>

    <p class='ocr_par' dir='ltr' id='par_1_4' title="bbox 160 1656 1656 1785">
     <span class='ocr_line' id='line_1_25' title="bbox 223 1656 1655 1723; baseline -0.006 -14"><span class='ocrx_word' id='word_1_191' title='bbox 223 1667 295 1709; x_wconf 89' lang='lat'>70.</span> <span class='ocrx_word' id='word_1_192' title='bbox 328 1665 477 1723; x_wconf 88' lang='lat' dir='ltr'>Opere</span> <span class='ocrx_word' id='word_1_193' title='bbox 507 1664 724 1713; x_wconf 90' lang='lat' dir='ltr'>instituto,</span> <span class='ocrx_word' id='word_1_194' title='bbox 757 1662 807 1706; x_wconf 87' lang='lat' dir='ltr'>fit</span> <span class='ocrx_word' id='word_1_195' title='bbox 838 1670 1040 1720; x_wconf 88' lang='lat' dir='ltr'>equestre</span> <span class='ocrx_word' id='word_1_196' title='bbox 1070 1660 1273 1720; x_wconf 84' lang='lat' dir='ltr'>proelium</span> <span class='ocrx_word' id='word_1_197' title='bbox 1305 1660 1348 1702; x_wconf 92' lang='lat' dir='ltr'>in</span> <span class='ocrx_word' id='word_1_198' title='bbox 1378 1673 1428 1701; x_wconf 88' lang='lat' dir='ltr'>ea</span> <span class='ocrx_word' id='word_1_199' title='bbox 1458 1656 1655 1716; x_wconf 85' lang='lat' dir='ltr'>planitie,</span> 
     </span>
     <span class='ocr_line' id='line_1_26' title="bbox 160 1716 1656 1785; baseline -0.006 -17"><span class='ocrx_word' id='word_1_200' title='bbox 160 1741 292 1785; x_wconf 90' lang='lat' dir='ltr'>quam</span> <span class='ocrx_word' id='word_1_201' title='bbox 312 1724 597 1767; x_wconf 87' lang='lat' dir='ltr'>intermissam</span> <span class='ocrx_word' id='word_1_202' title='bbox 617 1723 801 1766; x_wconf 90' lang='lat' dir='ltr'>collibus</span> <span class='ocrx_word' id='word_1_203' title='bbox 824 1721 891 1765; x_wconf 94' lang='lat' dir='ltr'>III</span> <span class='ocrx_word' id='word_1_204' title='bbox 915 1721 1033 1764; x_wconf 88' lang='lat' dir='ltr'>milia</span> <span class='ocrx_word' id='word_1_205' title='bbox 1055 1735 1259 1780; x_wconf 88' lang='lat' dir='ltr'>passuum</span> <span class='ocrx_word' id='word_1_206' title='bbox 1279 1719 1322 1761; x_wconf 91' lang='lat' dir='ltr'>in</span> <span class='ocrx_word' id='word_1_207' title='bbox 1339 1716 1656 1777; x_wconf 84' lang='lat' dir='ltr'>longitudinem</span> 
     </span>
    </p>
   </div>
   <div class='ocr_carea' id='block_1_3' title="bbox 166 1818 878 1899">
    <p class='ocr_par' dir='ltr' id='par_1_5' title="bbox 166 1818 878 1899">
     <span class='ocr_line' id='line_1_27' title="bbox 214 1818 878 1854; baseline -0.003 -1"><span class='ocrx_word' id='word_1_208' title='bbox 214 1823 353 1854; x_wconf 70' lang='lat' dir='ltr'>circiter</span> <span class='ocrx_word' id='word_1_209' title='bbox 367 1821 473 1853; x_wconf 59' lang='lat' dir='ltr'>tribus</span> <span class='ocrx_word' id='word_1_210' title='bbox 493 1820 640 1852; x_wconf 76' lang='lat' dir='ltr'>milibus.</span> <span class='ocrx_word' id='word_1_211' title='bbox 686 1818 806 1851; x_wconf 82' lang='lat' dir='ltr'>Celsus</span> <span class='ocrx_word' id='word_1_212' title='bbox 823 1818 878 1851; x_wconf 67' lang='lat' dir='ltr'>cle-</span> 
     </span>
     <span class='ocr_line' id='line_1_28' title="bbox 166 1867 397 1899; baseline -0.013 0"><span class='ocrx_word' id='word_1_213' title='bbox 166 1877 236 1899; x_wconf 81' lang='lat' dir='ltr'>cem</span> <span class='ocrx_word' id='word_1_214' title='bbox 249 1867 397 1897; x_wconf 75' lang='lat' dir='ltr'>milibus.</span> 
     </span>
    </p>
   </div>
   <div class='ocr_carea' id='block_1_4' title="bbox 945 1812 1659 1902">
    <p class='ocr_par' dir='ltr' id='par_1_6' title="bbox 945 1812 1659 1902">
     <span class='ocr_line' id='line_1_29' title="bbox 945 1812 1659 1853; baseline -0.007 -5"><span class='ocrx_word' id='word_1_215' title='bbox 945 1815 1104 1848; x_wconf 85' lang='lat' dir='ltr'>narravit.</span> <span class='ocrx_word' id='word_1_216' title='bbox 1153 1814 1314 1846; x_wconf 82' lang='lat' dir='ltr'>orosium</span> <span class='ocrx_word' id='word_1_217' title='bbox 1344 1813 1392 1853; x_wconf 82' lang='grc'>(6,</span> <span class='ocrx_word' id='word_1_218' title='bbox 1418 1813 1473 1852; x_wconf 85' lang='lat' dir='ltr'>ll)</span> <span class='ocrx_word' id='word_1_219' title='bbox 1495 1812 1659 1851; x_wconf 79' lang='lat' dir='ltr'>con-ferre,</span> 
     </span>
     <span class='ocr_line' id='line_1_30' title="bbox 947 1857 1659 1902; baseline -0.008 -9"><span class='ocrx_word' id='word_1_220' title='bbox 947 1861 1003 1892; x_wconf 87' lang='lat' dir='ltr'>vix</span> <span class='ocrx_word' id='word_1_221' title='bbox 1028 1870 1142 1902; x_wconf 83' lang='lat' dir='ltr'>operae</span> <span class='ocrx_word' id='word_1_222' title='bbox 1171 1859 1317 1901; x_wconf 87' lang='lat' dir='ltr'>pretium</span> <span class='ocrx_word' id='word_1_223' title='bbox 1342 1864 1412 1889; x_wconf 81' lang='lat' dir='ltr'>est:</span> <span class='ocrx_word' id='word_1_224' title='bbox 1437 1868 1499 1889; x_wconf 88' lang='lat' dir='ltr'>nec</span> <span class='ocrx_word' id='word_1_225' title='bbox 1523 1857 1659 1900; x_wconf 79' lang='lat' dir='ltr'>prodest</span> 
     </span>
    </p>
   </div>
   <div class='ocr_carea' id='block_1_5' title="bbox 167 1907 894 3009">
    <p class='ocr_par' dir='ltr' id='par_1_7' title="bbox 167 1907 882 2085">
     <span class='ocr_line' id='line_1_31' title="bbox 216 1907 880 1952; baseline -0.006 -10"><span class='ocrx_word' id='word_1_226' title='bbox 216 1911 312 1946; x_wconf 74' lang='lat' dir='ltr'>Quod</span> <span class='ocrx_word' id='word_1_227' title='bbox 328 1912 495 1952; x_wconf 72' lang='lat' dir='ltr'>equitatu,</span> <span class='ocrx_word' id='word_1_228' title='bbox 517 1915 583 1941; x_wconf 77' lang='lat' dir='ltr'>etc.</span> <span class='ocrx_word' id='word_1_229' title='bbox 607 1907 666 1939; x_wconf 87' lang='lat' dir='ltr'>alii</span> <span class='ocrx_word' id='word_1_230' title='bbox 682 1907 772 1949; x_wconf 76' lang='lat' dir='ltr'>quod</span> <span class='ocrx_word' id='word_1_231' title='bbox 787 1909 880 1949; x_wconf 75' lang='lat' dir='ltr'>equi-</span> 
     </span>
     <span class='ocr_line' id='line_1_32' title="bbox 167 1952 882 1995; baseline -0.007 -8"><span class='ocrx_word' id='word_1_232' title='bbox 167 1960 269 1994; x_wconf 67' lang='lat' dir='ltr'>tatus,</span> <span class='ocrx_word' id='word_1_233' title='bbox 284 1965 353 1995; x_wconf 79' lang='lat' dir='ltr'>qua</span> <span class='ocrx_word' id='word_1_234' title='bbox 375 1957 529 1986; x_wconf 53' lang='lat' dir='ltr'>‘maxima</span> <span class='ocrx_word' id='word_1_235' title='bbox 542 1958 640 1995; x_wconf 68' lang='lat' dir='ltr'>parte</span> <span class='ocrx_word' id='word_1_236' title='bbox 657 1969 701 1974; x_wconf 94' lang='lat'>—</span> <span class='ocrx_word' id='word_1_237' title='bbox 715 1958 787 1983; x_wconf 79' lang='lat' dir='ltr'>erat</span> <span class='ocrx_word' id='word_1_238' title='bbox 801 1952 882 1993; x_wconf 80' lang='lat' dir='ltr'>pul-</span> 
     </span>
     <span class='ocr_line' id='line_1_33' title="bbox 167 1998 880 2040; baseline -0.006 -9"><span class='ocrx_word' id='word_1_239' title='bbox 167 2009 224 2031; x_wconf 68' lang='lat' dir='ltr'>sus</span> <span class='ocrx_word' id='word_1_240' title='bbox 250 1999 304 2029; x_wconf 91' lang='lat' dir='ltr'>vel</span> <span class='ocrx_word' id='word_1_241' title='bbox 335 1999 423 2040; x_wconf 78' lang='lat' dir='ltr'>quod</span> <span class='ocrx_word' id='word_1_242' title='bbox 451 2000 617 2039; x_wconf 74' lang='lat' dir='ltr'>equitatu,</span> <span class='ocrx_word' id='word_1_243' title='bbox 640 2008 704 2038; x_wconf 72' lang='lat' dir='ltr'>qun</span> <span class='ocrx_word' id='word_1_244' title='bbox 726 1998 880 2027; x_wconf 70' lang='lat' dir='ltr'>muz-ima</span> 
     </span>
     <span class='ocr_line' id='line_1_34' title="bbox 167 2041 799 2085; baseline -0.008 -11"><span class='ocrx_word' id='word_1_245' title='bbox 167 2048 266 2085; x_wconf 77' lang='lat' dir='ltr'>parte</span> <span class='ocrx_word' id='word_1_246' title='bbox 282 2053 335 2074; x_wconf 68' lang='lat' dir='ltr'>ex.</span> <span class='ocrx_word' id='word_1_247' title='bbox 351 2041 570 2082; x_wconf 71' lang='lat' dir='ltr'>confidebam,</span> <span class='ocrx_word' id='word_1_248' title='bbox 586 2046 683 2072; x_wconf 72' lang='lat' dir='ltr'>erant</span> <span class='ocrx_word' id='word_1_249' title='bbox 695 2041 799 2082; x_wconf 65' lang='lat' dir='ltr'>puls-i.</span> 
     </span>
    </p>

    <p class='ocr_par' dir='ltr' id='par_1_8' title="bbox 170 2083 894 3009">
     <span class='ocr_line' id='line_1_35' title="bbox 218 2083 880 2118; baseline -0.006 0"><span class='ocrx_word' id='word_1_250' title='bbox 218 2088 366 2118; x_wconf 76' lang='lat' dir='ltr'>Alesiam</span> <span class='ocrx_word' id='word_1_251' title='bbox 396 2088 552 2117; x_wconf 75' lang='lat' dir='ltr'>circumv.</span> <span class='ocrx_word' id='word_1_252' title='bbox 582 2087 682 2116; x_wconf 66' lang='lat' dir='ltr'>inscie.</span> <span class='ocrx_word' id='word_1_253' title='bbox 736 2084 784 2115; x_wconf 89' lang='lat' dir='ltr'>De</span> <span class='ocrx_word' id='word_1_254' title='bbox 815 2083 880 2114; x_wconf 73' lang='lat' dir='ltr'>hoe</span> 
     </span>
     <span class='ocr_line' id='line_1_36' title="bbox 170 2127 883 2172; baseline -0.007 -9"><span class='ocrx_word' id='word_1_255' title='bbox 170 2132 261 2168; x_wconf 88' lang='lat' dir='ltr'>loco,</span> <span class='ocrx_word' id='word_1_256' title='bbox 284 2140 388 2172; x_wconf 83' lang='lat' dir='ltr'>quem</span> <span class='ocrx_word' id='word_1_257' title='bbox 412 2129 570 2171; x_wconf 79' lang='lat' dir='ltr'>equidem</span> <span class='ocrx_word' id='word_1_258' title='bbox 594 2136 731 2170; x_wconf 86' lang='lat' dir='ltr'>propter</span> <span class='ocrx_word' id='word_1_259' title='bbox 753 2128 801 2160; x_wconf 78' lang='lat' dir='ltr'>rei</span> <span class='ocrx_word' id='word_1_260' title='bbox 819 2127 883 2159; x_wconf 80' lang='lat' dir='ltr'>lni-</span> 
     </span>
     <span class='ocr_line' id='line_1_37' title="bbox 170 2172 884 2216; baseline -0.004 -10"><span class='ocrx_word' id='word_1_261' title='bbox 170 2175 280 2207; x_wconf 86' lang='lat' dir='ltr'>litaris</span> <span class='ocrx_word' id='word_1_262' title='bbox 306 2174 554 2216; x_wconf 80' lang='lat' dir='ltr'>ignorationem</span> <span class='ocrx_word' id='word_1_263' title='bbox 582 2184 650 2204; x_wconf 83' lang='lat' dir='ltr'>non</span> <span class='ocrx_word' id='word_1_264' title='bbox 680 2173 761 2204; x_wconf 86' lang='lat' dir='ltr'>satis</span> <span class='ocrx_word' id='word_1_265' title='bbox 785 2172 884 2203; x_wconf 68' lang='lat' dir='ltr'>intel-</span> 
     </span>
     <span class='ocr_line' id='line_1_38' title="bbox 170 2217 883 2261; baseline -0.006 -10"><span class='ocrx_word' id='word_1_266' title='bbox 170 2220 255 2261; x_wconf 82' lang='lat' dir='ltr'>ligo,</span> <span class='ocrx_word' id='word_1_267' title='bbox 279 2229 386 2260; x_wconf 83' lang='lat' dir='ltr'>neque</span> <span class='ocrx_word' id='word_1_268' title='bbox 408 2218 580 2259; x_wconf 70' lang='lat' dir='ltr'>explicare</span> <span class='ocrx_word' id='word_1_269' title='bbox 604 2217 726 2255; x_wconf 86' lang='lat' dir='ltr'>audeo,</span> <span class='ocrx_word' id='word_1_270' title='bbox 753 2222 883 2247; x_wconf 79' lang='lat' dir='ltr'>exstant</span> 
     </span>
     <span class='ocr_line' id='line_1_39' title="bbox 173 2260 884 2305; baseline -0.007 -9"><span class='ocrx_word' id='word_1_271' title='bbox 173 2265 249 2296; x_wconf 86' lang='lat' dir='ltr'>duae</span> <span class='ocrx_word' id='word_1_272' title='bbox 273 2263 520 2305; x_wconf 75' lang='lat' dir='ltr'>disputationes</span> <span class='ocrx_word' id='word_1_273' title='bbox 547 2260 736 2292; x_wconf 82' lang='lat' dir='ltr'>doctissimi</span> <span class='ocrx_word' id='word_1_274' title='bbox 752 2260 884 2299; x_wconf 88' lang='lat' dir='ltr'>militis,</span> 
     </span>
     <span class='ocr_line' id='line_1_40' title="bbox 174 2303 885 2345; baseline -0.008 -5"><span class='ocrx_word' id='word_1_275' title='bbox 174 2307 376 2340; x_wconf 84' lang='lat' dir='ltr'>Guischardi</span> <span class='ocrx_word' id='word_1_276' title='bbox 414 2318 472 2338; x_wconf 85' lang='lat' dir='ltr'>seu</span> <span class='ocrx_word' id='word_1_277' title='bbox 503 2305 625 2344; x_wconf 79' lang='lat' dir='ltr'>Quinti</span> <span class='ocrx_word' id='word_1_278' title='bbox 662 2304 752 2336; x_wconf 87' lang='lat' dir='ltr'>Icilii</span> <span class='ocrx_word' id='word_1_279' title='bbox 789 2303 885 2345; x_wconf 75' lang='lat' dir='ltr'>(Me-</span> 
     </span>
     <span class='ocr_line' id='line_1_41' title="bbox 174 2346 884 2384; baseline -0.007 0"><span class='ocrx_word' id='word_1_280' title='bbox 174 2351 300 2383; x_wconf 86' lang='lat' dir='ltr'>moires</span> <span class='ocrx_word' id='word_1_281' title='bbox 320 2351 499 2384; x_wconf 87' lang='lat' dir='ltr'>militaires</span> <span class='ocrx_word' id='word_1_282' title='bbox 521 2361 577 2382; x_wconf 88' lang='lat' dir='ltr'>sur</span> <span class='ocrx_word' id='word_1_283' title='bbox 598 2346 646 2381; x_wconf 77' lang='lat' dir='ltr'>les</span> <span class='ocrx_word' id='word_1_284' title='bbox 662 2349 764 2380; x_wconf 82' lang='lat' dir='ltr'>Grecs</span> <span class='ocrx_word' id='word_1_285' title='bbox 789 2354 821 2379; x_wconf 90' lang='lat' dir='ltr'>et</span> <span class='ocrx_word' id='word_1_286' title='bbox 836 2349 884 2379; x_wconf 84' lang='lat' dir='ltr'>les</span> 
     </span>
     <span class='ocr_line' id='line_1_42' title="bbox 179 2392 886 2437; baseline -0.006 -10"><span class='ocrx_word' id='word_1_287' title='bbox 179 2396 358 2435; x_wconf 83' lang='lat' dir='ltr'>Romains,</span> <span class='ocrx_word' id='word_1_288' title='bbox 371 2396 412 2427; x_wconf 91' lang='lat' dir='ltr'>T.</span> <span class='ocrx_word' id='word_1_289' title='bbox 430 2399 457 2427; x_wconf 93' lang='grc'>1.</span> <span class='ocrx_word' id='word_1_290' title='bbox 475 2406 508 2437; x_wconf 89' lang='lat' dir='ltr'>p.</span> <span class='ocrx_word' id='word_1_291' title='bbox 521 2398 596 2433; x_wconf 72' lang='lat'>282,</span> <span class='ocrx_word' id='word_1_292' title='bbox 613 2393 673 2424; x_wconf 88' lang='lat' dir='ltr'>ubi</span> <span class='ocrx_word' id='word_1_293' title='bbox 689 2393 758 2424; x_wconf 85' lang='lat' dir='ltr'>suis</span> <span class='ocrx_word' id='word_1_294' title='bbox 772 2392 886 2424; x_wconf 83' lang='lat' dir='ltr'>verbis</span> 
     </span>
     <span class='ocr_line' id='line_1_43' title="bbox 177 2437 886 2482; baseline -0.006 -10"><span class='ocrx_word' id='word_1_295' title='bbox 177 2451 306 2482; x_wconf 85' lang='lat' dir='ltr'>suoque</span> <span class='ocrx_word' id='word_1_296' title='bbox 328 2441 431 2471; x_wconf 84' lang='lat' dir='ltr'>modo</span> <span class='ocrx_word' id='word_1_297' title='bbox 464 2439 550 2470; x_wconf 85' lang='lat' dir='ltr'>hanc</span> <span class='ocrx_word' id='word_1_298' title='bbox 581 2448 715 2470; x_wconf 70' lang='lat' dir='ltr'>omnem</span> <span class='ocrx_word' id='word_1_299' title='bbox 744 2437 886 2468; x_wconf 86' lang='lat' dir='ltr'>Caesaris</span> 
     </span>
     <span class='ocr_line' id='line_1_44' title="bbox 177 2481 888 2525; baseline -0.007 -9"><span class='ocrx_word' id='word_1_300' title='bbox 177 2484 403 2516; x_wconf 80' lang='lat' dir='ltr'>narrationem</span> <span class='ocrx_word' id='word_1_301' title='bbox 417 2483 569 2525; x_wconf 80' lang='lat' dir='ltr'>repetiit.</span> <span class='ocrx_word' id='word_1_302' title='bbox 609 2484 690 2513; x_wconf 89' lang='lat' dir='ltr'>Item</span> <span class='ocrx_word' id='word_1_303' title='bbox 701 2481 888 2512; x_wconf 70' lang='lat' dir='ltr'>Memoires</span> 
     </span>
     <span class='ocr_line' id='line_1_45' title="bbox 179 2524 887 2570; baseline -0.007 -9"><span class='ocrx_word' id='word_1_304' title='bbox 179 2541 234 2561; x_wconf 84' lang='lat' dir='ltr'>sur</span> <span class='ocrx_word' id='word_1_305' title='bbox 250 2528 417 2570; x_wconf 86' lang='lat' dir='ltr'>plusieurs</span> <span class='ocrx_word' id='word_1_306' title='bbox 434 2527 547 2569; x_wconf 87' lang='lat' dir='ltr'>points</span> <span class='ocrx_word' id='word_1_307' title='bbox 562 2524 779 2567; x_wconf 66' lang='lat' dir='ltr'>d&#39;antiquites</span> <span class='ocrx_word' id='word_1_308' title='bbox 795 2525 887 2556; x_wconf 85' lang='lat' dir='ltr'>mili-</span> 
     </span>
     <span class='ocr_line' id='line_1_46' title="bbox 180 2569 887 2613; baseline -0.006 -9"><span class='ocrx_word' id='word_1_309' title='bbox 180 2574 294 2611; x_wconf 76' lang='lat' dir='ltr'>taires,</span> <span class='ocrx_word' id='word_1_310' title='bbox 311 2572 392 2603; x_wconf 63' lang='lat' dir='ltr'>TA.</span> <span class='ocrx_word' id='word_1_311' title='bbox 406 2584 441 2613; x_wconf 91' lang='lat' dir='ltr'>p.</span> <span class='ocrx_word' id='word_1_312' title='bbox 458 2574 530 2610; x_wconf 80' lang='lat'>131,</span> <span class='ocrx_word' id='word_1_313' title='bbox 543 2570 604 2602; x_wconf 92' lang='lat' dir='ltr'>ubi</span> <span class='ocrx_word' id='word_1_314' title='bbox 616 2571 711 2612; x_wconf 79' lang='lat' dir='ltr'>plura</span> <span class='ocrx_word' id='word_1_315' title='bbox 725 2569 887 2601; x_wconf 85' lang='lat' dir='ltr'>subtilius</span> 
     </span>
     <span class='ocr_line' id='line_1_47' title="bbox 179 2614 886 2657; baseline -0.007 -8"><span class='ocrx_word' id='word_1_316' title='bbox 179 2624 213 2649; x_wconf 85' lang='lat' dir='ltr'>et</span> <span class='ocrx_word' id='word_1_317' title='bbox 229 2617 369 2649; x_wconf 87' lang='lat' dir='ltr'>uberius</span> <span class='ocrx_word' id='word_1_318' title='bbox 384 2616 562 2657; x_wconf 82' lang='lat' dir='ltr'>explicat).</span> <span class='ocrx_word' id='word_1_319' title='bbox 606 2616 642 2646; x_wconf 87' lang='lat' dir='ltr'>ln</span> <span class='ocrx_word' id='word_1_320' title='bbox 665 2615 773 2645; x_wconf 72' lang='lat' dir='ltr'>altero</span> <span class='ocrx_word' id='word_1_321' title='bbox 797 2614 886 2644; x_wconf 84' lang='lat' dir='ltr'>libro</span> 
     </span>
     <span class='ocr_line' id='line_1_48' title="bbox 180 2657 890 2697; baseline -0.008 -4"><span class='ocrx_word' id='word_1_322' title='bbox 180 2661 284 2693; x_wconf 86' lang='lat' dir='ltr'>etiam</span> <span class='ocrx_word' id='word_1_323' title='bbox 300 2661 416 2692; x_wconf 83' lang='lat' dir='ltr'>tabula</span> <span class='ocrx_word' id='word_1_324' title='bbox 428 2666 491 2697; x_wconf 86' lang='lat' dir='ltr'>est,</span> <span class='ocrx_word' id='word_1_325' title='bbox 503 2658 697 2690; x_wconf 84' lang='lat' dir='ltr'>obsidionis</span> <span class='ocrx_word' id='word_1_326' title='bbox 710 2657 890 2689; x_wconf 85' lang='lat' dir='ltr'>adumbra-</span> 
     </span>
     <span class='ocr_line' id='line_1_49' title="bbox 180 2701 888 2745; baseline -0.007 -8"><span class='ocrx_word' id='word_1_327' title='bbox 180 2706 310 2738; x_wconf 82' lang='lat' dir='ltr'>tionem</span> <span class='ocrx_word' id='word_1_328' title='bbox 325 2705 511 2736; x_wconf 77' lang='lat' dir='ltr'>exhibens:</span> <span class='ocrx_word' id='word_1_329' title='bbox 538 2704 625 2733; x_wconf 90' lang='lat' dir='ltr'>unde</span> <span class='ocrx_word' id='word_1_330' title='bbox 640 2702 694 2733; x_wconf 92' lang='lat' dir='ltr'>vel</span> <span class='ocrx_word' id='word_1_331' title='bbox 708 2701 888 2745; x_wconf 40' lang='lat' dir='ltr'>petitu-vel</span> 
     </span>
     <span class='ocr_line' id='line_1_50' title="bbox 180 2750 889 2791; baseline -0.01 -9"><span class='ocrx_word' id='word_1_332' title='bbox 180 2750 378 2791; x_wconf 78' lang='lat' dir='ltr'>diligentius</span> <span class='ocrx_word' id='word_1_333' title='bbox 409 2759 476 2780; x_wconf 87' lang='lat' dir='ltr'>rem</span> <span class='ocrx_word' id='word_1_334' title='bbox 506 2756 715 2787; x_wconf 77' lang='lat' dir='ltr'>cognoscere</span> <span class='ocrx_word' id='word_1_335' title='bbox 747 2751 780 2777; x_wconf 90' lang='lat' dir='ltr'>et</span> <span class='ocrx_word' id='word_1_336' title='bbox 810 2756 889 2776; x_wconf 92' lang='lat' dir='ltr'>cum</span> 
     </span>
     <span class='ocr_line' id='line_1_51' title="bbox 181 2790 890 2834; baseline -0.01 -7"><span class='ocrx_word' id='word_1_337' title='bbox 181 2794 317 2826; x_wconf 88' lang='lat' dir='ltr'>Folardi</span> <span class='ocrx_word' id='word_1_338' title='bbox 354 2790 655 2834; x_wconf 86' lang='lat' dir='ltr'>disquisitionibus</span> <span class='ocrx_word' id='word_1_339' title='bbox 695 2799 890 2832; x_wconf 87' lang='lat' dir='ltr'>comparare</span> 
     </span>
     <span class='ocr_line' id='line_1_52' title="bbox 181 2834 892 2878; baseline -0.01 -7"><span class='ocrx_word' id='word_1_340' title='bbox 181 2840 345 2875; x_wconf 87' lang='lat' dir='ltr'>volentes,</span> <span class='ocrx_word' id='word_1_341' title='bbox 394 2839 491 2878; x_wconf 87' lang='lat' dir='ltr'>plura</span> <span class='ocrx_word' id='word_1_342' title='bbox 539 2834 672 2866; x_wconf 87' lang='lat' dir='ltr'>haurire</span> <span class='ocrx_word' id='word_1_343' title='bbox 725 2840 892 2876; x_wconf 79' lang='lat' dir='ltr'>poterunt.</span> 
     </span>
     <span class='ocr_line' id='line_1_53' title="bbox 182 2878 890 2923; baseline -0.008 -8"><span class='ocrx_word' id='word_1_344' title='bbox 182 2883 298 2916; x_wconf 88' lang='lat' dir='ltr'>Etiam</span> <span class='ocrx_word' id='word_1_345' title='bbox 325 2881 463 2923; x_wconf 85' lang='lat' dir='ltr'>Lipsius</span> <span class='ocrx_word' id='word_1_346' title='bbox 485 2879 653 2921; x_wconf 83' lang='lat' dir='ltr'>(Poliorc.</span> <span class='ocrx_word' id='word_1_347' title='bbox 669 2882 701 2916; x_wconf 74' lang='lat'>²2,</span> <span class='ocrx_word' id='word_1_348' title='bbox 716 2878 752 2917; x_wconf 75' lang='lat'>2)</span> <span class='ocrx_word' id='word_1_349' title='bbox 776 2879 890 2910; x_wconf 87' lang='lat' dir='ltr'>locum</span> 
     </span>
     <span class='ocr_line' id='line_1_54' title="bbox 183 2924 891 2968; baseline -0.008 -9"><span class='ocrx_word' id='word_1_350' title='bbox 183 2928 272 2959; x_wconf 86' lang='lat' dir='ltr'>hunc</span> <span class='ocrx_word' id='word_1_351' title='bbox 302 2932 497 2968; x_wconf 82' lang='lat' dir='ltr'>persecutus</span> <span class='ocrx_word' id='word_1_352' title='bbox 523 2931 588 2956; x_wconf 87' lang='lat' dir='ltr'>est.</span> <span class='ocrx_word' id='word_1_353' title='bbox 637 2924 725 2954; x_wconf 85' lang='lat' dir='ltr'>Rem</span> <span class='ocrx_word' id='word_1_354' title='bbox 755 2933 891 2954; x_wconf 84' lang='lat' dir='ltr'>omnem</span> 
     </span>
     <span class='ocr_line' id='line_1_55' title="bbox 189 2966 894 3009; baseline -0.004 -7"><span class='ocrx_word' id='word_1_355' title='bbox 189 2972 390 3004; x_wconf 69' lang='lat' dir='ltr'>Plutarchus</span> <span class='ocrx_word' id='word_1_356' title='bbox 418 2971 469 3009; x_wconf 87' lang='lat' dir='ltr'>(in</span> <span class='ocrx_word' id='word_1_357' title='bbox 493 2971 582 3001; x_wconf 77' lang='lat' dir='ltr'>Caes.</span> <span class='ocrx_word' id='word_1_358' title='bbox 606 2978 639 2999; x_wconf 90' lang='lat' dir='ltr'>c.</span> <span class='ocrx_word' id='word_1_359' title='bbox 656 2967 716 3006; x_wconf 82' lang='grc'>27)</span> <span class='ocrx_word' id='word_1_360' title='bbox 742 2966 894 3000; x_wconf 75' lang='lat' dir='ltr'>breviter</span> 
     </span>
    </p>
   </div>
   <div class='ocr_carea' id='block_1_6' title="bbox 946 1900 1668 2996">
    <p class='ocr_par' dir='ltr' id='par_1_9' title="bbox 946 1900 1660 2070">
     <span class='ocr_line' id='line_1_56' title="bbox 947 1900 1654 1943; baseline -0.006 -7"><span class='ocrx_word' id='word_1_361' title='bbox 947 1906 1091 1937; x_wconf 85' lang='lat' dir='ltr'>multum</span> <span class='ocrx_word' id='word_1_362' title='bbox 1110 1905 1223 1936; x_wconf 88' lang='lat' dir='ltr'>Julius</span> <span class='ocrx_word' id='word_1_363' title='bbox 1239 1903 1357 1934; x_wconf 84' lang='lat' dir='ltr'>Celsus</span> <span class='ocrx_word' id='word_1_364' title='bbox 1377 1903 1429 1943; x_wconf 91' lang='lat' dir='ltr'>(p.</span> <span class='ocrx_word' id='word_1_365' title='bbox 1449 1903 1535 1940; x_wconf 88' lang='grc'><strong>153).</strong></span> <span class='ocrx_word' id='word_1_366' title='bbox 1583 1900 1654 1932; x_wconf 86' lang='lat' dir='ltr'>Nec</span> 
     </span>
     <span class='ocr_line' id='line_1_57' title="bbox 946 1946 1659 1985; baseline -0.007 -4"><span class='ocrx_word' id='word_1_367' title='bbox 946 1950 1043 1981; x_wconf 88' lang='lat' dir='ltr'>locus</span> <span class='ocrx_word' id='word_1_368' title='bbox 1070 1949 1193 1981; x_wconf 86' lang='lat' dir='ltr'>Dionis</span> <span class='ocrx_word' id='word_1_369' title='bbox 1221 1947 1331 1979; x_wconf 84' lang='lat' dir='ltr'>Cassii</span> <span class='ocrx_word' id='word_1_370' title='bbox 1360 1947 1431 1985; x_wconf 75' lang='lat'>(40,</span> <span class='ocrx_word' id='word_1_371' title='bbox 1458 1947 1511 1978; x_wconf 86' lang='grc'>39.</span> <span class='ocrx_word' id='word_1_372' title='bbox 1535 1946 1593 1985; x_wconf 78' lang='grc'>40)</span> <span class='ocrx_word' id='word_1_373' title='bbox 1615 1946 1659 1976; x_wconf 88' lang='lat' dir='ltr'>ad</span> 
     </span>
     <span class='ocr_line' id='line_1_58' title="bbox 946 1988 1660 2033; baseline -0.008 -7"><span class='ocrx_word' id='word_1_374' title='bbox 946 2005 1016 2026; x_wconf 82' lang='lat' dir='ltr'>rem</span> <span class='ocrx_word' id='word_1_375' title='bbox 1049 1993 1307 2033; x_wconf 69' lang='lat' dir='ltr'>intelligendam</span> <span class='ocrx_word' id='word_1_376' title='bbox 1338 1990 1471 2029; x_wconf 79' lang='lat' dir='ltr'>sufficit,</span> <span class='ocrx_word' id='word_1_377' title='bbox 1496 1989 1560 2021; x_wconf 89' lang='lat' dir='ltr'>nisi</span> <span class='ocrx_word' id='word_1_378' title='bbox 1585 1988 1660 2021; x_wconf 85' lang='lat' dir='ltr'>Cae-</span> 
     </span>
     <span class='ocr_line' id='line_1_59' title="bbox 949 2034 1592 2070; baseline -0.006 -1"><span class='ocrx_word' id='word_1_379' title='bbox 949 2038 1032 2070; x_wconf 80' lang='lat' dir='ltr'>saris</span> <span class='ocrx_word' id='word_1_380' title='bbox 1047 2037 1193 2068; x_wconf 81' lang='lat' dir='ltr'>narratio</span> <span class='ocrx_word' id='word_1_381' title='bbox 1209 2036 1313 2067; x_wconf 79' lang='lat' dir='ltr'>suerit</span> <span class='ocrx_word' id='word_1_382' title='bbox 1326 2035 1368 2067; x_wconf 85' lang='lat' dir='ltr'>ad</span> <span class='ocrx_word' id='word_1_383' title='bbox 1386 2044 1516 2066; x_wconf 85' lang='lat' dir='ltr'>manus.</span> <span class='ocrx_word' id='word_1_384' title='bbox 1542 2034 1592 2065; x_wconf 90' lang='lat' dir='ltr'>M.</span> 
     </span>
    </p>

    <p class='ocr_par' dir='ltr' id='par_1_10' title="bbox 994 2077 1653 2124">
     <span class='ocr_line' id='line_1_60' title="bbox 994 2077 1653 2124; baseline -0.009 -10"><span class='ocrx_word' id='word_1_385' title='bbox 994 2085 1074 2114; x_wconf 78' lang='lat' dir='ltr'>Duo</span> <span class='ocrx_word' id='word_1_386' title='bbox 1085 2083 1252 2124; x_wconf 71' lang='lat' dir='ltr'>flumina,</span> <span class='ocrx_word' id='word_1_387' title='bbox 1274 2079 1399 2110; x_wconf 88' lang='lat' dir='ltr'>Lutosa</span> <span class='ocrx_word' id='word_1_388' title='bbox 1414 2084 1447 2110; x_wconf 90' lang='lat' dir='ltr'>et</span> <span class='ocrx_word' id='word_1_389' title='bbox 1464 2078 1584 2110; x_wconf 83' lang='lat' dir='ltr'>Osera.</span> <span class='ocrx_word' id='word_1_390' title='bbox 1610 2077 1653 2108; x_wconf 89' lang='lat' dir='ltr'><em>M</em></span> 
     </span>
    </p>

    <p class='ocr_par' dir='ltr' id='par_1_11' title="bbox 949 2123 1661 2255">
     <span class='ocr_line' id='line_1_61' title="bbox 996 2123 1661 2162; baseline -0.009 -4"><span class='ocrx_word' id='word_1_391' title='bbox 996 2127 1046 2162; x_wconf 66' lang='lat' dir='ltr'>,m</span> <span class='ocrx_word' id='word_1_392' title='bbox 1073 2128 1232 2157; x_wconf 73' lang='lat' dir='ltr'>orientem</span> <span class='ocrx_word' id='word_1_393' title='bbox 1252 2126 1364 2156; x_wconf 83' lang='lat' dir='ltr'>solem.</span> <span class='ocrx_word' id='word_1_394' title='bbox 1412 2123 1465 2155; x_wconf 78' lang='lat' dir='ltr'>Ex</span> <span class='ocrx_word' id='word_1_395' title='bbox 1494 2123 1596 2155; x_wconf 87' lang='lat' dir='ltr'>codd.</span> <span class='ocrx_word' id='word_1_396' title='bbox 1626 2127 1661 2152; x_wconf 83' lang='lat' dir='ltr'>et</span> 
     </span>
     <span class='ocr_line' id='line_1_62' title="bbox 949 2166 1660 2209; baseline -0.007 -7"><span class='ocrx_word' id='word_1_397' title='bbox 949 2171 1024 2202; x_wconf 78' lang='lat' dir='ltr'>edd.</span> <span class='ocrx_word' id='word_1_398' title='bbox 1056 2169 1214 2201; x_wconf 82' lang='lat' dir='ltr'>Davisius</span> <span class='ocrx_word' id='word_1_399' title='bbox 1245 2167 1392 2200; x_wconf 85' lang='lat' dir='ltr'>restituit</span> <span class='ocrx_word' id='word_1_400' title='bbox 1428 2169 1540 2206; x_wconf 81' lang='lat' dir='ltr'>solem,</span> <span class='ocrx_word' id='word_1_401' title='bbox 1567 2166 1660 2209; x_wconf 89' lang='lat' dir='ltr'>quod</span> 
     </span>
     <span class='ocr_line' id='line_1_63' title="bbox 949 2214 1249 2255; baseline -0.007 -9"><span class='ocrx_word' id='word_1_402' title='bbox 949 2215 1054 2255; x_wconf 77' lang='lat' dir='ltr'>vulgo</span> <span class='ocrx_word' id='word_1_403' title='bbox 1071 2214 1249 2245; x_wconf 89' lang='lat' dir='ltr'>omissum.</span> 
     </span>
    </p>

    <p class='ocr_par' dir='ltr' id='par_1_12' title="bbox 948 2252 1665 2565">
     <span class='ocr_line' id='line_1_64' title="bbox 998 2252 1664 2290; baseline -0.008 0"><span class='ocrx_word' id='word_1_404' title='bbox 998 2259 1148 2290; x_wconf 76' lang='lat' dir='ltr'>Castella</span> <span class='ocrx_word' id='word_1_405' title='bbox 1189 2257 1343 2289; x_wconf 84' lang='lat' dir='ltr'>XXIII.</span> <span class='ocrx_word' id='word_1_406' title='bbox 1406 2254 1510 2288; x_wconf 72' lang='lat' dir='ltr'>Ce‘sar</span> <span class='ocrx_word' id='word_1_407' title='bbox 1550 2252 1664 2286; x_wconf 55' lang='lat' dir='ltr'>&amp;abac</span> 
     </span>
     <span class='ocr_line' id='line_1_65' title="bbox 948 2298 1662 2343; baseline -0.007 -9"><span class='ocrx_word' id='word_1_408' title='bbox 948 2305 1042 2343; x_wconf 71' lang='lat' dir='ltr'>‘vr&#39;nyt</span> <span class='ocrx_word' id='word_1_409' title='bbox 1063 2308 1093 2334; x_wconf 81' lang='lat' dir='ltr'>et</span> <span class='ocrx_word' id='word_1_410' title='bbox 1113 2305 1192 2334; x_wconf 67' lang='lat' dir='ltr'>trois</span> <span class='ocrx_word' id='word_1_411' title='bbox 1215 2302 1369 2333; x_wconf 79' lang='lat' dir='ltr'>redoutes</span> <span class='ocrx_word' id='word_1_412' title='bbox 1385 2298 1519 2342; x_wconf 64' lang='lat' dir='ltr'>place‘es</span> <span class='ocrx_word' id='word_1_413' title='bbox 1536 2298 1577 2330; x_wconf 79' lang='lat' dir='ltr'>de</span> <span class='ocrx_word' id='word_1_414' title='bbox 1593 2299 1662 2329; x_wconf 66' lang='lat' dir='ltr'>dis-</span> 
     </span>
     <span class='ocr_line' id='line_1_66' title="bbox 949 2343 1664 2379; baseline -0.007 -1"><span class='ocrx_word' id='word_1_415' title='bbox 949 2352 1042 2379; x_wconf 79' lang='lat' dir='ltr'>tance</span> <span class='ocrx_word' id='word_1_416' title='bbox 1067 2357 1110 2378; x_wconf 75' lang='lat' dir='ltr'>en</span> <span class='ocrx_word' id='word_1_417' title='bbox 1135 2347 1284 2378; x_wconf 56' lang='lat' dir='ltr'>instance</span> <span class='ocrx_word' id='word_1_418' title='bbox 1306 2350 1431 2377; x_wconf 78' lang='lat' dir='ltr'>autour</span> <span class='ocrx_word' id='word_1_419' title='bbox 1451 2343 1492 2376; x_wconf 81' lang='lat' dir='ltr'>de</span> <span class='ocrx_word' id='word_1_420' title='bbox 1513 2345 1550 2375; x_wconf 81' lang='lat' dir='ltr'>la</span> <span class='ocrx_word' id='word_1_421' title='bbox 1570 2352 1664 2373; x_wconf 82' lang='lat' dir='ltr'>mon-</span> 
     </span>
     <span class='ocr_line' id='line_1_67' title="bbox 949 2388 1665 2433; baseline -0.01 -11"><span class='ocrx_word' id='word_1_422' title='bbox 949 2397 1050 2432; x_wconf 68' lang='lat' dir='ltr'>taqne</span> <span class='ocrx_word' id='word_1_423' title='bbox 1065 2401 1130 2433; x_wconf 79' lang='lat' dir='ltr'>que</span> <span class='ocrx_word' id='word_1_424' title='bbox 1145 2393 1190 2422; x_wconf 78' lang='lat' dir='ltr'>les</span> <span class='ocrx_word' id='word_1_425' title='bbox 1203 2396 1336 2431; x_wconf 73' lang='lat' dir='ltr'>troupex</span> <span class='ocrx_word' id='word_1_426' title='bbox 1351 2389 1392 2420; x_wconf 68' lang='lat' dir='ltr'>tle</span> <span class='ocrx_word' id='word_1_427' title='bbox 1413 2389 1441 2419; x_wconf 87' lang='lat' dir='ltr'><em>V</em></span> <span class='ocrx_word' id='word_1_428' title='bbox 1439 2388 1665 2429; x_wconf 68' lang='lat' dir='ltr'>ercinyemrioe</span> 
     </span>
     <span class='ocr_line' id='line_1_68' title="bbox 949 2429 1664 2476; baseline -0.008 -10"><span class='ocrx_word' id='word_1_429' title='bbox 949 2438 1077 2467; x_wconf 66' lang='lat' dir='ltr'>avaient</span> <span class='ocrx_word' id='word_1_430' title='bbox 1098 2433 1250 2476; x_wconf 67' lang='lat' dir='ltr'>occupe‘e.</span> <span class='ocrx_word' id='word_1_431' title='bbox 1296 2432 1528 2464; x_wconf 85' lang='lat' dir='ltr'>Guischardus</span> <span class='ocrx_word' id='word_1_432' title='bbox 1555 2429 1612 2468; x_wconf 88' lang='grc' dir='ltr'>(Τ.</span> <span class='ocrx_word' id='word_1_433' title='bbox 1631 2433 1664 2461; x_wconf 88' lang='lat'>4.</span> 
     </span>
     <span class='ocr_line' id='line_1_69' title="bbox 953 2473 1661 2520; baseline -0.008 -10"><span class='ocrx_word' id='word_1_434' title='bbox 953 2490 986 2520; x_wconf 90' lang='lat' dir='ltr'>p.</span> <span class='ocrx_word' id='word_1_435' title='bbox 1009 2481 1081 2512; x_wconf 83' lang='lat'>137.</span> <span class='ocrx_word' id='word_1_436' title='bbox 1107 2485 1140 2510; x_wconf 81' lang='lat' dir='ltr'>et</span> <span class='ocrx_word' id='word_1_437' title='bbox 1166 2478 1312 2510; x_wconf 63' lang='lat' dir='ltr'>Defense</span> <span class='ocrx_word' id='word_1_438' title='bbox 1340 2477 1400 2508; x_wconf 86' lang='lat' dir='ltr'>des</span> <span class='ocrx_word' id='word_1_439' title='bbox 1424 2475 1535 2507; x_wconf 72' lang='lat' dir='ltr'>Mem.</span> <span class='ocrx_word' id='word_1_440' title='bbox 1557 2473 1661 2506; x_wconf 86' lang='lat' dir='ltr'>milit.</span> 
     </span>
     <span class='ocr_line' id='line_1_70' title="bbox 952 2519 1618 2565; baseline -0.011 -10"><span class='ocrx_word' id='word_1_441' title='bbox 952 2534 985 2565; x_wconf 92' lang='lat' dir='ltr'>p.</span> <span class='ocrx_word' id='word_1_442' title='bbox 1003 2525 1094 2563; x_wconf 77' lang='lat'>495).</span> <span class='ocrx_word' id='word_1_443' title='bbox 1119 2522 1217 2555; x_wconf 84' lang='lat' dir='ltr'>Conf.</span> <span class='ocrx_word' id='word_1_444' title='bbox 1233 2523 1273 2553; x_wconf 87' lang='lat' dir='ltr'>de</span> <span class='ocrx_word' id='word_1_445' title='bbox 1292 2521 1331 2552; x_wconf 92' lang='lat' dir='ltr'>B.</span> <span class='ocrx_word' id='word_1_446' title='bbox 1349 2521 1425 2551; x_wconf 87' lang='lat' dir='ltr'>Civ.</span> <span class='ocrx_word' id='word_1_447' title='bbox 1442 2524 1472 2557; x_wconf 84' lang='lat'>3,</span> <span class='ocrx_word' id='word_1_448' title='bbox 1489 2521 1542 2549; x_wconf 81' lang='lat'>43.</span> <span class='ocrx_word' id='word_1_449' title='bbox 1567 2519 1618 2549; x_wconf 91' lang='grc' dir='ltr'>Μ.</span> 
     </span>
    </p>

    <p class='ocr_par' dir='ltr' id='par_1_13' title="bbox 952 2562 1667 2687">
     <span class='ocr_line' id='line_1_71' title="bbox 1001 2562 1667 2609; baseline -0.014 -9"><span class='ocrx_word' id='word_1_450' title='bbox 1001 2569 1122 2609; x_wconf 77' lang='lat' dir='ltr'>Nequa</span> <span class='ocrx_word' id='word_1_451' title='bbox 1152 2568 1225 2598; x_wconf 76' lang='lat' dir='ltr'>sub.</span> <span class='ocrx_word' id='word_1_452' title='bbox 1250 2568 1376 2606; x_wconf 79' lang='lat' dir='ltr'>eruptio</span> <span class='ocrx_word' id='word_1_453' title='bbox 1396 2565 1425 2605; x_wconf 80' lang='lat' dir='ltr'>f.</span> <span class='ocrx_word' id='word_1_454' title='bbox 1474 2562 1586 2603; x_wconf 82' lang='lat' dir='ltr'>Vulgo</span> <span class='ocrx_word' id='word_1_455' title='bbox 1611 2564 1667 2593; x_wconf 76' lang='lat' dir='ltr'>in-</span> 
     </span>
     <span class='ocr_line' id='line_1_72' title="bbox 952 2606 1665 2653; baseline -0.01 -10"><span class='ocrx_word' id='word_1_456' title='bbox 952 2614 1073 2653; x_wconf 74' lang='lat' dir='ltr'>ruptio.</span> <span class='ocrx_word' id='word_1_457' title='bbox 1123 2610 1286 2642; x_wconf 86' lang='lat' dir='ltr'>Restituit</span> <span class='ocrx_word' id='word_1_458' title='bbox 1313 2610 1429 2640; x_wconf 84' lang='lat' dir='ltr'>locum</span> <span class='ocrx_word' id='word_1_459' title='bbox 1456 2606 1620 2638; x_wconf 82' lang='lat' dir='ltr'>Davisius</span> <span class='ocrx_word' id='word_1_460' title='bbox 1644 2616 1665 2637; x_wconf 85' lang='lat' dir='ltr'>e</span> 
     </span>
     <span class='ocr_line' id='line_1_73' title="bbox 953 2657 1280 2687; baseline -0.006 0"><span class='ocrx_word' id='word_1_461' title='bbox 953 2657 1054 2687; x_wconf 89' lang='lat' dir='ltr'>codd.</span> <span class='ocrx_word' id='word_1_462' title='bbox 1071 2661 1103 2687; x_wconf 87' lang='lat' dir='ltr'>et</span> <span class='ocrx_word' id='word_1_463' title='bbox 1118 2657 1195 2687; x_wconf 87' lang='lat' dir='ltr'>edd.</span> <span class='ocrx_word' id='word_1_464' title='bbox 1213 2660 1280 2686; x_wconf 87' lang='lat' dir='ltr'>vet.</span> 
     </span>
    </p>

    <p class='ocr_par' dir='ltr' id='par_1_14' title="bbox 954 2694 1667 2828">
     <span class='ocr_line' id='line_1_74' title="bbox 1002 2694 1667 2735; baseline -0.011 -3"><span class='ocrx_word' id='word_1_465' title='bbox 1002 2701 1235 2732; x_wconf 63' lang='lat' dir='ltr'>Inter-missam</span> <span class='ocrx_word' id='word_1_466' title='bbox 1251 2698 1402 2735; x_wconf 71' lang='lat' dir='ltr'>callibus,</span> <span class='ocrx_word' id='word_1_467' title='bbox 1419 2695 1564 2728; x_wconf 86' lang='lat' dir='ltr'>mediam</span> <span class='ocrx_word' id='word_1_468' title='bbox 1580 2694 1667 2726; x_wconf 87' lang='lat' dir='ltr'>inter</span> 
     </span>
     <span class='ocr_line' id='line_1_75' title="bbox 954 2739 1667 2782; baseline -0.007 -7"><span class='ocrx_word' id='word_1_469' title='bbox 954 2744 1074 2782; x_wconf 89' lang='lat' dir='ltr'>colles,</span> <span class='ocrx_word' id='word_1_470' title='bbox 1087 2754 1229 2775; x_wconf 84' lang='lat' dir='ltr'>vacuam</span> <span class='ocrx_word' id='word_1_471' title='bbox 1242 2742 1347 2780; x_wconf 86' lang='lat' dir='ltr'>colle,</span> <span class='ocrx_word' id='word_1_472' title='bbox 1360 2751 1427 2772; x_wconf 89' lang='lat' dir='ltr'>non</span> <span class='ocrx_word' id='word_1_473' title='bbox 1439 2747 1562 2772; x_wconf 89' lang='lat' dir='ltr'>tectam</span> <span class='ocrx_word' id='word_1_474' title='bbox 1575 2739 1667 2770; x_wconf 87' lang='lat' dir='ltr'>colle</span> 
     </span>
     <span class='ocr_line' id='line_1_76' title="bbox 955 2785 1377 2828; baseline -0.012 -8"><span class='ocrx_word' id='word_1_475' title='bbox 955 2788 1085 2828; x_wconf 82' lang='lat' dir='ltr'>aliqu0.</span> <span class='ocrx_word' id='word_1_476' title='bbox 1132 2787 1182 2818; x_wconf 76' lang='lat' dir='ltr'>Cf.</span> <span class='ocrx_word' id='word_1_477' title='bbox 1201 2798 1233 2818; x_wconf 88' lang='lat' dir='ltr'>c.</span> <span class='ocrx_word' id='word_1_478' title='bbox 1253 2788 1301 2816; x_wconf 83' lang='lat'>17.</span> <span class='ocrx_word' id='word_1_479' title='bbox 1327 2785 1377 2816; x_wconf 88' lang='lat' dir='ltr'>M.</span> 
     </span>
    </p>

    <p class='ocr_par' dir='ltr' id='par_1_15' title="bbox 957 2827 1667 2917">
     <span class='ocr_line' id='line_1_77' title="bbox 1003 2827 1667 2872; baseline -0.008 -8"><span class='ocrx_word' id='word_1_480' title='bbox 1003 2832 1073 2864; x_wconf 89' lang='lat' dir='ltr'>III</span> <span class='ocrx_word' id='word_1_481' title='bbox 1100 2833 1197 2863; x_wconf 75' lang='lat' dir='ltr'>milia</span> <span class='ocrx_word' id='word_1_482' title='bbox 1223 2839 1315 2872; x_wconf 65' lang='lat' dir='ltr'>pass.</span> <span class='ocrx_word' id='word_1_483' title='bbox 1348 2828 1408 2860; x_wconf 90' lang='lat' dir='ltr'>alii</span> <span class='ocrx_word' id='word_1_484' title='bbox 1431 2829 1566 2860; x_wconf 76' lang='lat' dir='ltr'>milium</span> <span class='ocrx_word' id='word_1_485' title='bbox 1589 2827 1667 2859; x_wconf 86' lang='lat' dir='ltr'>scil.</span> 
     </span>
     <span class='ocr_line' id='line_1_78' title="bbox 957 2876 1118 2917; baseline -0.019 -9"><span class='ocrx_word' id='word_1_486' title='bbox 957 2876 1118 2917; x_wconf 77' lang='lat' dir='ltr'>spatium.</span> 
     </span>
    </p>

    <p class='ocr_par' dir='ltr' id='par_1_16' title="bbox 957 2915 1668 2996">
     <span class='ocr_line' id='line_1_79' title="bbox 1005 2915 1668 2960; baseline -0.003 -9"><span class='ocrx_word' id='word_1_487' title='bbox 1005 2922 1048 2951; x_wconf 77' lang='lat' dir='ltr'>In</span> <span class='ocrx_word' id='word_1_488' title='bbox 1068 2919 1324 2960; x_wconf 64' lang='lat' dir='ltr'>lonssv&#39;taeulinem.</span> <span class='ocrx_word' id='word_1_489' title='bbox 1371 2919 1504 2951; x_wconf 84' lang='lat' dir='ltr'>Desunt</span> <span class='ocrx_word' id='word_1_490' title='bbox 1532 2916 1603 2949; x_wconf 84' lang='lat' dir='ltr'>haec</span> <span class='ocrx_word' id='word_1_491' title='bbox 1633 2915 1668 2949; x_wconf 87' lang='lat' dir='ltr'>in</span> 
     </span>
     <span class='ocr_line' id='line_1_80' title="bbox 957 2963 1256 2996; baseline -0.01 0"><span class='ocrx_word' id='word_1_492' title='bbox 957 2965 1055 2996; x_wconf 81' lang='lat' dir='ltr'>codd.</span> <span class='ocrx_word' id='word_1_493' title='bbox 1072 2963 1256 2996; x_wconf 84' lang='lat' dir='ltr'>nonnullis.</span> 
     </span>
    </p>
   </div>
  </div>
 </body>
</html>
