1946 3261
685 165 802 211 LIB.
837 166 898 210 ΙΙ.
963 168 1100 211 CAP.
1133 166 1323 211 *ze-29.
1704 168 1761 211 57

272 294 382 339 vatis
394 293 691 346 cadaveribus,
708 296 786 354 qui
804 303 1091 355 superessent,
1111 303 1161 338 ut
1173 311 1226 338 ex
1238 294 1426 346 tumulo,
1438 294 1526 339 tela
1536 293 1579 339 in
1591 302 1763 340 nostros

271 356 534 413 conjicerent
569 364 614 397 et
647 355 735 414 pila
768 356 1012 414 intercepta
1044 355 1339 398 remitterent:
1385 364 1436 398 ut
1466 371 1552 398 non
1579 355 1761 413 nequid-

271 429 404 472 quam
425 422 556 457 tantae
573 415 749 457 virtutis
764 414 954 458 homines
970 412 1154 472 judicari
1171 413 1355 457 deberet
1372 431 1496 458 ausos
1515 431 1603 457 esse
1624 423 1761 458 trans-

270 473 334 515 ire
356 473 607 516 latissimum
628 473 803 523 flumen,
835 471 1097 516 adscendere
1117 472 1342 515 altissimas
1361 474 1493 532 ripas,
1515 474 1662 517 subire
1683 474 1761 516 ini-

269 533 521 589 quissimum
537 532 704 574 locum:
738 549 835 590 quae
854 533 995 575 facilia
1011 547 1064 573 ex
1082 530 1343 573 difficillimis
1359 533 1487 575 animi
1504 533 1762 591 magnitudo

269 590 517 648 redegerat.

329 650 401 691 28.
438 649 538 691 Hoc
560 649 718 707 proelio
740 648 855 693 facto
888 657 932 691 et
962 665 1102 708 prope
1124 648 1180 691 ad
1203 648 1538 692 internecionem
1559 660 1689 710 gente
1710 669 1763 695 ac

215 739 219 743 .
269 711 442 751 nomine
478 708 746 750 Nerviorum
780 708 975 758 redacto,
1012 709 1194 766 majores
1233 716 1355 758 natu,
1393 724 1503 765 quos
1543 726 1628 753 una
1663 728 1764 755 cum

273 768 418 825 pueris
436 767 780 824 mulieribusque
802 769 844 809 in
865 768 1063 810 ‘aestuaria
1083 783 1132 809 ac
1153 766 1337 826 paludes
1357 767 1575 811 conlectos
1594 769 1764 814 dixera-

269 840 379 875 mus,
413 825 492 868 hac
520 841 669 885 pugna
690 828 908 876 nunciata,
938 842 1075 885 quum
1098 827 1339 870 victoribus
1367 826 1473 869 nihil
1500 828 1761 886 inpeditum,

268 885 393 927 victis
412 885 517 927 nihil
536 894 682 927 tutum
700 886 1036 935 arbitrarentur,
1055 886 1262 937 omnium,
1280 886 1356 943 qui
1372 896 1647 944 supererant,
1665 905 1765 931 con-

268 960 393 987 sensu
419 944 587 1003 legatos
615 943 670 986 ad
696 945 907 988 Caesarem
927 946 1137 988 miserunt
1157 961 1288 1003 seque
1309 945 1347 987 ei
1368 945 1635 989 dediderunt
1656 956 1702 990 et
1723 948 1767 991 in

269 1003 647 1046 commemoranda
667 1005 853 1047 civitatis
874 1004 1120 1047 calamitate
1150 1021 1204 1047 ex
1236 1004 1320 1048 DC
1352 1005 1407 1047 ad
1433 1004 1500 1047 ΙΙΙ
1531 1014 1766 1057 senatores,

269 1078 324 1105 ex
345 1062 566 1105 hominum
601 1063 775 1105 milibus
799 1064 877 1106 LX
899 1064 971 1105 vix
1005 1064 1060 1106 ad
1095 1065 1155 1113 D,
1187 1064 1263 1121 qui
1292 1080 1413 1107 arma
1434 1064 1549 1108 ferre
1573 1075 1763 1124 possent,

270 1138 358 1164 sese
385 1121 587 1165 redactos
621 1139 707 1164 esse
741 1122 961 1165 dixerunt.
1029 1124 1149 1173 Quos
1172 1123 1333 1173 Caesar,
1366 1132 1416 1166 ut
1450 1124 1491 1167 in
1518 1125 1694 1169 miseros
1713 1142 1766 1169 ac

270 1180 489 1239 supplices
522 1198 621 1223 usus
655 1182 945 1225 misericordia
968 1182 1210 1240 videretur,
1240 1183 1566 1241 diligentissime
1597 1201 1766 1228 conser-

270 1241 405 1289 vavit,
440 1241 611 1298 suisque
634 1240 791 1283 finibus
809 1250 942 1299 atque
965 1258 989 1284 o
1008 1242 1138 1300 indis
1161 1242 1226 1284 uti
1251 1243 1377 1301 jussit
1398 1251 1443 1285 et
1463 1242 1669 1286 finitumis
1690 1244 1766 1288 im-

271 1300 461 1357 peravit,
482 1308 532 1341 ut
549 1300 606 1342 ab
625 1300 782 1357 injuria
800 1310 845 1342 et
866 1258 1076 1343 malelicio
1098 1318 1140 1343 sc
1161 1317 1347 1360 suosque
1370 1302 1673 1360 prohiberent.

331 1358 403 1400 29.
438 1358 677 1407 Aduatuci,
708 1358 763 1400 de
786 1360 946 1415 quibus
965 1376 1098 1418 supra
1118 1361 1379 1419 scripsimuS,
1407 1377 1544 1418 quum
1566 1362 1768 1406 omnibus

271 1416 406 1475 copiis
427 1416 588 1460 auxilio
611 1418 786 1460 Nerviis
802 1419 1016 1468 venirent,
1037 1419 1114 1461 hac
1132 1435 1280 1477 pugna
1301 1421 1519 1469 nunciata,
1537 1437 1590 1463 ex
1612 1422 1767 1465 itinere

270 1475 449 1519 domum
468 1485 766 1524 reverterunt3
799 1478 966 1519 cunctis
987 1477 1161 1536 oppidis
1182 1478 1455 1536 castellisque
1475 1479 1673 1531 desertis,
1691 1498 1770 1524 sua

270 1535 412 1577 omnia
439 1535 481 1578 iu
505 1551 638 1587 unum
661 1535 892 1593 oppidum,
932 1537 1107 1593 egregie
1129 1546 1286 1580 natura
1307 1538 1539 1588 munitum,
1574 1540 1769 1583 contule-

271 1602 390 1636 runt.
456 1593 586 1642 Quod
607 1609 743 1651 quum
764 1610 816 1635 ex
835 1594 1034 1636 omnibus
1054 1596 1095 1636 in
1116 1595 1302 1638 circuitu
1323 1596 1525 1654 partibus
1540 1595 1770 1642 altissimus

270 1668 401 1710 rupes
436 1652 509 1695 des
545 1661 752 1710 ectusque
791 1652 989 1702 haberet,
1028 1670 1113 1696 una
1150 1670 1204 1696 ex
1243 1663 1369 1713 parte
1406 1654 1561 1699 leniter
1597 1657 1772 1701 accliVis

211 1757 216 1763 ,
268 1711 430 1761 aditus,
448 1711 492 1754 in
510 1669 785 1754 latitudinem
804 1728 887 1754 non
907 1712 1091 1771 amplius
1114 1713 1192 1755 CC
1214 1713 1394 1772 pedum,
1412 1714 1769 1772 relinquebatur:

270 1786 399 1828 quem
433 1770 580 1814 locum
613 1770 779 1828 duplici
811 1771 1017 1814 altissimo
1050 1788 1176 1814 muro
1209 1773 1476 1822 munierant:
1510 1782 1604 1817 tum
1626 1777 1772 1834 magni

270 1830 473 1888 ponderis
493 1846 592 1873 saxa
615 1838 659 1871 et
682 1839 922 1887 prfeacutas
944 1831 1090 1872 trabes
1113 1832 1151 1873 in
1176 1847 1302 1873 muro
1324 1832 1616 1876 conlocarant.
1680 1834 1768 1893 Ipsi

19 3155 22 3175 .„
19 2979 29 3134 2-.-ssn—
23 2912 29 2958 »A«
25 2864 29 2899 ..-

316 1946 470 1978 .Iudicavi
485 1946 613 1978 deberet
637 1956 735 1978 ausos
754 1956 831 1977 esse.
880 1946 986 1987 Lege-

272 1989 371 2021 batur
384 1991 551 2022 deberent.
581 1992 684 2022 Ant-sas
702 2001 778 2021 esse.
801 1991 892 2031 quod
910 1991 986 2022 Ho-

269 2039 355 2065 tom.
380 2035 521 2075 putabat
547 2034 676 2065 dictum
701 2045 760 2075 per
784 2034 985 2066 admiratio-

272 2088 362 2117 nem,
378 2084 415 2109 ut
430 2079 522 2120 apud
537 2078 612 2109 Cic.
632 2090 693 2120 pro
712 2078 788 2110 Sex.
806 2079 934 2110 Roscio
952 2090 983 2109 c.

272 2126 326 2154 23.
373 2122 520 2155 Faernus
549 2123 761 2163 conjectabat
791 2125 867 2154 ans-et
897 2125 984 2165 qusul

269 2172 386 2198 essem.
417 2167 457 2198 G.
482 2167 644 2198 (famei-us
667 2167 816 2199 Novam.
840 2167 934 2200 Lect.
953 2171 984 2205 2,

273 2214 327 2242 98.
344 2211 448 2245 dedit.
462 2213 555 2252 quod
571 2222 658 2243 nunc
676 2211 812 2246 lcffilur.

319 2256 371 2287 Ad
399 2258 667 2288 internecinnmn.
715 2256 918 2287 Plu-„archus
949 2255 983 2286 in

271 2299 359 2330 Caes.
376 2303 430 2332 20.
448 2311 514 2332 non
531 2299 598 2331 nisi
615 2299 820 2341 quingentos
837 2299 984 2331 evasisse

271 2343 383 2374 refert.
408 2345 459 2375 M.

320 2389 540 2420 Dimeramns.
571 2388 642 2419 vid.
669 2399 744 2430 cap.
773 2390 823 2419 16.
852 2388 985 2419 [Estua-

273 2431 359 2463 rium
376 2432 514 2466 dicitur.
540 2444 618 2463 cum
641 2443 801 2467 oceanus,
826 2444 860 2463 sc·
877 2432 986 2463 effun-

274 2477 356 2506 dens
381 2475 414 2507 in
436 2476 525 2508 ostia
542 2477 706 2515 fluminis,
733 2478 841 2508 lacum
868 2476 984 2513 eflicit,

272 2519 333 2561 qui
346 2520 485 2551 eosdem
501 2531 579 2552 culn
589 2533 718 2553 oceano
734 2521 860 2563 patitur
873 2528 986 2554 aestus.

274 2565 345 2595 i.e.
364 2564 491 2595 fluxum
517 2571 549 2596 et
574 2566 752 2597 refluxum.
800 2566 883 2596 Ilaec
909 2571 985 2596 sunt

273 2608 379 2639 verba
403 2608 599 2641 Casauboni
627 2611 669 2640 ad
699 2610 856 2641 Strabon.
884 2611 915 2648 4,
949 2621 984 2651 p.

277 2654 350 2685 190.
366 2651 573 2694 quibuscum
585 2653 763 2685 Plinianus
777 2655 873 2684 locus
885 2653 984 2694 epist.

272 2700 306 2735 9,
323 2701 376 2728 33.
392 2696 540 2728 conferri
557 2704 679 2738 potest,
692 2704 722 2728 et
735 2697 846 2728 Taciti
862 2698 984 2730 Annal.

270 2745 303 2779 2.
321 2744 353 2771 8.
405 2741 553 2772 Verbum
571 2748 603 2773 ct
621 2741 704 2772 infra
724 2745 755 2779 3,
777 2743 796 2771 9
822 2742 981 2774 occurrit.

270 2786 320 2816 M.
369 2785 463 2816 Loco
489 2785 541 2815 τοῦ
565 2787 721 2817 ronlerlns
746 2786 918 2817 Drakenb.
939 2787 982 2817 ad

268 2829 330 2860 Sil.
352 2832 402 2868 17,
420 2834 474 2861 2353.
502 2830 581 2871 legi*
600 2833 769 2869 conjector.
795 2830 883 2861 idem
900 2841 982 2862 con-

260 2874 390 2915 jecerat
420 2874 606 2915 Glandorp.
652 2874 709 2905 Sic
742 2879 775 2905 et
807 2874 982 2913 Dayisius,

265 2918 325 2958 qui
358 2919 446 2950 male
478 2924 643 2960 provocat
673 2918 715 2949 ad
745 2919 820 2950 cod.
850 2919 979 2951 Lovan.

264 2961 371 3004 Supra
395 2974 426 2996 c.
448 2964 499 3000 26.
524 2963 649 3005 legitur
673 2962 777 2998 etiam
798 2966 978 3006 conjeccsse.

1055 1947 1181 1978 Verum
1200 1946 1256 1978 hic
1275 1947 1375 1978 codd.
1394 1952 1427 1978 et
1442 1948 1518 1979 cdd.
1536 1953 1602 1979 vet.
1620 1958 1760 1980 consen-

1047 1991 1130 2022 tium
1152 1991 1184 2022 in
1203 1992 1356 2033 vulgato.

1097 2046 1319 2086 Smper-erant.
1364 2045 1449 2077 Cod.
1479 2045 1594 2077 Vossii
1622 2057 1765 2088 supera-

1052 2094 1138 2119 runt.
1163 2095 1199 2120 ut
1213 2091 1306 2130 apud
1326 2089 1421 2131 Virg.
1440 2091 1516 2121 AEn.
1534 2091 1565 2120 3.
1583 2092 1659 2122 339.

1102 2142 1154 2171 [εἴη
1172 2143 1240 2173 DC
1253 2142 1298 2173 tul
1316 2143 1386 2173 III
1400 2153 1470 2173 sen.
1517 2142 1688 2175 Cellarius
1701 2143 1765 2175 CD

1050 2184 1176 2225 edidit3
1213 2186 1293 2227 quia
1332 2197 1490 2218 numerus
1525 2194 1762 2220 sexcentorum

1051 2229 1178 2261 nimius
1193 2235 1254 2267 est,
1277 2236 1312 2261 ct
1328 2231 1503 2262 Plutarch.
1519 2231 1553 2262 in
1569 2231 1655 2263 Caes.
1671 2243 1702 2263 c.
1720 2236 1763 2264 ‘20

1050 2273 1164 2311 tradit,
1203 2286 1221 2305 e
1255 2274 1513 2317 quadringentis
1547 2276 1764 2308 senatoribus

1050 2323 1117 2349 tres
1133 2329 1206 2350 csse
1221 2326 1379 2351 servatos.
1425 2319 1488 2351 Sed
1505 2320 1605 2351 illum
1617 2321 1764 2352 alterum

1052 2372 1228 2394 numerum
1254 2373 1322 2394 non
1351 2364 1456 2395 modo
1484 2365 1584 2395 codd.
1607 2364 1761 2404 Caesaris,

1052 2407 1109 2437 sm!
1132 2414 1163 2438 et
1191 2408 1360 2449 metaphr.
1375 2408 1431 2439 Gr.
1447 2414 1480 2439 ct
1497 2409 1568 2440 Jul.
1585 2408 1704 2440 Celsus
1729 2415 1763 2441 et

1051 2451 1260 2491 epitomator
1291 2451 1381 2484 Livii
1415 2451 1477 2484 lib.
1511 2455 1584 2484 101.
1615 2459 1761 2484 servant.

1052 2495 1128 2527 Non
1147 2496 1230 2528 tanti
1246 2502 1308 2537 est,
1326 2496 1380 2528 his
1398 2495 1588 2534 immorari,
1601 2507 1661 2528 nec
1680 2497 1762 2529 licet

1049 2539 1182 2582 aliquid
1209 2547 1351 2579 mutare,
1379 2541 1460 2583 quia
1489 2540 1590 2572 nobis
1617 2541 1762 2575 nimium

1048 2584 1191 2617 videtur.
1216 2587 1265 2617 M.

1097 2639 1225 2678 Supra.
1249 2647 1325 2679 cap.
1346 2639 1396 2667 16.
1421 2637 1472 2668 M.

1098 2691 1176 2721 Hae
1188 2701 1309 2731 quna
1326 2701 1425 2721 nime.
1462 2689 1654 2723 Pronomen
1669 2692 1764 2733 glos-

1050 2745 1118 2765 sam
1137 2734 1352 2775 sapitjudice
1367 2735 1522 2766 Grutero.

1099 2787 1141 2816 In
1170 2796 1278 2816 unum
1306 2787 1477 2827 oppidum.
1535 2787 1570 2818 Id
1598 2788 1762 2823 Namurci

1049 2841 1162 2862 arcem
1187 2830 1288 2871 vulgo
1313 2830 1417 2862 fuisse
1443 2831 1561 2863 volunt
1582 2843 1660 2865 cum
1678 2835 1759 2867 San-

1048 2885 1148 2913 sone3
1174 2874 1392 2906 D'Anvillius
1403 2874 1436 2906 in
1447 2875 1527 2907 Not.
1541 2877 1627 2908 dela
1639 2879 1759 2919 Gaule,

1050 2931 1083 2961 p.
1103 2923 1154 2950 34.
1181 2919 1295 2959 potius
1320 2919 1358 2950 in
1370 2920 1472 2957 colle,
1495 2920 1552 2952 cui
1572 2920 1759 2964 inpositum

1048 2970 1097 2995 est
1115 2965 1244 3001 Falae's,
1263 2962 1366 2998 situm
1381 2964 1485 2998 fuisse
1500 2966 1702 3008 suspicatur.
