1946 3261
527 211 644 256 LIB.
679 210 741 256 II.
803 210 942 255 CAP.
973 208 1165 253 39—41.
1509 204 1597 251 339

169 338 240 382 40.
275 340 304 383 J
309 339 409 390 uba,
428 340 590 383 certior
611 341 751 383 factus
771 357 796 383 a
817 340 987 384 Sabura
1004 339 1059 383 cle
1079 345 1292 382 nocturno
1312 334 1485 395 proelio,
1505 333 1594 378 duo

109 397 226 441 milia
251 399 547 458 Hispanorum
581 408 625 443 et
659 401 890 444 Gallorum
911 399 1124 457 equitum,
1155 414 1264 455 quos
1283 413 1369 440 suae
1388 394 1596 439 custodiae

109 473 255 501 caussa
276 459 439 502 circum
461 476 502 502 se
525 459 684 502 habere
706 467 949 508 consuerat,
987 467 1031 500 et
1065 457 1264 516 peditum
1292 472 1385 499 eam
1407 463 1593 514 partem,

111 518 181 560 cui
203 519 385 562 maxime
413 518 676 568 confidebat,
704 520 884 562 Saburae
915 517 1154 560 submittit:
1189 516 1278 573 ipse
1299 531 1398 558 cum
1418 514 1598 572 reliquis

107 577 241 635 copiis
259 577 589 636 elephantisque
607 579 830 636 sexaginta
847 578 1005 620 lentius
1020 575 1322 633 subsequitur,
1339 574 1597 632 suspicatus,

108 636 334 694 praemissis
353 637 589 693 equitibUS‚
612 638 753 695 ipsum
776 637 929 681 adfore
954 636 1205 679 Curionem.
1261 634 1433 677 Sabura
1453 633 1598 691 copias

107 695 305 751 equitum
326 696 609 753 peditumque
647 697 825 739 instruit
855 705 989 754 atque
1021 695 1084 738 his
1113 695 1316 752 imperat,
1347 700 1397 734 ut
1422 692 1594 735 simula-

106 753 223 796 tione
244 754 410 796 timoris
428 754 657 810 paullatim
670 754 841 806 cedant,
860 772 909 798 ac
927 754 1083 813 pedem
1100 754 1312 798 referant:
1338 767 1442 801 sese,
1458 765 1597 808 quum

107 828 215 870 opus
236 821 361 862 esset,
395 811 566 869 signum
604 812 749 868 proelii
778 810 986 857 daturum
1007 823 1068 865 et,
1098 812 1219 872 quod
1252 828 1344 855 rem
1372 810 1598 869 postulare

104 871 393 930 cognovisset,
424 871 756 928 imperaturum.
823 871 975 920 Curio,
1005 873 1062 915 ad
1082 872 1358 927 superiorum
1383 885 1503 927 spem
1525 867 1598 910 ad-

103 930 197 973 dita
239 929 460 988 praesentis
494 928 699 986 temporis
731 928 949 987 opinione,
987 928 1130 971 hostes
1158 928 1598 985 fugerem-bimatus,

105 989 251 1047 copias
273 1006 326 1032 ex
348 989 452 1032 locis
468 988 764 1046 superioribus
785 988 828 1031 in
850 988 1052 1046 campum
1073 985 1268 1030 deducit.

165 1049 236 1090 41.
273 1048 444 1098 Quibus
479 1064 532 1090 ex
553 1047 656 1090 locis
690 1063 824 1104 quum
860 1047 1030 1105 longius
1064 1055 1175 1089 esset
1203 1062 1474 1105 progressus,
1497 1060 1598 1088 con-

105 1108 222 1150 fecto
256 1108 346 1165 jam
375 1107 524 1150 labore
553 1107 767 1156 exercitu,
798 1106 984 1149 sedecim
1017 1106 1185 1148 milium
1218 1105 1359 1165 spatio
1390 1104 1600 1147 constitit.

108 1166 198 1210 Dat
218 1167 303 1209 suis
321 1167 492 1225 signum
512 1167 700 1214 Sabura,
722 1165 859 1209 aciem
876 1165 1101 1208 constituit
1117 1174 1163 1208 et
1179 1165 1407 1208 circumire
1426 1163 1600 1207 ordines

105 1234 238 1283 atque
272 1226 438 1269 hortari
470 1225 644 1284 incipit;
676 1225 751 1268 sed
775 1225 978 1284 peditatu
997 1225 1213 1268 duntaxat
1248 1223 1403 1284 procul
1429 1223 1484 1266 ad
1503 1239 1601 1282 spe-

105 1284 215 1328 ciem
253 1286 413 1336 utitur,
450 1285 618 1343 equites
657 1285 700 1327 in
735 1286 870 1328 aciem
908 1284 1063 1327 mittit.
1127 1285 1230 1328 Non
1264 1284 1384 1327 deest
1420 1282 1600 1341 negotio

107 1344 247 1387 Curio
267 1361 452 1402 suosque
470 1344 690 1394 hortatur,
711 1354 761 1386 ut
782 1360 903 1402 spem
923 1359 1093 1386 omnem
1109 1343 1153 1386 in
1173 1344 1339 1386 virtute
1358 1349 1598 1400 reponant:

105 1418 159 1445 ne
187 1403 398 1446 militibus
420 1404 612 1460 quidem,
647 1412 696 1445 ut
718 1403 906 1453 defessis,
941 1418 1082 1460 neque
1104 1402 1343 1460 equitibus,
1377 1412 1427 1444 ut
1450 1401 1600 1459 paucis

105 1470 151 1504 et
170 1463 321 1505 labore
340 1463 564 1513 confectis,
583 1463 777 1506 studium
795 1462 850 1504 ad
870 1462 1156 1521 pugnandum
1174 1462 1402 1519 virtusque
1422 1460 1598 1503 deerat:

106 1522 182 1564 sed
211 1522 239 1563 ii
274 1530 397 1564 erant
426 1538 603 1565 numero
633 1523 826 1572 ducenti,
860 1521 1018 1580 reliqui
1049 1523 1092 1564 in
1124 1520 1598 1567 itineresubstiterant.

110 1580 171 1623 Hi
210 1597 530 1639 quamcumque
563 1582 606 1624 in
641 1590 809 1639 partem
842 1581 1041 1638 inpetum
1076 1580 1284 1630 fecerant,
1323 1579 1466 1622 hostes
1500 1578 1599 1621 loco

106 1639 259 1682 cedere
282 1641 519 1697 cogebant;
552 1641 626 1683 sed
648 1656 786 1698 neque
809 1640 981 1697 longius
1015 1639 1232 1697 fugientes
1266 1637 1488 1697 prosequi,
1520 1652 1600 1679 nec

105 1698 404 1741 vehementius
425 1715 559 1757 equos
580 1700 775 1749 incitare,
798 1707 1018 1757 poterant.
1083 1699 1146 1742 At
1168 1699 1390 1758 equitatus
1410 1696 1600 1739 hostium

105 1758 161 1800 ab
185 1767 375 1816 utroque
413 1775 548 1802 cornu
578 1759 808 1801 circumire
846 1759 981 1801 aciem
1013 1767 1204 1802 nostram
1238 1766 1282 1800 et
1306 1773 1478 1800 aversos
1499 1770 1603 1813 pro-

79 1836 83 1841 ·
105 1825 248 1860 terere
271 1818 438 1876 incipit.
503 1819 654 1868 Quum
683 1817 880 1860 cohortes
905 1834 958 1861 ex
978 1819 1067 1861 acie
1090 1818 1479 1877 procucurrissent,
1505 1815 1602 1857 Nu-

105 1876 233 1919 midae
265 1876 425 1935 integri
451 1877 672 1920 celeritate
696 1877 894 1935 inpetum
917 1884 1165 1916 nostrorum
1186 1876 1471 1931 effugiebant,
1503 1889 1602 1916 rur-

105 1952 262 1994 susque
297 1935 352 1978 ad
386 1936 556 1979 ordines
577 1953 677 1980 suos
709 1953 751 1977 se
774 1933 1029 1991 recipientes
1054 1933 1344 1975 circumibant
1365 1940 1409 1974 et
1429 1931 1487 1974 ab
1508 1932 1601 1974 acie

107 1993 415 2038 excludebant.
480 1996 552 2036 Sic
584 2010 725 2052 neque
757 1993 800 2035 in
823 1993 918 2035 loco
938 2008 1112 2034 manere
1133 1991 1390 2048 ordinesque
1411 2006 1600 2041 servare,

106 2069 246 2110 neque
265 2068 521 2111 procurrere
535 2061 580 2095 et
597 2068 739 2095 casum
755 2052 917 2101 subire,
936 2059 1081 2094 tutum
1098 2051 1346 2093 videbatur.
1394 2049 1603 2093 Hostium

107 2112 257 2170 copiae,
280 2111 497 2154 submissis
517 2112 574 2154 ab
597 2128 696 2169 rege
719 2111 905 2160 auxiliis,
928 2111 1082 2153 crebro
1101 2111 1395 2168 augebantur:
1431 2117 1602 2152 nostros

108 2172 220 2214 vires
239 2171 487 2213 lassitudine
509 2169 786 2214 deficiebant:
822 2170 947 2212 simul
965 2169 1010 2219 ii,
1033 2169 1107 2226 qui
1124 2169 1309 2211 vulnera
1325 2178 1601 2228 acceperant,

108 2245 247 2287 neque
269 2230 358 2272 acie
379 2229 603 2280 excedere,
636 2246 776 2287 neque
803 2229 847 2271 in
869 2229 1012 2271 locum
1035 2236 1180 2271 tutum
1202 2228 1358 2271 referri
1380 2236 1602 2287 poterant,

110 2289 230 2346 quod
252 2297 344 2331 tota
366 2290 476 2331 acies
498 2290 701 2347 equitatu
723 2288 908 2330 hostium
931 2287 1200 2330 circumdata
1220 2288 1470 2331 tenebatur.
1522 2287 1600 2338 Hi,

110 2349 167 2390 de
189 2364 264 2391 sua
285 2349 422 2390 salute
443 2348 739 2407 desperantes,
772 2355 821 2389 ut
853 2355 1048 2390 extremo
1069 2347 1170 2390 vitae
1191 2356 1388 2406 tempore
1410 2346 1603 2390 homines

111 2408 253 2451 facere
295 2417 575 2458 consuerunt,
614 2416 692 2451 aut
738 2423 859 2450 suam
906 2415 1093 2450 mortem
1142 2407 1477 2457 miserabantur,
1525 2413 1604 2448 aut

115 2549 157 2570 eo
185 2535 311 2579 arguit,
339 2537 430 2579 quod
455 2541 654 2580 tempestate
683 2534 823 2574 fervida,
939 2537 1148 2580 Imperat,ut
1161 2538 1385 2570 simulatione.
1421 2536 1499 2568 Hoc
1513 2533 1602 2578 Regi

116 2593 177 2624 per
192 2593 350 2613 arenosas
373 2581 551 2623 aridasque
570 2582 737 2623 regiones,
754 2585 825 2611 tor·
895 2580 993 2613 Jubae
1010 2581 1130 2614 tribuit
1146 2580 1326 2613 Frontinus
1342 2584 1375 2620 2,
1392 2583 1424 2612 5.

115 2626 269 2659 rentibus
284 2626 478 2664 exsiccatis,
494 2627 646 2668 Bagrada
661 2636 741 2656 vero
762 2624 826 2655 flu-
940 2627 992 2658 Ηί
1007 2637 1140 2667 quamc-
1184 2625 1251 2657 Alii
1271 2627 1346 2660 Qui.

118 2670 210 2702 mine
237 2671 280 2702 ab
301 2670 457 2702 hostibus
481 2676 662 2712 occupato,
686 2670 727 2700 ad
745 2669 826 2699 hos·
938 2671 1089 2708 Areo-sos,
1103 2682 1122 2702 a
1139 2676 1222 2712 terg.
1246 2671 1296 2701 M.

118 2720 187 2746 tem
203 2714 424 2746 contenderit.
444 2715 492 2745 M.
531 2715 585 2746 Sic
603 2715 643 2746 C.
659 2716 691 2753 3,
708 2715 762 2745 70.
779 2713 825 2745 ad
939 2716 1245 2747 Procuczwrissent.
1268 2713 1336 2745 vid.
1353 2713 1422 2745 Ind.
1448 2714 1498 2745 M.

116 2760 362 2801 insequendum
377 2759 615 2791 tardabantur.
941 2760 1090 2791 Nostros.
1135 2758 1203 2790 Alii
1221 2760 1354 2796 nostris,
1368 2763 1404 2788 ut
1418 2757 1460 2789 G.
1481 2761 1511 2796 3,
1527 2761 1559 2790 5.

164 2805 366 2846 Semnyinta.
410 2803 481 2834 Alii
507 2804 573 2835 XL
597 2807 712 2835 contra
727 2802 826 2833 codd.
943 2805 1053 2835 Suam
1074 2809 1228 2836 mortem.
1275 2801 1408 2833 Similia
1428 2802 1519 2844 apud
1535 2803 1604 2834 Lu·-

121 2846 258 2881 Lentius
310 2847 345 2881 in
393 2847 599 2891 quibusdam
651 2845 830 2887 omittitur,
898 2852 979 2880 eret.
1012 2851 1043 2885 3,
1068 2850 1133 2879 883
1157 2853 1190 2878 et
1215 2848 1292 2884 965,
1315 2852 1353 2877 ut
1373 2856 1441 2878 non
1457 2857 1545 2888 opus
1561 2846 1606 2878 sit

119 2892 220 2924 male.
897 2892 1010 2932 legere
1020 2896 1155 2932 sortem,
1164 2891 1255 2934 quod
1265 2890 1300 2924 in
1313 2896 1458 2924 mentem
1468 2894 1607 2925 venerat

897 2934 1068 2970 Bentleio.

1326 2996 1432 3030 7Z2
