1946 3261
270 220 353 267 112
682 212 767 260 DE
799 214 1004 259 BELLO
1035 214 1333 260 GALLICO.

265 342 591 404 Taximagulus‚
615 342 833 402 Segouax,
853 341 1030 386 nuncios
1045 342 1185 386 mittit
1199 351 1334 401 atque
1353 340 1418 385 his
1434 340 1636 403 imperat,
1654 344 1739 394 uti,

265 406 424 451 coactis
441 403 640 446 omnibus
660 401 815 462 copiiS,
837 410 976 445 castra
997 401 1167 445 navalia
1181 401 1235 446 de
1252 402 1474 461 inproviso
1487 402 1743 445 adoriantur

265 474 397 522 atque
418 462 693 521 obpugnent.
755 459 792 503 Ii
813 477 913 504 cum
933 461 987 504 ad
1008 470 1150 504 castra
1169 462 1400 511 venissent,
1437 462 1590 511 nostri,
1611 476 1742 519 erup·

266 524 383 566 tione
404 521 535 572 facta,
557 520 705 564 multis
725 536 878 564 eorum
898 520 1151 570 interfectis,
1175 529 1305 580 capto
1326 521 1457 564 etiam
1477 520 1617 564 nobili
1636 520 1746 563 duce

267 580 557 639 Lugotorige,
600 596 697 623 suos
745 579 979 623 incolumes
1022 580 1301 623 reduxerunt.
1382 579 1745 628 Cassivellaunus,

264 639 346 682 hoc
367 639 526 698 proelio
542 639 762 689 nunciato,
782 646 850 681 tot
862 638 1132 682 detrimentis
1148 639 1353 698 acceptis,
1371 639 1550 682 vastatis
1570 637 1746 687 finibus,
1775 674 1778 677 .

266 699 450 742 maxime
481 699 612 742 etiam
649 705 872 756 permotus
906 697 1147 741 defectione
1179 698 1438 748 civitatium,
1462 697 1628 756 legatos
1665 711 1747 756 per

268 757 528 801 Atrebatem
577 756 827 800 Commium
873 756 927 799 de
977 756 1196 800 deditione
1235 757 1291 800 ad
1332 757 1547 799 Caesarem
1588 756 1742 799 mittit.

269 817 428 867 Caesar,
449 831 582 874 quum
602 815 837 863 statuisset,
858 814 1041 856 hiemem
1063 816 1107 857 in
1128 815 1367 857 continenti
1387 824 1574 874 propter
1594 829 1748 873 repen-

263 875 376 919 tinos
409 875 565 918 Galliae
595 881 738 917 motus
770 887 915 930 agere,
952 888 1092 928 neque
1112 872 1299 916 multum
1331 874 1490 916 aestatis
1510 882 1749 932 superesset

263 943 396 992 atque
417 933 462 976 id
483 932 608 976 facile
623 930 793 974 extrahi
814 946 938 988 posse
960 930 1107 973 intelle
1140 939 1249 979 eret,
1269 930 1438 974 obsides
1467 931 1656 990 imperat
1685 939 1748 982 et,

266 993 371 1052 quid
403 993 447 1036 in
473 1007 605 1034 annos
625 989 815 1048 singulos
842 989 1067 1046 vectigalis
1102 947 1276 1047 {opulo
1299 988 1499 1032 Romano
1522 989 1750 1034 Britannia

267 1051 490 1112 penderet,
512 1049 740 1092 constituit
759 1063 769 1089 ε
804 1047 1025 1090 interdicit
1043 1055 1177 1104 atque
1199 1048 1388 1106 imperat
1406 1047 1746 1099 Cassivellauno,

265 1127 317 1155 ne
341 1108 673 1158 Mandubratio,
695 1122 779 1150 neu
800 1105 1147 1149 Trinobantibus
1163 1105 1328 1148 bellum
1350 1106 1495 1150 faciat.

325 1169 396 1211 23.
432 1166 669 1210 Obsidibus
696 1166 899 1224 acceptiS,
928 1164 1167 1208 exercitum
1187 1164 1358 1208 reducit
1377 1165 1433 1208 ad
1466 1181 1599 1216 mare,
1619 1181 1750 1209 naves

266 1227 431 1272 invenit
447 1226 644 1270 refectas.
708 1224 791 1267 His
810 1223 1022 1273 deductis,
1045 1223 1164 1281 quod
1184 1233 1228 1266 et
1249 1223 1527 1282 captivorum
1544 1240 1749 1284 magnum

267 1301 496 1331 numerum
510 1284 716 1333 habebat,
737 1291 783 1326 et
803 1282 1022 1326 nonnullae
1041 1291 1297 1340 tempestate
1312 1282 1589 1339 deperierant
1607 1299 1751 1326 naves.

267 1346 433 1389 duobus
461 1342 774 1387 commeatibus
802 1341 1041 1384 exercitum
1077 1349 1304 1399 reportare
1335 1340 1540 1384 instituit.
1606 1342 1672 1385 Ac
1691 1342 1752 1385 sic

266 1405 439 1453 accidit,
480 1402 546 1444 uti
577 1417 646 1447 ex.
667 1408 793 1443 tanto
831 1400 1007 1442 navium
1044 1414 1241 1449 numero,
1274 1408 1343 1443 tot
1382 1400 1749 1458 navigationibus,

267 1478 405 1520 neque
439 1460 537 1511 hoc,
571 1474 711 1516 neque
743 1458 964 1517 superiore
994 1473 1122 1508 anno,
1159 1459 1249 1501 ulla
1285 1459 1459 1502 omnino
1481 1459 1616 1510 navis,
1654 1476 1751 1518 quae

266 1522 423 1566 milites
445 1527 661 1580 portaret,
682 1517 1021 1561 desideraretur:
1055 1526 1101 1559 at
1121 1533 1173 1560 ex
1194 1518 1261 1567 iis,
1285 1534 1380 1575 quae
1404 1517 1548 1561 inanes
1569 1535 1622 1562 ex
1652 1535 1751 1562 con-

267 1580 423 1624 tinenti
459 1579 514 1622 ad
541 1592 640 1621 eum
676 1577 1021 1625 remitterentur,
1063 1576 1221 1634 prioris
1254 1586 1515 1620 commeatus
1547 1577 1754 1636 expositis

267 1639 497 1687 militibus,
527 1645 572 1679 et
600 1651 706 1694 quas
748 1643 898 1693 postea
937 1635 1150 1677 Labienus
1183 1635 1395 1678 faciendas
1426 1645 1654 1679 curaverat
1673 1651 1751 1679 nu-

271 1713 390 1742 mero
425 1696 518 1738 LX.
559 1710 787 1754 perpaucae
825 1693 967 1736 locum
1006 1704 1241 1753 caperent:
1273 1694 1451 1753 reliquae
1483 1696 1573 1737 fere
1607 1711 1754 1738 omnes

266 1757 563 1815 rejicerentur.
630 1754 748 1803 Quas
769 1769 905 1810 quum
926 1752 1194 1810 aliquamdiu
1219 1753 1363 1796 Caesar
1397 1754 1559 1796 frustra
1579 1770 1751 1812 exspec-

268 1824 416 1864 tasset,
450 1829 502 1856 ne
533 1812 634 1856 anni
665 1820 864 1870 tempore
899 1827 925 1854 a
961 1812 1236 1870 navigatione
1273 1812 1595 1862 excluderetur,
1632 1813 1752 1870 quod

268 1873 578 1932 aequinoctium
599 1871 792 1920 suberat,
814 1871 1051 1913 necessario
1070 1870 1292 1929 angustius
1324 1871 1480 1914 milites
1512 1872 1755 1915 conlocavit

267 1950 334 1983 ac,
356 1947 521 1975 summa
542 1929 862 1987 tranquillitate
882 1939 1123 1978 consecuta,
1149 1929 1333 1973 secunda
1363 1931 1469 1973 inita
1502 1947 1638 1989 quum
1669 1931 1751 1974 sol-
1808 1937 1813 1942 ’

267 1992 400 2035 visset
428 1990 601 2057 vigilia,
617 1988 757 2047 prima
776 1988 871 2032 luce
892 1997 1053 2032 terram
1082 1988 1242 2048 adtigit
1263 2005 1496 2048 omnesque
1519 1989 1752 2032 incolumes

201 2064 213 2070 ’
265 2067 395 2094 naves
417 2048 640 2109 perduint.

327 2109 399 2152 24.
435 2107 672 2150 Subductis
710 2105 910 2156 navibus,
966 2106 1235 2164 concilioque
1279 2106 1511 2149 Gallorum
1554 2107 1754 2151 Samaro-

267 2168 404 2212 brivae
426 2174 621 2226 peracto,
659 2165 779 2223 quod
811 2181 861 2208 eo
882 2180 994 2208 anno
1028 2166 1293 2208 frumentum
1315 2165 1358 2208 in
1383 2164 1528 2207 Gallia
1565 2175 1753 2224 propter

322 2279 485 2321 Imperat.
549 2277 636 2308 Nam
689 2286 819 2307 summa
870 2286 979 2308 rerum

274 2322 529 2355 cassivellauno
556 2318 675 2352 tradita
704 2326 786 2351 erat.
809 2319 879 2351 vid.
901 2330 980 2361 cap.

280 2370 331 2398 11.
355 2366 487 2399 Ibidem
502 2366 543 2397 de
564 2364 683 2396 castris
698 2363 872 2395 navalibus
893 2364 982 2396 dici-

1049 2281 1083 2307 et
1100 2275 1211 2317 ipsum
1233 2274 1302 2307 dici
1323 2279 1448 2316 potest,
1471 2275 1530 2306 sed
1547 2284 1612 2306 non
1628 2281 1680 2307 est
1694 2284 1752 2306 ne-

1048 2330 1167 2351 cesse:
1191 2330 1266 2351 nam
1293 2322 1486 2357 exercitum,
1512 2329 1617 2360 quem
1647 2329 1754 2361 nuper

1050 2363 1083 2395 in
1108 2363 1311 2396 Britanniam
1328 2368 1575 2404 transportat-at,
1591 2373 1676 2394 nuuc
1701 2373 1753 2394 re-

273 2416 337 2443 tur.
361 2411 413 2442 M.

320 2455 537 2496 Luqotoriqe.
565 2450 646 2490 Alii,
663 2452 883 2494 Cinyetoriqe.
930 2452 981 2483 M.

274 2498 330 2531 Sic
345 2504 380 2530 et
394 2498 544 2530 Graecus.
573 2497 638 2528 Sed
654 2494 773 2527 Celsus
792 2496 979 2537 Leyotoriae.

278 2544 421 2575 Videtur
446 2543 564 2574 saltem
589 2540 703 2571 Caesar
717 2540 838 2571 ducem
862 2550 881 2570 a
902 2550 979 2581 rege.

275 2587 490 2629 distinguere.

324 2632 470 2663 Atrebat.
490 2632 620 2663 Comm.
643 2639 676 2659 v.
692 2631 724 2666 4,
738 2629 792 2658 21.
810 2627 860 2658 M.
895 2628 981 2658 Hie-

274 2686 524 2716 mem—ayere.
549 2672 619 2705 Alii
634 2674 799 2704 hiemare.

324 2720 369 2751 In
394 2721 585 2756 continenti,
612 2716 645 2748 in
675 2714 798 2747 Gallia.
825 2713 871 2746 cf.
901 2725 978 2755 cap.

327 2806 459 2837 Bellum
479 2805 602 2846 faciae.
647 2805 701 2837 Sic
727 2803 809 2836 boni
831 2802 931 2834 codd.
947 2808 980 2832 et

277 2849 354 2880 edd.
383 2855 449 2880 vet.
486 2855 521 2880 et
556 2859 646 2892 saepe
685 2854 810 2880 noster.
866 2845 978 2888 Vulgo

272 2898 402 2925 noceat.

325 2937 586 2969 Commeatibus.
600 2947 633 2968 v.
648 2937 720 2968 Iud.
744 2936 795 2967 M.

324 2981 523 3023 Κερυνίαν-ε.
561 2979 632 3014 Alii
661 2981 858 3024 deportare:
887 2979 978 3022 quod

1051 2414 1173 2449 portat.
1199 2409 1248 2438 M.
1295 2408 1359 2438 Pro
1382 2409 1536 2446 instituit,
1558 2408 1649 2449 quod
1665 2407 1751 2439 bene

1047 2462 1088 2484 ex
1105 2462 1197 2483 more
1212 2451 1372 2489 Caesaris,
1384 2450 1443 2482 alii
1460 2454 1640 2484 constituit.

1099 2497 1176 2528 Ulla
1191 2506 1280 2529 omn.
1311 2497 1421 2526 navis.
1446 2494 1506 2526 alii
1534 2496 1635 2527 nulla
1659 2505 1753 2527 more

1047 2539 1178 2578 Graecn,
1193 2545 1230 2570 ut
1244 2540 1333 2580 apud
1350 2539 1500 2580 Propert.
1517 2542 1550 2577 2,
1568 2541 1617 2578 15,
1635 2544 1662 2571 5.

1094 2585 1149 2615 Ex
1161 2585 1350 2620 commerui,
1365 2582 1387 2614 i.
1403 2594 1433 2614 e.
1446 2594 1465 2614 e
1479 2582 1600 2614 Gallia.
1625 2583 1709 2615 Mox
1721 2588 1752 2616 et

1045 2633 1123 2659 ante
1135 2629 1260 2669 prioris
1277 2627 1464 2658 tollendum
1480 2632 1542 2665 est,
1567 2633 1602 2658 ut
1630 2627 1753 2659 Manu-

1047 2672 1114 2702 tius
1130 2670 1274 2703 monuit.
1300 2671 1348 2701 De
1364 2670 1518 2702 Labieno
1528 2670 1596 2702 vid.
1608 2680 1686 2712 cap.
1701 2672 1752 2702 ll.

1046 2716 1096 2746 M.
1124 2716 1208 2747 Illud
1225 2720 1255 2747 et
1272 2715 1403 2746 sustuli.

1093 2761 1236 2790 Summa
1286 2764 1397 2800 tranq.
1436 2763 1619 2791 consecuta.
1679 2758 1750 2790 Alii

1044 2813 1216 2835 summam
1241 2804 1521 2844 tranquillitatem
1549 2808 1752 2834 consecutus.

1093 2847 1357 2889 Inita--rt'yiliw
1403 2852 1440 2877 ut
1488 2847 1574 2877 inita
1627 2851 1754 2885 castate,

1047 2893 1079 2928 2,
1096 2895 1127 2922 2.

1093 2935 1352 2967 Samarobrivae.
1400 2933 1489 2966 Hinc
1508 2932 1750 2975 intelligendus

1044 2977 1182 3023 Cicrad
1197 2978 1277 3014 Div.
1295 2981 1327 3018 7,
1353 2980 1405 3012 11.
1432 2979 1484 3011 12.
1504 2978 1555 3012 16.
1576 2983 1614 3011 ut
1633 2977 1749 3011 Cella-
