1946 3261
307 235 394 279 560
658 233 740 276 DE
773 229 972 274 BELLO
1006 207 1423 274 HlsPANJENsI.

304 360 499 407 dubium,
517 356 620 414 quin
637 356 775 399 media
795 355 971 413 planitie
990 354 1033 397 in
1052 370 1222 412 aequum
1240 355 1292 397 ad
1314 353 1600 398 dimicandum
1620 357 1770 400 adver-

304 417 403 460 sarii
440 416 730 473 procederent.
794 414 891 456 Hoc
929 423 1021 456 erat
1053 414 1095 455 in
1136 413 1322 455 omnium
1359 422 1605 470 conspectu.
1669 413 1769 458 Huc

303 473 551 522 accedebat,
585 482 635 516 ut
665 473 782 515 locus
812 471 886 514 illa
919 471 1095 530 planitie
1117 471 1357 528 equitatum
1390 479 1581 521 ornaret,
1615 479 1659 513 et
1689 472 1769 515 diei

303 532 488 588 solisque
514 531 738 577 serenitas:
770 538 821 571 ut
852 528 1076 572 mirificum
1099 538 1141 571 et
1163 529 1402 586 optandum
1435 538 1603 586 tempus
1630 545 1769 588 prope

301 591 358 632 ab
388 589 482 632 Diis
512 589 810 632 inmortalibus
839 588 948 630 illud
976 587 1194 629 tributum
1221 597 1327 629 esset
1347 588 1400 630 ad
1426 587 1627 644 proelium
1655 604 1769 631 com-

301 647 572 690 mittendum.
636 646 787 689 Nostri
808 646 958 694 laetari,
992 645 1187 688 nonnulli
1217 645 1347 688 etiam
1373 646 1539 695 timere,
1571 645 1689 703 quod
1721 646 1766 689 in

301 722 400 748 eum
423 706 563 748 locum
596 720 660 746 res
689 705 958 760 fortunaeque
986 703 1175 745 omnium
1193 703 1523 754 deducerentur,
1554 713 1619 754 ut,
1643 703 1768 761 quid·

302 763 409 821 quid
436 771 534 821 post
565 762 710 805 horam
743 779 859 805 casus
881 762 1116 811 tribuisset,
1148 762 1191 804 in
1215 762 1350 805 dubio
1373 771 1617 819 poneretur.
1680 762 1765 805 Ita-

301 838 386 879 que
424 821 556 864 nostri
584 820 639 862 ad
674 820 953 863 dimicandum
988 819 1244 877 procedunt,
1279 820 1322 862 id
1353 821 1470 876 quod
1501 821 1766 864 adversarios

302 878 644 923 existimabamus
667 895 753 920 esse
782 879 988 925 facturos;
1020 878 1094 933 qui
1125 887 1264 920 tamen
1299 894 1323 919 a
1350 879 1584 920 munitione
1617 879 1765 936 oppidi

301 938 400 981 mile
430 937 622 994 passibus
651 937 820 995 longius
851 952 935 979 non
966 936 1181 978 audebant
1215 936 1471 993 procedere:
1505 937 1547 979 in
1575 952 1662 993 quo
1683 937 1763 980 sibi

302 1011 436 1054 prope
456 1010 627 1036 murum
649 994 880 1037 adversarii
910 994 1195 1051 proeliandum
1217 994 1547 1037 constituebant.
1610 993 1766 1053 Itaque

299 1053 430 1096 nostri
450 1053 701 1110 procedunt.
764 1052 988 1094 Interdum
1011 1053 1188 1108 :equitas
1213 1052 1294 1095 loci
1323 1052 1584 1095 adversarios
1606 1053 1766 1111 efflagi-

300 1111 437 1160 tabat,
460 1120 509 1153 ut
541 1110 617 1152 tali
647 1110 887 1152 conditione
920 1110 1224 1153 contenderent
1250 1110 1304 1152 ad
1341 1110 1592 1154 victoriam:
1626 1127 1764 1168 neque

300 1178 441 1212 tamen
462 1168 523 1209 illi
544 1184 568 1209 a
595 1184 672 1209 sua
693 1168 998 1211 consuetudine
1018 1169 1295 1217 decedebant,
1328 1178 1377 1210 ut
1408 1177 1486 1210 aut
1511 1170 1567 1212 ab
1599 1170 1763 1212 excelso

300 1227 407 1275 loco,
427 1235 503 1268 aut
522 1226 578 1268 ab
600 1226 775 1283 oppido,
798 1226 1074 1269 discederent.
1120 1226 1270 1270 Nostri
1292 1226 1400 1283 pede
1422 1243 1567 1283 presso
1591 1242 1670 1284 pro
1701 1228 1766 1270 ius

299 1285 440 1327 rivum
473 1299 609 1340 quum
639 1284 1071 1342 adpropinquassent,
1105 1285 1336 1328 adversarii
1372 1285 1632 1342 patrocinari
1686 1301 1763 1330 oco

297 1342 444 1400 iniquo
464 1357 547 1384 non
568 1342 780 1384 desinunt.

356 1400 427 1443 30.
461 1400 568 1442 Erat
585 1400 694 1442 acies
714 1400 826 1442 XIII
850 1401 1002 1458 aquilis
1021 1399 1269 1449 constituta,
1294 1416 1390 1457 quae
1409 1400 1616 1444 lateribus
1639 1403 1759 1459 equi-

298 1468 392 1501 tatu
421 1458 666 1516 tegebatur,
706 1475 801 1500 cum
834 1459 916 1501 levi
947 1468 1167 1501 armatura
1198 1458 1371 1501 milibus
1407 1475 1504 1501 sex:
1549 1469 1760 1517 praeterea

298 1517 525 1559 auxiliares
557 1517 816 1559 accedebant
848 1533 983 1574 prope
1014 1517 1198 1559 alterum
1224 1525 1405 1559 tantum.
1470 1518 1631 1560 Nostra
1653 1534 1759 1576 prae-

298 1575 402 1617 sidia
445 1574 608 1616 LXXX
649 1575 896 1617 cohortibus
937 1585 979 1617 et
1023 1574 1133 1616 VIII
1176 1575 1348 1617 milibus
1400 1575 1606 1632 equitum.
1677 1576 1761 1627 Ita,

299 1648 434 1691 quum
456 1632 496 1673 in
514 1640 703 1674 extrema
725 1633 900 1690 planitie
921 1633 1113 1690 iniquum
1144 1633 1185 1674 in
1214 1633 1353 1675 locum
1375 1634 1508 1676 nostri
1529 1634 1759 1693 adpropin-

299 1699 516 1748 quassent,
535 1699 711 1747 paratus
730 1691 860 1733 hostis
883 1699 975 1732 erat
996 1691 1207 1748 superior,
1232 1700 1280 1733 ut
1303 1692 1546 1734 transeundi
1564 1693 1760 1750 superius

298 1750 382 1791 iter
409 1747 683 1791 vehementer
715 1759 822 1791 esset
855 1749 1154 1806 periculosum.
1219 1749 1345 1797 Quod
1378 1765 1510 1806 quum
1543 1766 1568 1792 a
1595 1751 1760 1793 Caesare

297 1815 405 1849 esset
436 1805 792 1856 animadversum,
835 1823 887 1849 ne
927 1807 1031 1863 quid
1069 1816 1228 1848 temere
1267 1808 1394 1865 culpa
1426 1823 1502 1849 sua
1532 1825 1649 1851 secus
1684 1807 1757 1851 ad-

296 1865 560 1914 mitteretur,
598 1871 695 1907 edm
729 1865 870 1907 locum
901 1863 1076 1906 definire
1108 1865 1252 1922 coepit.
1316 1865 1446 1914 Quod
1468 1882 1601 1922 quum
1623 1866 1757 1910 homi-

297 1938 398 1965 num
418 1923 595 1965 auribus
615 1932 721 1965 esset
743 1924 974 1980 objectum,
1007 1922 1182 1965 moleste
1214 1933 1257 1964 et
1291 1924 1444 1965 acerbe
1472 1924 1755 1982 accipiebant,

294 1997 338 2023 se
369 1980 571 2038 inpediri,
611 1996 698 2038 quo
734 1983 872 2022 minus
913 1981 1109 2037 proelium
1147 1980 1351 2022 conficere
1383 1991 1566 2038 possent.
1651 1983 1754 2026 Haec

296 2054 415 2081 mora
435 2038 697 2081 adversarios
719 2038 942 2081 alacriores
962 2038 1185 2088 efficiebat,
1219 2039 1396 2080 Caesaris
1428 2040 1568 2097 copias
1603 2041 1756 2084 timore

295 2096 480 2154 inpediri
499 2096 553 2138 ad
573 2096 927 2139 committendum
949 2095 1162 2154 proelium.
1225 2095 1293 2138 Ita
1313 2114 1355 2138 se
1369 2097 1591 2140 efferentes
1611 2098 1757 2156 iniquo

297 2152 409 2203 loco,
444 2154 508 2197 sui
541 2163 795 2211 potestatem
829 2155 1058 2203 faciebant,
1102 2163 1150 2196 ut
1191 2170 1344 2212 magno
1385 2165 1524 2198 tamen
1562 2157 1757 2215 periculo

347 2281 498 2311 Ornarel.
545 2281 613 2311 Res
625 2281 781 2321 postulat,
805 2282 997 2321 Adita-oret,
1107 2283 1320 2313 Pan-armari
1333 2280 1432 2320 (sibi)
1446 2283 1511 2314 loco
1527 2285 1572 2314 in.
1600 2284 1647 2314 M.

299 2329 356 2354 aut
370 2323 481 2355 simile
495 2323 705 2355 verbum.M.
718 2323 994 2363 Crctlo,j1n·arer.
1109 2326 1226 2357 Nostra
1254 2325 1408 2366 praes-idia
1436 2326 1562 2363 (noster
1587 2327 1754 2359 exercitus

345 2368 393 2398 Ab
412 2368 487 2398 Diis
501 2369 669 2399 inmortul.
714 2368 768 2398 Cf.
787 2370 826 2399 Α.
844 2379 874 2399 c.
891 2370 944 2400 75.
961 2377 995 2399 et
1059 2368 1259 2399 constitutus
1294 2374 1375 2405 erat,
1422 2368 1456 2399 l..
1488 2380 1519 2399 e.
1566 2370 1754 2410 constabat)

301 2410 355 2442 Af.
374 2412 470 2441 74.et
487 2413 539 2441 8‘2.
1062 2412 1201 2443 LXXX
1225 2412 1347 2442 cohart.
1389 2412 1440 2443 ΑΙ,
1479 2412 1588 2444 Codd.
1617 2414 1752 2455 quidam

347 2455 463 2485 Casus.
511 2453 566 2485 Sic
599 2452 745 2484 edidisse
775 2454 992 2495 Scaligerum,
1058 2457 1203 2486 colun-us
1219 2457 1374 2486 cimilia.

300 2504 412 2528 monet
425 2496 536 2528 Oud.:
555 2496 676 2527 namin
691 2498 788 2528 codd.
803 2504 853 2527 est
864 2508 997 2533 causas,
1109 2499 1328 2529 Trmzseundi.
1370 2499 1445 2530 Duo
1473 2499 1521 2531 ini
1545 2500 1645 2531 codd.
1661 2500 1753 2538 boni,

298 2550 410 2573 curas.
423 2551 509 2572 cras.
534 2540 697 2578 Quaedam
709 2541 828 2582 edd.p.
841 2542 912 2572 lior.
923 2551 996 2571 cas·
1057 2541 1125 2572 sere
1140 2541 1368 2582 conspirantes
1383 2542 1415 2572 in
1433 2543 1498 2574 hoc
1513 2543 1612 2581 libro,
1627 2543 1751 2574 habent

302 2585 476 2622 tris-fieret.
502 2585 550 2615 M.
1057 2587 1212 2616 tramire.
1244 2586 1292 2616 M.
1316 2585 1664 2623 Aliiarameundum.

346 2627 389 2658 Id
404 2628 500 2668 quod.
546 2626 614 2658 Alii
630 2628 744 2670 idque.
1104 2629 1202 2658 Serus
1217 2639 1254 2659 ac
1278 2629 1438 2666 voluerat,
1462 2636 1576 2661 contra
1604 2640 1699 2670 spem
1721 2635 1755 2661 et

346 2670 389 2700 In
415 2681 491 2711 quo.
540 2672 601 2709 An,
630 2672 742 2712 quod?
774 2676 810 2701 ut
832 2669 887 2707 sit,
899 2670 990 2711 quia.
1056 2672 1357 2712 exspectationem.
1391 2673 1439 2703 M.
1471 2672 1753 2714 Scalig.sequius.

300 2713 350 2743 M.
373 2712 454 2744 Mox
473 2715 697 2755 proeliaemdum
715 2725 733 2744 e
749 2714 823 2746 cod.
853 2713 990 2745 Norvic.
1103 2715 1225 2746 Locum
1244 2716 1388 2753 definere
1418 2716 1492 2754 crit,
1522 2716 1609 2747 hunc
1637 2716 1750 2747 locum

299 2755 390 2786 dedit
415 2756 520 2788 Davis
545 2768 563 2787 e
593 2758 702 2788 Petav.
740 2757 866 2798 recepit
903 2755 990 2787 Oud.
1056 2757 1165 2788 sacer-2
1198 2763 1229 2788 et
1255 2758 1457 2790 constituere
1496 2759 1683 2793 terminum.
1706 2759 1748 2789 ad

300 2797 410 2840 Vulgo
426 2801 528 2831 deest.
1053 2811 1153 2840 quem
1170 2812 1273 2842 usque
1290 2803 1552 2842 progrediantur.
1582 2803 1633 2833 M.

344 2843 564 2874 Decedebant.
599 2843 652 2874 Sic
672 2843 749 2874 cod.
767 2843 851 2876 Rez.
879 2842 990 2884 Vulgo
1106 2846 1145 2875 Ue
1156 2845 1749 2886 maqno—haberetur,ut,quamvis

296 2884 513 2919 discedebant.
532 2887 735 2919 Emendavit
749 2887 862 2919 Daris.
1055 2888 1095 2918 ad
1118 2897 1176 2919 eos
1199 2887 1380 2920 Caesariani
1409 2889 1568 2920 accedere
1599 2898 1745 2929 possem,
