1946 3261
227 301 316 347 356
687 299 772 343 DE
805 297 1008 343 BELLO
1042 297 1257 343 CIVILI.

228 442 374 470 rursus
387 424 585 468 adhibito
599 424 766 469 Libone
781 435 825 470 et
839 426 890 469 L.
903 425 1088 470 Lucceio
1102 436 1148 470 et
1162 425 1440 485 Theophane,
1454 424 1713 484 quibuscum

229 484 540 529 communicare
575 484 629 527 de
662 485 857 528 maximis
893 486 1020 528 rebus
1053 485 1285 544 Pompeius
1320 491 1617 533 consueverat,
1657 482 1713 525 de

231 542 443 586 mandatis
467 543 647 587 Caesaris
663 560 791 602 agere
814 544 1016 594 instituit,
1041 561 1141 587 eum
1161 545 1398 604 ingressum
1414 543 1457 586 in
1473 557 1712 586 sermonem

232 601 461 659 Pompeius
494 603 790 662 interpellavit
822 612 867 646 et
904 603 1023 660 loqui
1063 604 1191 661 plura
1225 603 1465 662 prohibuit.
1537 609 1567 628 ‘⁶
1593 599 1714 651 Quid

231 668 262 687 ‘⁶
285 660 434 714 mihi,”
458 660 616 719 inquit,
641 670 669 689 ‘⁶
693 670 769 704 aut
789 663 895 710 vita,
919 670 996 704 aut
1015 661 1190 705 civitate
1210 679 1318 721 opus
1335 671 1414 711 est,
1436 677 1565 720 quem
1585 661 1713 703 bene-

230 726 260 745 “
281 717 379 763 ficio
415 720 594 763 Caesaris
624 721 782 763 habere
823 720 1041 763 videbor?
1071 721 1190 779 cujus
1225 722 1287 764 rei
1325 721 1471 779 opinio
1497 720 1594 763 tolli
1630 734 1714 761 non

231 786 262 804 ‘⁶
286 779 466 836 poterit,
489 795 625 836 quum
647 780 690 822 in
711 779 896 829 Italiam,
936 796 989 822 ex
1011 795 1100 837 qua
1122 781 1342 838 profectus
1359 796 1469 830 sum,
1506 778 1715 822 reductus

233 845 264 864 ‘⁶
286 837 614 888 existimabor.”
698 838 823 881 Bello
861 839 1074 896 perfecto,
1107 839 1165 882 ab
1202 839 1250 881 iis
1284 840 1428 881 Caesar
1469 838 1556 881 haec
1597 837 1714 880 dicta

230 897 451 954 cognovit,
489 897 566 954 qui
598 897 784 940 sermoni
823 897 1142 940 interfuerunt:
1177 906 1355 940 conatus
1393 906 1538 940 tamen
1577 895 1714 938 nihilo

229 955 368 998 minus
388 964 468 1007 est,
490 955 583 999 aliis
604 956 844 1000 rationibus
865 973 943 1015 per
964 956 1193 1014 conloquia
1214 956 1269 999 de
1290 972 1397 1014 pace
1417 972 1557 1015 agere.

297 1013 364 1056 19.
398 1013 489 1057 Iter
510 1014 612 1058 bina
633 1024 774 1058 castra
797 1015 994 1074 Pompeii
1014 1024 1149 1073 atque
1188 1015 1365 1059 Caesaris
1395 1031 1529 1058 unum
1557 1014 1715 1057 flumen

228 1080 401 1115 tantum
423 1073 649 1124 intererat,
675 1076 831 1132 Apsus,
855 1075 1097 1132 crebraque
1120 1075 1232 1117 inter
1254 1091 1296 1116 se
1313 1074 1542 1132 conloquia
1560 1072 1715 1116 milites

230 1130 481 1175 habebant:
515 1147 655 1189 neque
680 1133 817 1175 ullum
839 1133 1011 1176 interim
1034 1134 1170 1176 telum
1202 1150 1278 1191 per
1313 1133 1534 1191 pactiones
1568 1131 1713 1175 conlo-

229 1191 456 1248 quentium
478 1191 843 1249 transjiciebatur.
908 1192 1055 1235 Mittit
1087 1192 1136 1234 Ρ.
1162 1192 1386 1234 Vatinium
1425 1191 1638 1250 Legatum
1660 1190 1716 1233 ad

229 1250 372 1308 ripam
391 1249 525 1307 ipsam
546 1249 745 1300 fluminis,
768 1251 841 1308 qui
861 1267 925 1300 ea,
944 1267 1040 1308 quae
1057 1251 1238 1294 maxime
1255 1251 1308 1293 ad
1328 1266 1477 1308 pacem
1495 1249 1717 1308 pertinere

227 1308 507 1358 videi-untur,
557 1318 707 1366 ageret
755 1319 803 1352 et
848 1310 1003 1352 crebro
1054 1325 1208 1367 magna
1247 1325 1350 1351 voce
1391 1308 1716 1367 pronunciaret,

228 1366 489 1409 “liceretne
518 1367 685 1410 civibus
717 1367 773 1409 ad
812 1368 924 1410 cives
957 1368 1010 1410 de
1046 1384 1149 1426 pace
1184 1368 1348 1425 legatos
1368 1367 1557 1417 mittere,
1594 1366 1712 1425 quod

230 1432 263 1452 “
285 1426 417 1468 etiam
440 1424 638 1484 fugitivis
658 1427 715 1468 ab
735 1425 847 1468 saltu
873 1426 1080 1485 Pyrenaeo
1102 1426 1468 1485 praedonibusque
1501 1426 1713 1469 licuisset:

228 1491 260 1511 ‘⁶
285 1486 537 1543 praesertim,
562 1494 612 1527 ut
632 1484 678 1526 id
698 1493 896 1542 agerent,
919 1501 970 1527 ne
991 1486 1105 1528 cives
1125 1502 1220 1528 cum
1242 1486 1406 1528 civibus
1426 1485 1555 1528 armis
1570 1485 1716 1528 decer-

229 1551 260 1570 “
284 1550 430 1586 tarent
443 1547 491 1585 ?''
556 1543 706 1585 Multa
727 1544 982 1602 subpliciter
1016 1545 1202 1593 locutus,
1238 1553 1285 1586 ut
1305 1544 1360 1586 de
1380 1560 1456 1586 sua
1475 1553 1608 1602 atque
1626 1560 1715 1587 om-

225 1602 349 1645 nium
397 1601 538 1644 salute
577 1601 784 1651 debebat,
839 1602 1096 1660 silentioque
1145 1604 1200 1645 ab
1263 1602 1459 1660 utrisque
1506 1603 1716 1646 militibus

224 1660 416 1704 auditus.
479 1659 751 1718 Responsum
785 1670 849 1704 est
877 1662 934 1705 ab
968 1662 1107 1705 altera
1132 1671 1272 1720 parte.
1337 1670 1366 1688 ‘⁶
1390 1663 1444 1704 A.
1470 1661 1714 1705 Varronem

277 1806 409 1839 Rursus
424 1804 570 1838 adhibito
588 1805 721 1837 Libone.
748 1804 823 1837 Non
844 1805 942 1837 vidc-

225 1855 282 1882 tur
299 1851 365 1882 hoc
383 1850 641 1889 admittendum,
657 1849 804 1890 Jurinio,
821 1851 880 1891 qui
899 1852 944 1890 τῷ

227 1905 350 1927 ‘rursus
365 1893 541 1926 substituit
557 1895 661 1926 lituu.

279 1939 404 1974 Quibus
438 1941 695 1970 communicare.
758 1937 810 1969 Sic
861 1938 939 1970 libri

230 1993 360 2014 omnes.
420 1980 521 2020 Quod
552 1992 633 2012 vcro
664 1982 844 2023 scriptores
876 1983 941 2013 La-

230 2026 293 2059 tini
318 2026 474 2067 (optimae
499 2025 624 2061 aetatis)
651 2037 785 2067 semper
815 2026 942 2064 dicunt,

230 2073 479 2103 communicare
495 2080 573 2101 cnm
586 2071 715 2111 aliquo.
728 2080 807 2108 non,
819 2072 918 2103 alicui
931 2083 938 2101 ι

230 2113 390 2146 dubitavi
408 2114 441 2145 in
454 2113 544 2145 curis
560 2114 803 2155 posterioribus
818 2125 848 2145 c.
867 2120 885 2146 5
900 2115 940 2145 de

231 2157 427 2199 integritate
445 2157 544 2199 hujus
560 2158 640 2189 loci.
687 2159 767 2189 Post
786 2169 840 2189 mc
856 2159 943 2189 Gro-

232 2201 355 2234 novius
387 2201 460 2232 obs.
495 2205 528 2239 9,
561 2204 580 2231 6
619 2202 845 2240 confirmavit,
880 2202 940 2243 qui

231 2247 389 2279 eamdem
440 2245 486 2276 ob
536 2245 698 2277 rationem
748 2247 942 2284 quibuscum

233 2289 336 2323 scribi
360 2288 472 2331 jussit.
536 2291 713 2320 cellarius.
766 2291 814 2321 Ac
847 2296 941 2321 tanto

233 2334 345 2373 magis
377 2333 441 2364 hoc
482 2332 714 2372 recipiendum
743 2340 823 2368 erat,
863 2345 941 2364 cum

231 2374 338 2410 etiam
353 2376 467 2409 Ursini
479 2377 587 2407 codex
603 2377 797 2417 quibuscum
808 2377 942 2409 liabent.

235 2424 373 2455 Errores
387 2430 454 2452 non
471 2420 654 2457 debebant,
670 2421 871 2452 verecundia
886 2433 944 2452 co-

235 2467 353 2498 dicum
382 2464 497 2496 nescio
525 2474 603 2505 qua,
635 2464 769 2495 servari.
812 2466 859 2495 ill.
908 2466 942 2496 ld

234 2521 313 2543 cum
329 2509 528 2550 adsorptum
544 2514 595 2538 est
611 2517 630 2538 a
647 2518 715 2548 seq.
729 2519 812 2539 rom.

284 2555 376 2586 Eum
390 2555 592 2594 inyressum.
619 2551 720 2582 Refer
747 2552 789 2582 ad
817 2562 943 2583 sermo-

236 2608 327 2635 nem,
343 2606 408 2629 non
426 2597 466 2627 ad
487 2595 693 2628 Vibullium.
726 2594 795 2626 Alii
812 2606 898 2627 cnm.

288 2642 378 2673 Bello
391 2640 544 2682 perfer-to.
591 2639 657 2671 Alii
681 2639 746 2670 hoc
765 2640 943 2671 adncttunt

239 2684 444 2729 praecedenti
462 2684 614 2725 periodo,

288 2731 400 2761 Dicta.
440 2727 628 2770 Aliiscwtn.

288 2774 381 2804 Inter
397 2773 476 2803 blm]
493 2783 521 2801 e.
569 2771 602 2801 ln
620 2771 720 2802 codd.
742 2769 941 2811 quibusdam

241 2815 458 2857 praemittitur
482 2817 531 2847 Ut.
557 2822 625 2846 tum
643 2815 752 2846 minor
773 2814 943 2846 distinctio

241 2862 398 2902 ponenda
415 2866 488 2900 post
503 2861 780 2898 tran-ejiciebatur.

290 2904 407 2944 Apsus.
431 2904 481 2934 (ff.
500 2913 530 2933 c.
553 2905 602 2934 13.
636 2904 685 2934 M.

289 2948 390 2978 Mimc
406 2942 557 2984 (Caesar5
568 2947 607 2978 P.
631 2947 811 2977 Γαίὶηἰωη.
838 2947 885 2977 Μ.

290 2991 344 3027 ,Do
354 3000 439 3032 pace
453 2992 573 3032 (effatos
587 2992 721 3024 mittere.
744 2989 946 3025 constanter

1008 1807 1109 1838 codd.
1127 1806 1308 1838 exhibe-nt:
1335 1807 1416 1838 duos
1432 1807 1555 1849 leqmos
1575 1808 1713 1839 mittere.

1007 1852 1157 1882 Fortasse
1183 1851 1293 1882 (Ersar
1323 1850 1524 1891 scripserat:
1561 1851 1713 1883 lim-eme

1005 1894 1126 1926 viribus
1150 1895 1197 1926 ml
1210 1906 1284 1926 snos
1296 1895 1378 1934 (hoc
1398 1894 1522 1936 aliquis
1549 1894 1713 1936 interpre-

1006 1945 1095 1970 tatus
1111 1946 1172 1971 ost.
1193 1939 1307 1970 addito
1331 1939 1436 1970 verbo
1461 1942 1563 1975 cives)
1589 1941 1715 1981 leqalos

1006 1985 1145 2014 mittere.
1170 1984 1219 2013 M.

1056 2029 1203 2067 Fuyitiri
1219 2027 1261 2057 ab
1280 2028 1368 2059 saltu
1389 2028 1513 2068 Pyt-en.
1540 2026 1587 2057 De
1604 2026 1657 2058 his
1671 2029 1713 2059 ad

1008 2070 1046 2102 B.
1063 2070 1102 2101 G.
1123 2073 1154 2107 3,
1171 2072 1213 2100 ‘23
1243 2070 1324 2102 dixi.
1370 2070 1534 2102 Cellarius
1565 2071 1608 2102 ad
1637 2081 1714 2103 nos-

1011 2120 1096 2145 trum
1130 2115 1243 2145 locum
1272 2116 1313 2146 de
1348 2114 1401 2146 his
1439 2114 1525 2156 ipsis
1552 2116 1715 2147 convenis

1009 2165 1087 2199 post
1115 2157 1291 2190 Yalosium
1322 2157 1434 2198 (notit.
1462 2158 1550 2190 Gall.
1579 2161 1714 2200 1³:157)

1009 2202 1151 2233 monuit.
1172 2204 1220 2233 M.
1247 2202 1388 2234 Hieron.
1403 2207 1518 2234 contra
1536 2202 1707 2244 vigilant.

1012 2248 1064 2277 Dt-
1094 2248 1264 2278 latronum
1289 2253 1319 2279 et
1354 2257 1581 2279 com-enarum
1611 2254 1714 2280 naeus

1007 2293 1144 2322 semine.

1056 2335 1351 2376 Praetlonibusque.
1379 2334 1611 2377 Intelliguntur
1626 2336 1712 2369 Cili-

1008 2388 1077 2409 ces.
1119 2379 1152 2409 ld
1169 2379 1291 2410 bellum
1317 2379 1513 2419 praalonum
1539 2379 1666 2412 dicitur
1681 2391 1711 2412 c.

1014 2424 1084 2453 104.
1134 2423 1168 2454 In
1189 2422 1264 2454 aliis
1282 2423 1375 2453 deest
1389 2433 1462 2464 que.
1486 2423 1536 2456 sic
1562 2425 1604 2455 ad
1622 2424 1714 2466 ipsos

1008 2465 1171 2506 fugitivos
1187 2472 1328 2507 spectat.
1368 2466 1503 2498 Sei-vato
1519 2479 1584 2510 que
1597 2475 1713 2510 posset

1009 2517 1041 2541 et
1060 2510 1246 2551 hendiadys
1261 2509 1408 2544 admitti.

1061 2555 1102 2585 Ut
1115 2554 1149 2584 hl
1166 2560 1316 2596 (ιφί-(ηιε.
1347 2552 1507 2587 Meliores
1523 2555 1618 2595 libri,
1635 2565 1713 2588 cum

1007 2598 1040 2629 iil
1054 2603 1201 2638 afferens.
1228 2599 1276 2629 M.

1057 2642 1210 2674 Locutus.
1234 2642 1433 2673 Addendum
1451 2643 1486 2673 h.
1505 2641 1528 2673 1.
1543 2648 1589 2674 est
1605 2643 1711 2674 ecod.

1013 2685 1153 2716 Norvic.
1179 2697 1250 2727 quo
1269 2686 1426 2717 Davisius
1442 2697 1522 2717 usus
1537 2693 1598 2718 est.
1645 2688 1712 2718 De-

1011 2729 1086 2759 inde
1104 2736 1178 2770 post
1189 2731 1323 2762 auditus
1339 2736 1503 2770 punctum
1520 2731 1711 2771 ponendum

1009 2771 1084 2803 erit.
1109 2774 1159 2803 M.
1185 2774 1274 2805 Bene
1291 2774 1332 2804 de
1358 2774 1422 2804 hoc
1441 2781 1576 2815 puncto.
1624 2775 1710 2805 Illud

1009 2822 1054 2846 ev!
1071 2816 1279 2848 subauditur.
1295 2816 1348 2848 Sic
1361 2817 1490 2849 tollitur
1503 2817 1711 2853 ἁνικὸλαυθω,

1011 2859 1066 2891 cui
1082 2860 1194 2892 similo
1227 2862 1279 2892 Af.
1302 2863 1351 2891 19.
1397 2862 1460 2893 Sed
1478 2860 1512 2891 τὲ
1525 2862 1713 2902 subpliciter

1012 2903 1183 2945 indignum
1203 2905 1331 2945 Legato
1347 2903 1491 2936 (Taesaris
1503 2903 1631 2945 judicat
1649 2906 1712 2937 Ju-

1010 2947 1128 2985 tinius,
1155 2949 1214 2989 qui
1244 2947 1309 2985 lor-ri
1334 2949 1409 2979 vult
1434 2949 1546 2981 ,Multa
1563 2950 1711 2982 sitm'lt'ter

1009 2993 1148 3030 locutus,
1165 2998 1196 3026 ut
1213 2995 1270 3034 qui
1285 3009 1328 3017 —
1343 2992 1475 3034 aqebac.
