1946 3261
209 221 267 264 64
637 219 721 262 DE
754 217 956 261 BELLO
990 217 1285 261 GALLICO.

205 346 458 394 reficerent;
507 352 606 403 post
646 345 752 388 dato
793 346 914 403 signo
955 361 1008 387 ex
1050 345 1197 387 castris
1239 353 1518 404 erumperent
1557 353 1690 404 atque

203 421 372 449 omnem
392 419 511 461 spem
531 404 678 446 salutis
697 403 740 446 in
760 404 925 446 virtute
946 412 1174 462 ponerent.

267 464 307 506 6.
343 461 472 511 Quod
485 462 590 521 jussi
606 471 723 512 sunt,
754 462 917 505 faciunt
937 478 1001 512 ac,
1020 462 1167 504 subito
1186 463 1383 506 omnibus
1406 463 1544 522 portis
1556 478 1689 520 erup-

205 522 320 564 tione
342 520 472 570 facta,
493 536 634 578 neque
656 521 955 579 cognoscendi,
989 520 1096 578 quid
1123 520 1265 571 fieret,
1289 537 1429 579 neque
1460 524 1526 564 sui
1556 521 1688 563 conli-

203 579 335 637 gendi
367 579 561 622 hostibus
590 580 843 622 facultatem
873 579 1138 635 relinquunt.
1205 579 1272 622 Ita
1307 588 1570 623 commutata
1599 579 1686 621 for-

202 647 325 688 tuna,
358 653 444 688 eos,
475 639 551 695 qui
583 639 627 680 in
663 655 784 696 spem
826 638 1140 696 potiundorum
1181 648 1421 681 castrorum
1459 647 1684 687 venerant,

201 696 396 753 undique
432 697 748 739 circumventos
791 695 1056 738 interficiunt
1089 705 1135 738 et
1172 714 1224 739 ex
1257 697 1476 740 hominum
1509 697 1684 740 milibus

199 755 388 813 amplius
415 756 612 813 triginta,
643 771 773 812 quem
804 771 1029 797 numerum
1053 754 1341 798 barbarorum
1375 756 1430 798 ad
1452 766 1592 798 castra
1613 771 1682 797 ve-

199 814 308 856 nisse
329 815 568 863 constabat,
601 814 699 872 plus
720 814 851 856 tertia
880 822 1007 871 parte
1029 813 1275 863 interfecta,
1308 814 1497 872 reliquos
1515 822 1683 872 perter-

199 872 306 914 ritos
325 873 367 914 in
387 873 536 931 fugam
557 873 793 930 conjiciunt
813 889 862 914 ac
893 888 944 913 ne
969 872 1012 914 in
1041 871 1143 913 locis
1175 872 1352 929 quidem
1385 872 1682 931 superioribus

201 931 430 974 consistere
453 931 697 989 patiuntur.
763 931 851 980 Sic,
887 930 1083 972 omnibus
1119 930 1304 972 hostium
1338 931 1471 989 copiis
1493 931 1596 973 fusis
1614 946 1681 972 ar-

198 989 365 1046 misque
400 991 555 1039 exutis,
601 1006 644 1032 se
680 991 723 1032 in
757 999 894 1031 castra
927 989 1271 1046 munitionesque
1306 1006 1405 1032 suas
1443 990 1679 1047 recipiunt.

201 1048 301 1096 Quo
320 1048 476 1107 proelio
497 1049 627 1097 facto,
650 1048 769 1104 quod
792 1049 942 1106 saepius
972 1048 1190 1089 fortunam
1212 1056 1380 1090 tentare
1405 1048 1549 1090 Galba
1566 1047 1680 1090 nole-

198 1105 276 1148 bat
296 1115 428 1164 atque
447 1107 531 1150 alio
553 1123 640 1150 sese
660 1108 702 1148 in
724 1106 902 1148 hiberna
921 1106 1094 1148 consilio
1113 1106 1273 1148 venisse
1296 1108 1564 1155 meminerat,
1586 1106 1679 1148 aliis

196 1167 434 1209 occurrisse
468 1166 599 1208 rebus
641 1165 827 1213 viderat,
864 1165 1046 1207 maxime
1081 1165 1284 1206 frumenti
1331 1174 1680 1222 commeatusque

194 1223 342 1282 inopia
359 1233 597 1283 permotus,
622 1232 795 1282 postero
812 1224 882 1266 die
904 1223 1100 1265 omnibus
1122 1223 1212 1280 ejus
1231 1224 1310 1264 vici
1333 1223 1519 1266 aedificiis
1538 1223 1678 1265 incen-

194 1282 265 1331 sis,
297 1283 339 1325 in
376 1283 645 1325 Provinciam
675 1283 836 1324 reverti
867 1281 1113 1323 contendit:
1148 1297 1195 1322 ac
1231 1281 1349 1322 nullo
1382 1281 1502 1323 hoste
1533 1280 1677 1339 prohi-

196 1340 344 1390 bente,
366 1349 444 1383 aut
461 1342 546 1383 iter
567 1342 834 1389 demorante,
853 1339 1110 1381 incolumem
1133 1339 1345 1396 legionem
1367 1340 1409 1382 in
1426 1340 1676 1390 Nantuatis,

197 1399 294 1441 inde
314 1400 355 1441 in
380 1399 658 1456 Allobrogas,
679 1398 885 1456 perduxit
903 1397 1048 1454 ibique
1071 1397 1287 1439 hiemavit.

256 1458 296 1499 7.
334 1457 414 1499 His
436 1458 566 1500 rebus
582 1455 731 1515 gestis,
754 1473 889 1513 quum
911 1455 1109 1497 omnibus
1131 1455 1185 1497 de
1209 1457 1363 1498 caussis
1387 1456 1529 1498 Caesar
1552 1472 1676 1515 paca—

193 1523 282 1558 tam
304 1516 492 1558 Galliam
506 1512 786 1564 exisfflmaret,
807 1514 1020 1573 superatis
1042 1514 1204 1571 Belgis,
1224 1531 1275 1556 ex
1293 1514 1413 1556 )ulsis
1433 1515 1675 1566 Germanis,

193 1575 317 1617 victis
351 1575 393 1616 in
429 1574 618 1631 Alpibus
655 1573 856 1622 sedunis,
890 1582 1023 1630 atque
1055 1573 1115 1614 ita
1151 1573 1256 1614 inita
1280 1532 1424 1614 lhieme
1450 1572 1677 1632 Illyricum

193 1633 418 1691 profectus
449 1640 572 1681 esset,
607 1633 725 1689 quod
748 1647 817 1673 eas
845 1647 1020 1688 quoque
1042 1631 1233 1673 nationes
1262 1631 1380 1673 adire
1411 1638 1456 1672 et
1478 1633 1674 1689 regiones

191 1706 450 1749 cognoscere
479 1690 670 1740 volebat,
702 1690 895 1732 subitum
928 1689 1092 1731 bellum
1123 1690 1163 1731 in
1190 1689 1335 1731 Gallia
1364 1698 1562 1732 coortum
1593 1701 1672 1733 est.

193 1749 300 1807 Ejus
321 1749 426 1792 belli
447 1748 535 1792 haec
563 1748 650 1790 fuit
679 1764 837 1791 caussa.
904 1748 952 1789 P.
986 1749 1163 1790 Crassus
1183 1748 1425 1790 adolescens
1446 1764 1545 1790 cum
1568 1748 1673 1807 legi-

190 1823 274 1850 one
295 1809 477 1867 septima
511 1808 730 1865 proximus
751 1823 866 1850 mare
900 1807 1123 1848 Oceanum
1152 1806 1193 1848 in
1225 1806 1423 1848 Andibus
1445 1805 1670 1850 hiemarat.

192 1866 249 1916 Is,
268 1867 385 1924 quod
402 1867 445 1908 in
462 1866 525 1908 his
545 1866 646 1908 locis
663 1866 806 1924 inopia
824 1865 1030 1907 frumeuti
1049 1874 1158 1913 erat,
1190 1865 1420 1907 Praefectos
1438 1865 1673 1909 Tribunos-

190 1941 277 1983 que
297 1925 483 1968 militum
506 1924 749 1982 complures
782 1924 824 1965 in
858 1923 1072 1966 finitumas
1103 1923 1299 1965 civitates
1329 1924 1535 1965 frumenti
1559 1939 1670 1967 com-

189 1992 442 2041 meatusque
476 1983 654 2041 petendi
692 1999 836 2025 caussa
865 1982 1051 2024 dimisit:
1086 1998 1173 2038 quo
1208 1982 1248 2023 in
1284 1997 1462 2024 numero
1490 1990 1584 2024 erat
1615 1984 1668 2026 T.

191 2043 476 2090 Terrasidius,
504 2042 652 2084 missus
673 2041 715 2083 in
747 2040 943 2089 Unellos,
982 2041 1047 2082 Μ.
1070 2040 1256 2083 Trebius
1281 2040 1434 2083 Gallus
1451 2041 1494 2084 in
1518 2041 1672 2085 Curio-

189 2101 348 2150 solitas,
383 2101 437 2150 Q.
460 2100 665 2143 Velanius
687 2116 785 2142 cum
805 2100 857 2142 T.
881 2099 988 2142 Silio
1007 2100 1048 2141 in
1073 2099 1277 2141 Venetos.

1013 2201 1149 2231 I'nellax.
1197 2201 1230 2231 lu
1255 2210 1372 2239 inagna
1391 2198 1548 2231 lectionis
1563 2201 1671 2233 varie-

960 2250 1025 2275 tate
1071 2245 1264 2280 (la'nmbim,
1314 2243 1478 2279 Eu-cebios,
1521 2245 1669 2285 Esubins,

963 2289 1092 2323 Subios)
1110 2287 1370 2329 Oudendorpius
1379 2285 1507 2327 recepit
1524 2289 1668 2321 Esubios.

961 2332 1024 2362 Sed
1041 2342 1117 2362 cum
1143 2332 1291 2362 Esubios
1308 2341 1406 2362 nenio
1428 2340 1668 2364 commemoret

959 2382 991 2406 et
1009 2375 1063 2406 Gr.
1088 2376 1251 2416 memphin
1270 2376 1303 2406 h.
1321 2375 1343 2405 l.
1361 2372 1512 2404 nominet
1530 2376 1671 2418 Unellos,

235 2203 278 2235 In
288 2207 587 2246 spem—veneram.
634 2201 689 2232 Sic
707 2199 845 2242 passini,
859 2211 890 2231 v.

192 2250 222 2285 1,
250 2249 299 2278 18.
325 2248 356 2285 ⁷,
377 2249 426 2277 12.
471 2246 561 2277 Malo
576 2245 808 2287 mat-conspe,
823 2255 889 2276 non

185 2292 304 2323 eodem
321 2301 431 2322 sensu.

235 2337 426 2372 (muri-isse,
440 2334 473 2365 in
485 2345 541 2365 eas
553 2345 631 2364 casu
651 2332 824 2364 incidisse.
842 2332 890 2362 M.

229 2381 415 2422 Illyricum.
429 2378 536 2409 Codd.
553 2377 689 2418 quidam
701 2375 891 2417 pra-wisili-

188 2431 385 2461 onecarent,
400 2423 490 2464 quod
501 2428 533 2452 et
547 2422 633 2453 alibi
649 2421 681 2452 in
695 2419 891 2451 nominibus

185 2469 363 2510 regionum
380 2467 583 2498 observatur.
608 2476 639 2495 v.
657 2464 743 2494 Oud.

236 2514 276 2545 P.
296 2514 444 2543 Crassus.
468 2510 519 2541 Cf.
536 2514 566 2548 2,
584 2511 637 2541 34.
667 2509 716 2539 M.

235 2558 332 2588 Mare
353 2565 520 2587 oceanum.
567 2553 622 2584 Sic
645 2551 768 2593 optimi
795 2551 889 2581 codd.

187 2600 249 2633 alii
263 2602 351 2633 mari
367 2600 501 2630 Oceano.
525 2597 576 2629 Cf.
595 2600 626 2635 6,
644 2599 694 2627 31.

236 2646 279 2676 In
299 2643 454 2675 Andibus.
501 2640 649 2682 Scaliger
669 2639 783 2671 omisit
807 2650 890 2680 prae-

184 2688 404 2730 positionem.
849 2726 869 2731 ..

238 2734 360 2763 Cmmn.
375 2731 513 2773 petendi.
530 2731 601 2761 haec
617 2729 718 2761 verba
734 2727 767 2759 in
788 2737 890 2758 vai-iis

188 2777 286 2808 codd.
301 2782 333 2806 et
347 2776 420 2806 edd.
437 2776 564 2806 desunt.
602 2773 663 2804 Sed
674 2778 784 2804 noster
800 2781 890 2811 saepe

180 2820 388 2862 frumentum
402 2825 435 2848 et
448 2823 663 2849 cmnmearum
675 2815 796 2858 jungit.
810 2826 841 2846 v.
862 2815 889 2852 l,

187 2867 241 2896 48.
261 2868 291 2901 3,
309 2866 338 2893 6.
357 2866 388 2899 ιι,
405 2863 455 2892 30.
472 2863 503 2899 τ,
522 2865 573 2893 38.

234 2908 377 2943 Dimisit,
404 2916 469 2936 non
499 2912 533 2936 ut
560 2904 593 2935 vi
623 2910 801 2939 uterentur,
834 2903 889 2932 scd

186 2953 371 2994 legatorum
386 2948 535 2986 nomine,
548 2948 606 2989 qui
620 2948 687 2980 sibi
705 2948 769 2981 hoc
785 2945 889 2981 tribui

187 3001 349 3039 rogarent.
365 2994 408 3028 cf.
425 3003 455 3027 c.
481 2995 499 3026 9
515 2998 547 3025 ct
564 2995 611 3025 16.
637 2993 687 3027 M.

962 2419 1072 2460 probo
1090 2419 1164 2457 hos.
1180 2418 1238 2460 qui
1262 2420 1388 2449 Unellos
1414 2417 1518 2448 scribi
1536 2420 1667 2459 volunt,

961 2463 1145 2504 praesertim
1161 2473 1237 2493 cuni
1253 2462 1354 2493 ctiam
1371 2464 1403 2494 2.
1423 2464 1476 2498 34,
1491 2467 1523 2492 ct
1538 2473 1615 2494 mox
1633 2474 1664 2494 c.

966 2509 1013 2537 ll.
1029 2513 1061 2537 et
1082 2508 1130 2537 Π.
1157 2506 1235 2537 item
1253 2509 1283 2540 7.
1302 2508 1342 2536 75
1359 2503 1583 2538 nominentur.
1615 2507 1666 2538 De

962 2550 1100 2581 Venetis
1124 2561 1155 2580 v.
1191 2550 1307 2581 nium-i
1338 2548 1520 2580 hist-Gall.
1549 2560 1583 2591 p.
1610 2553 1663 2582 70.

960 2596 1008 2625 Μ.
1037 2593 1189 2635 Reposui
1215 2595 1350 2631 (suellos,
1376 2603 1463 2634 quos
1485 2592 1664 2628 Ὀνενὲλλους

957 2645 1054 2669 vocat
1077 2638 1291 2675 Paucum-us,
1313 2636 1371 2678 qui
1396 2641 1510 2667 contra
1527 2638 1667 2670 Esubios

958 2682 1098 2723 ignomt.

1010 2727 1144 2757 Trebius
1163 2728 1288 2757 Galliis.
1318 2723 1456 2766 Repetit
1472 2723 1612 2755 Ursinus
1628 2724 1661 2756 in

958 2770 1055 2800 codd.
1096 2771 1282 2807 Trebonius,
1297 2768 1352 2800 cui
1369 2775 1400 2799 et
1415 2765 1500 2798 alibi
1516 2768 1663 2800 adhaeret

957 2824 1144 2851 cog-nomen
1179 2813 1282 2844 Galli.
1322 2812 1442 2854 probat
1478 2809 1663 2851 Cellarius3

957 2867 1017 2888 iii-c
1038 2856 1223 2889 dubitarem
1248 2856 1408 2897 recipere.
1431 2852 1467 2886 ni
1488 2860 1520 2887 et
1542 2857 1661 2890 Trebia

957 2912 1036 2941 gens
1051 2901 1205 2943 frequens
1221 2907 1418 2935 occurreret.
