1946 3261
593 266 711 311 LIB.
744 266 830 307 III.
894 264 1034 306 GAP.
1070 259 1256 304 liz-15.
1578 263 1667 308 353

169 390 306 449 jurat.
370 393 531 439 Caesar,
565 398 868 448 praeoccupato
896 388 1050 432 itinere
1082 388 1137 430 ad
1170 384 1506 447 Dyrrhachium,
1534 384 1666 430 finem

172 448 442 507 properandi
465 448 584 498 facit,
606 457 832 505 castraque
851 447 907 490 ad
927 447 1085 490 fiumen
1107 447 1278 504 Apsum
1298 445 1422 503 ponit
1443 445 1487 487 in
1506 443 1664 487 finibus

174 507 537 565 Apolloniatium,
556 516 607 549 ut
636 508 821 550 castellis
850 506 1098 564 vigiliisque
1128 505 1237 547 bene
1269 504 1434 546 meritae
1463 503 1664 546 civitates

173 575 280 609 tutae
297 574 435 608 essent
454 566 680 623 praesidio;
720 566 868 623 ibique
900 565 1168 622 reliquarum
1200 579 1253 605 ex
1281 562 1409 604 Italia
1442 561 1665 619 legionum

171 624 409 667 adventum
450 631 704 681 exspectare
743 632 788 667 et
826 624 908 667 sub
949 623 1139 682 pellibus
1187 621 1376 663 hiemare
1420 620 1664 662 constituit.

176 683 276 724 Hoc
314 682 428 724 idem
463 682 696 740 Pompeius
729 682 832 725 feeit
861 691 921 732 et,
953 692 1072 725 trans
1102 681 1264 724 fiumen
1309 680 1479 737 Apsum
1516 679 1665 736 positis

173 740 339 791 castris,
363 740 416 782 eo
435 741 582 798 copias
600 756 746 783 omnes
766 741 1013 798 auxiliaque
1034 739 1256 783 conduxit.

237 800 303 841 14.
339 799 546 848 Kalenus‚
579 798 826 857 legionibus
861 799 1169 857 equitibusque
1207 795 1428 841 Brundisii
1454 795 1497 838 in
1535 811 1666 839 naves

171 857 384 916 inpositis,
425 865 476 900 ut
510 866 606 900 erat
644 867 911 917 praeceptum
951 874 976 900 a
1015 858 1198 907 Caesare,
1238 864 1449 914 quantum
1491 854 1666 897 navium

170 916 428 960 facultatem
458 915 665 967 habebat,
698 933 826 960 naves
856 917 1001 966 solvit,
1033 916 1321 974 paullumque
1359 929 1612 973 progressus
1640 930 1668 957 a

171 983 321 1033 portu,
355 977 524 1018 litteras
557 992 582 1018 a
619 977 791 1019 Caesare
818 976 994 1034 accipit,
1027 974 1188 1033 quibus
1219 983 1284 1017 est
1313 974 1476 1016 certior
1507 973 1666 1022 factus,

171 1043 327 1092 portus
345 1034 564 1092 litoraque
586 1035 728 1078 omnia
749 1035 954 1078 classibus
971 1034 1320 1077 adversariorum
1342 1032 1496 1076 teneri.
1563 1032 1666 1081 Quo

173 1093 366 1152 cognito,
384 1110 427 1136 se
449 1094 493 1136 in
516 1103 695 1152 portum
717 1095 872 1152 recipit
901 1109 1119 1151 navesque
1148 1109 1291 1135 omnes
1312 1099 1501 1135 revocat.
1564 1093 1669 1136 Una

173 1167 228 1194 ex
248 1151 314 1203 iis,
336 1168 434 1210 quae
456 1153 768 1211 perseveravit,
792 1169 932 1210 neque
951 1153 1133 1211 imperio
1152 1152 1304 1194 Kaleni
1328 1149 1670 1208 obtemperavit,

171 1210 291 1267 quod
309 1219 404 1254 erat
415 1211 748 1262 sinemilitibus,
767 1212 1048 1270 privatosque
1065 1211 1245 1254 consilio
1262 1209 1668 1259 administrabatur,

171 1268 319 1312 delata
351 1269 534 1312 Oricum
563 1279 695 1328 atque
716 1288 742 1313 a
765 1271 927 1313 Bibulo
948 1278 1199 1328 expugnata
1219 1278 1309 1312 est:
1343 1269 1420 1327 qui
1444 1269 1498 1311 de
1529 1267 1666 1311 servis

173 1327 411 1384 liberisque
449 1327 650 1371 omnibus
688 1329 744 1371 ad
786 1330 1018 1387 inpuberes
1053 1329 1321 1387 subplicium
1357 1328 1489 1370 sumit
1527 1335 1572 1369 et
1608 1327 1665 1369 ad

173 1401 311 1429 unum
336 1385 556 1429 interficit.
618 1386 689 1430 Ita
720 1388 878 1446 exiguo
911 1396 1108 1446 tempore
1136 1403 1381 1446 magnoque
1408 1402 1508 1430 casu
1530 1385 1668 1429 totius

178 1444 396 1488 exercitus
416 1445 529 1488 salus
550 1446 760 1489 constitit.

242 1504 309 1546 15.
336 1504 539 1554 Bibulus,
561 1512 611 1547 ut
631 1521 765 1564 supra
784 1505 1127 1549 demonstratum
1142 1514 1224 1555 est,
1240 1511 1335 1547 erat
1350 1520 1447 1547 cum
1461 1504 1592 1547 classe
1610 1503 1667 1546 ad

181 1562 391 1606 Oricum:
425 1571 486 1612 et,
517 1562 642 1605 sicuti
672 1564 782 1607 mari
815 1565 1102 1623 portibusque
1138 1565 1352 1606 Caesarem
1385 1563 1666 1621 prohibebat,

174 1621 237 1664 ita
265 1622 357 1680 ipse
390 1621 503 1664 omni
533 1622 652 1666 ‘terra
681 1639 831 1666 earum
866 1624 1094 1682 regionum
1131 1622 1478 1681 prohibebatur:
1520 1621 1665 1680 praesi-

177 1679 259 1722 diis
275 1681 387 1723 enim
408 1681 625 1739 dispositis
649 1683 790 1724 omnia
815 1681 946 1724 litora
966 1698 992 1724 a
1013 1683 1183 1725 Caesare
1212 1681 1492 1730 tenebantur,
1524 1696 1669 1739 neque

176 1738 372 1797 lignandi
393 1748 525 1797 atque
547 1741 754 1797 aquandi,
775 1756 913 1798 neque
942 1757 1069 1784 naves
1092 1741 1147 1783 ad
1169 1749 1330 1783 terram
1351 1739 1565 1797 religandi
1588 1755 1668 1798 po-

174 1804 309 1840 testas
326 1797 476 1842 fiebat.
541 1799 652 1842 Erat
681 1816 748 1843 res
782 1800 824 1842 in
854 1815 1010 1857 magna
1030 1800 1289 1842 difficultate
1309 1799 1567 1856 summisque
1591 1815 1665 1843 an-

175 1856 327 1914 gustiis
342 1873 489 1900 rerum
506 1860 836 1902 necessariarum
850 1857 1180 1917 premebantur,
1199 1859 1306 1901 adeo
1321 1867 1370 1900 ut
1385 1867 1665 1915 cogerentur,

175 1915 302 1959 sicuti
334 1916 552 1976 reliquum
572 1926 876 1969 commeatum,
912 1918 974 1962 ita
994 1918 1111 1978 ligna
1132 1926 1266 1977 atque
1287 1933 1444 1976 aquam
1465 1917 1669 1976 Corcyra.

471 2068 480 2082 Q

229 2090 376 2122 Proeocc.
400 2093 517 2123 itinere
534 2092 581 2124 acl
607 2094 714 2141 err.
761 2093 881 2125 Sensus

998 2095 1102 2135 Atque
1118 2104 1141 2125 a
1162 2093 1293 2127 Bibulo.
1317 2093 1353 2125 In
1369 2092 1447 2127 aliis
1461 2090 1659 2134 conjunctio

177 2139 228 2165 est
241 2144 338 2166 verus
351 2146 361 2174 ;
387 2135 571 2176 Pompeius
584 2147 675 2167 ennn
690 2137 778 2178 prior
788 2139 882 2169 venit

953 2138 1060 2169 deest.

179 2177 428 2218 Dyrrhachium
442 2179 506 2217 (cf.
521 2179 669 2221 Appian.
684 2185 715 2212 2.
730 2192 765 2222 p.
780 2184 881 2220 469):

182 2222 241 2253 sed
260 2222 372 2253 nullus
388 2223 497 2254 codex
513 2223 617 2255 habet
637 2232 881 2266 praeoccupam,

183 2266 243 2296 sed
259 2267 314 2297 vel
327 2266 472 2308 perfecto
490 2278 554 2299 occ.
580 2268 632 2298 vel
653 2268 793 2309 profecto
815 2280 883 2301 occ.

179 2309 344 2342 Ciaccon.
369 2310 555 2349 existimat,
578 2318 742 2353 praecepto
768 2315 883 2344 ‘ithoere

178 2352 349 2385 Caesarem
363 2353 551 2395 scripsisse,
562 2361 596 2386 et
614 2356 713 2397 hujus
724 2355 883 2397 interpre—

181 2403 369 2429 tamentum
394 2409 468 2429 esse
495 2406 656 2441 occupato.
704 2400 882 2439 Fortasse3

181 2441 302 2472 saltem
327 2446 509 2483 p1·oeciper·e
532 2451 582 2474 cst
610 2444 789 2482 interdum,
817 2445 883 2485 pri-

182 2495 275 2516 orem
288 2485 398 2516 sacere
409 2485 552 2526 aliquid,
566 2494 643 2519 ante
655 2487 718 2519 frui
730 2494 765 2519 et
780 2489 884 2530 potiri

183 2539 232 2567 re,
247 2538 350 2569 quam
365 2529 478 2570 potuit
492 2531 588 2562 alter.
615 2533 664 2562 M.

230 2573 704 2616 Proesvidio1-0dundat‚utjan1
717 2576 884 2607 Cellarius

185 2615 284 2647 vidit.
318 2617 367 2647 M.
424 2617 542 2648 Lectio
574 2624 707 2659 recepte.
737 2619 820 2650 bene
849 2631 884 2651 se

185 2660 300 2697 habet,
325 2660 357 2691 in
379 2670 445 2701 qua
468 2661 656 2702 refingenda
680 2663 822 2694 nimium
838 2664 885 2695 lu-

185 2702 308 2735 borant
324 2703 534 2745 interpretes.

232 2747 396 2780 Kacenm.
424 2748 502 2779 vid.
519 2759 550 2779 c.
568 2751 598 2780 S.
624 2750 674 2780 M.

238 2792 403 2833 Inpositis.
449 2791 503 2823 Sic
519 2794 620 2824 codd.
638 2793 748 2833 Vulgo
760 2797 886 2836 positis.

235 2836 405 2870 Qurmt‘zmz
422 2838 570 2867 wat-ium.
597 2837 711 2868 Davis.
726 2849 886 2879 quarum.

187 2878 341 2909 Clarkius
361 2885 537 2920 quamam-
588 2880 698 2913 Bentl.
724 2882 807 2914 hanc
825 2894 885 2925 pa-

186 2922 359 2958 renthesin
375 2923 547 2960 abundare
563 2924 746 2959 existimat.

998 2183 1052 2212 Ita
1065 2192 1117 2212 em.
1133 2186 1156 2212 r.
1202 2181 1271 2213 Alii
1289 2181 1422 2223 Itaque.

998 2226 1171 2257 Praesidiis‘
1197 2242 1241 2248 -—
1271 2227 1478 2257 tenebantur.
1512 2225 1659 2257 Miratur

951 2267 1168 2300 Marclandus
1196 2269 1228 2301 in
1265 2270 1436 2311 Explicat.
1467 2276 1536 2301 vet.
1565 2275 1659 2301 auct.

952 2323 1029 2353 pag.
1063 2316 1138 2351 271,
1165 2314 1337 2356 quomodo
1369 2313 1481 2345 Caesar
1511 2313 1659 2354 potuerit

953 2356 1066 2388 onmia
1083 2356 1180 2389 litora
1197 2364 1322 2396 tencre,
1353 2368 1429 2389 cum
1447 2367 1522 2399 cap.
1545 2360 1581 2388 1⁴
1597 2358 1658 2388 ad-

952 2401 1091 2432 versarii
1107 2401 1259 2433 dicantur
1271 2402 1389 2433 onmia
1405 2400 1505 2433 litora
1530 2407 1658 2432 tenere.

953 2444 1137 2476 Enimvero
1164 2446 1275 2477 Cfesar
1302 2446 1468 2486 praesidiis
1491 2444 1660 2475 terrestri-

952 2488 1017 2520 bus
1032 2490 1193 2529 dispas-itis
1207 2489 1342 2520 tenebat
1359 2489 1520 2527 litoramv
1538 2489 1579 2519 ad
1587 2498 1659 2519 vcr-

953 2532 1032 2563 sarii
1050 2535 1254 2565 exscenderc
1270 2533 1301 2564 in
1316 2533 1397 2563 litus
1414 2538 1571 2573 possent3
1596 2532 1659 2562 ad·
1702 2567 1704 2572 Ι

952 2577 1087 2607 versarii
1125 2579 1224 2609 clas-<e
1266 2576 1426 2607 tenebant
1463 2576 1575 2613 litora,
1615 2585 1658 2606 ne

955 2619 1066 2651 (luisar
1098 2621 1255 2661 navigare
1287 2626 1413 2661 posset.
1470 2620 1593 2650 Hostes
1620 2619 1656 2651 in

954 2665 1037 2696 mari
1067 2665 1249 2705 prohibent
1273 2666 1440 2695 (Jaesarem
1470 2672 1490 2692 a
1518 2663 1662 2703 naviga-

954 2707 1067 2747 tionc3
1091 2708 1204 2739 (Jaesar
1231 2708 1264 2739 in
1285 2706 1472 2738 continenti
1498 2707 1661 2746 prohibet

955 2752 1066 2783 hostes
1091 2753 1135 2783 ab
1169 2751 1399 2791 exscensione.
1446 2750 1534 2791 Ergo
1564 2752 1658 2783 nulla

954 2797 1189 2826 emendatione
1224 2806 1311 2836 opus
1339 2794 1414 2829 crit,
1454 2799 1487 2823 et
1526 2794 1660 2826 diversa

954 2840 1082 2871 ratione
1108 2850 1186 2870 cum
1214 2839 1338 2872 Caesar.
1366 2844 1439 2868 tum
1463 2837 1590 2878 hostes,
1608 2845 1660 2869 te-

956 2891 1032 2915 nent
1049 2884 1156 2914 litma.
1201 2882 1253 2913 (Jf.
1269 2884 1368 2913 c.17.
1394 2883 1444 2913 M.

943 2933 945 2935 '
1003 2930 1108 2968 Atque
1124 2927 1286 2968 aquandi.
1312 2925 1365 2956 Sic
1379 2926 1494 2957 Oud.e
1511 2926 1610 2957 codd.
1625 2932 1660 2957 et

956 2977 1030 3004 sunt
1048 2971 1100 3004 hic
1114 2972 1193 3012 duo,
1209 2981 1283 3013 quse
1308 2969 1660 3049 distilicttgianuntur.

1423 3018 1440 3046 2
