1946 3261
680 169 795 214 LIB.
858 169 996 213 CAP.
1034 168 1214 212 16—18.
1567 167 1650 211 551

183 299 213 320 ‘⁶
235 309 332 336 suos
345 296 604 353 recepissent
623 309 633 343 ;
664 310 819 352 eosque
841 293 1074 352 hospitium
1105 291 1264 335 scelere
1285 291 1590 345 contaminasse
1610 293 1652 332 :”

180 352 321 398 multa
353 366 561 411 praeterea
592 353 771 396 dixisse:
824 367 912 409 qua
951 352 1144 395 oratione
1185 350 1432 402 deterritos,
1469 349 1654 409 amplius

175 410 493 469 jugulationem
516 429 601 458 non
623 412 780 454 fecisse.

247 470 312 512 17.
344 471 414 514 Ita
435 481 608 530 postero
627 472 695 514 die
716 467 883 513 Tullius
913 467 1105 527 Legatus
1127 482 1226 509 cum
1253 468 1419 511 Catone
1450 466 1664 519 Lusitano,

183 528 300 571 venit
321 539 366 572 et
386 529 506 588 apud
530 530 739 572 Caesarem
769 527 905 571 verba
940 525 1070 568 fecit:
1104 531 1133 549 “
1159 525 1345 568 Utinam
1375 526 1548 583 quidem
1581 525 1661 575 Dii

185 592 215 610 ‘⁶
238 587 485 632 inmortales
505 588 716 637 fecissent,
746 595 797 629 ut
817 595 918 629 tuus
938 583 1082 644 potius
1114 583 1250 633 miles,
1273 599 1405 641 quam
1422 584 1502 628 Cn.
1529 585 1658 636 Pom-

183 651 212 670 “
238 646 340 704 peii,
373 646 514 689 factus
542 662 673 689 essem
709 654 752 688 et
775 644 882 687 hanc
905 643 1080 687 virtutis
1107 642 1385 685 constantiam
1407 642 1449 684 in
1472 651 1549 685 tua
1569 642 1657 688 vie-

184 709 213 729 “
238 705 365 753 toria,
394 704 541 747 nonin
563 705 678 748 illius
711 703 971 753 calamitate,
1009 709 1281 761 praestarem:
1323 700 1445 759 cujus
1477 700 1659 749 funestae

181 768 210 788 “
233 762 382 806 laudes
423 763 498 822 qui
536 779 587 822 pe
631 763 686 806 ad
723 761 832 805 hanc
874 761 1097 805 fortunam
1137 758 1403 809 reciderunt,
1454 767 1505 801 ut
1544 759 1656 802 cives

181 827 210 846 “
235 819 435 872 Romani,
458 780 695 879 infligentes
711 819 915 880 praesidii,
942 828 987 863 et
1015 827 1199 878 propter
1232 819 1384 885 patriae
1414 817 1656 866 luctuosam

179 886 209 906 “
231 881 463 938 perniciem
482 881 688 925 dedamur
709 881 898 923 hostium
920 894 1099 921 numero
1119 893 1130 919 ε
1178 893 1256 935 qul
1287 893 1426 934 neque
1463 877 1506 920 in
1538 876 1654 919 illius

179 946 208 966 ‘⁶
228 955 441 1040 prospera
467 941 555 984 acie
580 940 763 998 primam
784 940 1021 986 fortunam,
1053 952 1192 994 neque
1225 936 1268 979 in
1299 938 1480 979 adversa
1507 951 1652 979 seeun-

177 1005 206 1024 “
261 1013 330 1040 am
347 999 614 1042 obtinuimus
634 998 884 1042 victoriam:
927 997 1001 1055 qui
1021 995 1241 1054 legionum
1272 1004 1340 1038 tot
1363 994 1537 1052 inpetus
1564 1011 1652 1041 sus-

178 1063 208 1083 “
231 1064 462 1106 tentantes,
489 1058 710 1100 nocturnis
741 1057 992 1114 diurnisque
1030 1054 1233 1113 operibus
1259 1052 1506 1112 gladiorum
1541 1053 1652 1096 ictus

175 1122 204 1142 “
229 1115 503 1174 telorumque
524 1117 672 1159 missus
698 1125 1010 1173 exspectantes,
1040 1113 1145 1156 victi
1180 1121 1224 1154 et
1263 1112 1442 1161 deserti,
1471 1128 1496 1154 a
1528 1112 1651 1156 Pom-

180 1182 210 1202 “
234 1175 351 1232 peio,
385 1184 462 1218 tua.
494 1175 657 1218 virtute
679 1175 889 1233 superati,
908 1173 1090 1216 salutem
1110 1188 1135 1213 a
1157 1180 1232 1214 tua
1253 1171 1479 1221 clementia
1499 1170 1651 1229 depos-

178 1241 208 1260 “
232 1233 397 1282 cimus;
446 1235 736 1292 petimusque,
773 1243 822 1275 ut
859 1232 1030 1291 qualem
1074 1240 1116 1272 te
1157 1230 1361 1288 gentibus
1397 1230 1652 1287 praestitisti,

177 1299 206 1319 ‘⁶
229 1292 411 1335 similem
435 1302 478 1335 te
508 1293 548 1336 in
571 1293 729 1335 civium
759 1291 973 1335 deditione
1002 1297 1191 1348 praestes.
1252 1289 1312 1332 Et
1333 1288 1553 1346 qualem,”
1573 1289 1651 1339 ait,

176 1358 206 1378 “
229 1351 433 1452 geritibus
460 1367 528 1394 me
561 1350 760 1410 praestiti,
796 1350 973 1393 similem
1011 1349 1053 1392 in
1092 1347 1251 1390 civium
1289 1347 1506 1390 deditione
1545 1363 1652 1405 prae-

177 1417 207 1438 ‘⁶
229 1419 296 1452 sta
330 1413 404 1453 o.”

241 1469 306 1511 18.
342 1469 542 1512 Remissis
572 1468 742 1526 legatis,
771 1482 906 1526 quum
936 1464 992 1508 ad
1022 1473 1192 1524 portam
1222 1464 1403 1508 venisset
1423 1464 1524 1508 Tib.
1549 1465 1654 1509 Tul-

177 1528 258 1571 lius
290 1536 335 1570 et
368 1544 503 1586 quum
537 1544 637 1570 eum
667 1528 960 1571 introeuntem
991 1524 1043 1567 C.
1077 1524 1291 1567 Antonius
1325 1523 1538 1567 insecutus
1566 1540 1653 1574 non

176 1595 300 1637 esset,
338 1587 522 1629 revertit
553 1586 609 1628 ad
644 1595 814 1644 portam
847 1594 893 1628 et
917 1583 1129 1626 hominem
1157 1581 1458 1641 adprehendit.
1522 1583 1653 1634 Quod

177 1646 376 1690 Tiberius
402 1661 539 1704 quum
566 1644 660 1687 fieri
695 1643 1015 1691 animadvertit,
1048 1642 1143 1684 sinu
1174 1640 1410 1699 pugionem
1438 1641 1587 1687 eduxit
1608 1651 1654 1685 et

176 1721 348 1748 manum
365 1705 456 1763 ejus
476 1703 643 1747 indicit.
683 1702 751 1746 Ita
771 1704 1029 1761 refugerunt
1048 1700 1104 1743 ad
1128 1700 1354 1743 Caesarem.
1398 1699 1653 1759 Eodemque

223 1799 308 1831 Cum
321 1799 446 1831 Catone
464 1798 544 1829 Lus.
583 1797 737 1829 Fortasse
762 1796 878 1839 legen-

176 1844 270 1883 dum,
283 1853 362 1875 eum
371 1844 411 1876 C.
428 1844 564 1875 Antonio
584 1842 664 1875 Lus.
677 1842 772 1874 Illius
786 1842 877 1873 euim

178 1899 211 1920 c.
241 1890 291 1925 18,
319 1893 354 1918 ut
384 1886 522 1918 comitis
558 1885 682 1925 Tullii,
712 1886 879 1917 meminit.

183 1931 418 1972 Glandovpius.
467 1930 612 1971 Recepit
663 1932 698 1961 ('.
739 1931 879 1961 Antonio

179 1975 348 2011 Clatkius,
369 1975 456 2006 bene
477 1975 591 2006 credo.
627 1974 689 2006 Sed
708 1979 741 2004 et
760 1973 880 2005 Celsus

180 2019 285 2051 habet
315 2021 438 2051 Catone
458 2024 493 2049 et
521 2019 621 2049 codd.
646 2028 775 2049 omnes.
806 2023 876 2048 tum

179 2062 351 2104 sequentis
366 2062 490 2104 capitis
511 2061 648 2093 initium
664 2061 748 2094 mira
762 2061 879 2092 consu-

179 2108 274 2140 sione
290 2106 432 2138 laborat.

225 2153 289 2187 Qui
301 2161 408 2193 neque
423 2166 468 2172 —
479 2151 665 2182 victoriam.
708 2149 783 2181 Hoc
799 2158 879 2180 acu-

176 2206 255 2228 men
272 2205 339 2226 non
351 2194 430 2226 satis
445 2194 557 2235 capio.
587 2193 703 2224 Julius
715 2194 835 2225 Celsus
847 2204 879 2235 p.

181 2242 254 2272 140.
279 2239 415 2271 initium
439 2246 472 2270 et
489 2238 585 2269 finem
603 2238 702 2279 hujus
718 2237 880 2269 orationis

179 2284 313 2326 repetit,
338 2282 460 2314 deinde
486 2282 601 2313 addit:
627 2282 738 2313 Multa
757 2287 880 2323 proeter

177 2330 248 2360 haec
270 2329 397 2360 cometus
420 2333 478 2364 est,
501 2337 578 2368 quae
592 2328 789 2367 scriptorum
807 2327 881 2357 vitio

177 2371 312 2413 confusa
325 2373 384 2402 vix
397 2372 540 2411 intelliyi
551 2374 689 2412 possint.
713 2369 764 2401 M.

229 2416 388 2447 Gentibus
412 2414 549 2454 exteris,
573 2415 696 2451 Ponto,
721 2413 880 2455 AEgypto,

178 2458 426 2501 Gallograeciae.
454 2459 506 2490 M.

227 2504 273 2535 Et
289 2503 438 2544 qualem,
459 2505 518 2541 ait,
532 2518 577 2525 -—·
585 2502 763 2544 praestabo,
794 2499 878 2532 Haec

179 2547 297 2579 omnia.
325 2545 483 2578 Davisius
507 2547 644 2578 demum
671 2557 689 2577 e
713 2545 880 2576 Thuaneo

179 2591 299 2624 codice
347 2589 500 2629 inseruit,
543 2590 732 2632 reperitque
777 2588 882 2620 etiam

178 2634 337 2668 Clarkius
351 2634 383 2665 in
402 2633 525 2675 Regio.
569 2635 632 2666 Sed
654 2641 688 2665 et
704 2631 879 2674 superiora

184 2678 218 2712 in
238 2678 376 2710 duobus
398 2678 497 2709 codd.
523 2677 622 2709 aliter
638 2678 812 2719 leguntur:
847 2675 881 2707 in

183 2724 300 2756 Petav.
329 2728 403 2754 est:
436 2732 654 2763 oramusque,
678 2726 714 2754 ut
742 2721 883 2752 clemen-

182 2770 277 2808 tiam,
293 2777 397 2809 quam
420 2767 507 2798 victae
531 2767 681 2807 u(lentibus
700 2765 884 2806 pavebuisti,

183 2813 379 2844 calamitosis
402 2811 524 2842 civibus
552 2811 616 2842 tuis
646 2819 713 2841 non
736 2808 882 2850 deneqes.

186 2857 250 2887 em·
267 2857 394 2891 caesar,
407 2865 440 2885 se
452 2864 519 2885 non
535 2854 738 2885 acerbiorem
751 2854 789 2883 in
801 2853 884 2883 cives

177 2899 347 2939 faturum,
362 2909 468 2941 quam
490 2900 525 2930 in
543 2899 647 2930 hostes
664 2899 761 2929 venia
781 2896 885 2928 dona-

947 1795 1117 1836 rossum-it,
1131 1795 1306 1836 mpowlit.
1337 1794 1420 1826 Haec
1436 1794 1552 1827 eadem
1565 1794 1654 1827 Not-

950 1839 1157 1871 vic.cod.sic
1167 1838 1327 1871 exhibet:
1344 1840 1482 1872 utclm.
1501 1859 1513 1865 -
1528 1857 1544 1864 —
1558 1850 1652 1872 acet*-

949 1884 1072 1916 Morem
1089 1886 1124 1914 in
1139 1882 1362 1923 cit-esfuqatis
1376 1895 1386 1913 .·
1411 1883 1533 1914 ceteris
1551 1884 1650 1925 plane

951 1927 1099 1958 omissis.
1139 1927 1257 1958 Nonne
1272 1937 1350 1967 ergo
1368 1925 1439 1958 haec
1461 1927 1575 1958 omnia
1591 1928 1652 1958 ad-

950 1972 1131 2002 ditamenta
1170 1976 1243 2011 post
1272 1969 1412 2002 verbum
1444 1971 1652 2013 deposcimus

949 2015 1065 2057 spuria
1075 2013 1257 2056 judicanda
1270 2020 1366 2046 eruut
1380 2015 1390 2045 ?
1414 2015 1465 2046 M.

996 2060 1152 2090 Remissis
1179 2059 1302 2098 leqatis
1325 2074 1369 2080 —
1393 2058 1440 2089 ad
1473 2059 1652 2090 caesarem.

951 2102 1074 2134 Miram
1092 2101 1248 2143 profecto
1272 2111 1355 2139 rem,
1371 2100 1398 2133 si
1413 2101 1462 2133 sic
1476 2108 1570 2142 gesta.
1592 2102 1651 2134 sit.

951 2147 1046 2178 Hanc
1071 2145 1314 2178 obscuritatem
1342 2144 1428 2178 bene
1451 2145 1578 2187 disjicit
1591 2157 1650 2178 co-

950 2192 1013 2222 dex
1038 2189 1095 2222 ine
1119 2189 1265 2227 Davisii,
1291 2189 1325 2221 in
1347 2200 1416 2231 quo
1437 2188 1486 2222 sic
1503 2190 1648 2231 legitur:

954 2235 1110 2266 Remissa
1136 2235 1270 2273 leqata‘s,
1302 2243 1410 2276 quum
1443 2235 1490 2266 ad
1515 2239 1652 2276 portam.

949 2280 1123 2315 reni-ssent,
1150 2278 1224 2310 Tib.
1247 2277 1386 2316 Tullius,
1421 2288 1526 2320 quum
1546 2279 1650 2313 intro-

949 2328 1081 2354 euntem
1096 2323 1133 2354 C'.
1147 2322 1324 2355 Antonium
1335 2327 1462 2354 secutus
1476 2332 1544 2353 nrm
1556 2327 1650 2361 esset,

948 2368 1083 2398 revertit
1098 2366 1146 2398 ad
1157 2370 1291 2407 portam
1303 2365 1393 2404 (scil.
1410 2364 1592 2404 Antonius)
1604 2383 1651 2390 —-

950 2409 1247 2447 —animadcercit,
1258 2410 1334 2440 sinu
1342 2412 1524 2451 pugionem
1533 2409 1652 2442 eduxit

949 2471 994 2477 —·
1012 2479 1020 2486 .
1058 2454 1124 2485 Sed
1144 2460 1178 2486 et
1194 2463 1294 2495 porro
1316 2453 1444 2495 refugit
1470 2453 1649 2495 legendum

950 2503 1013 2530 est.
1037 2499 1086 2530 M.
1109 2496 1218 2529 Codd.
1239 2496 1344 2529 Norv.
1360 2502 1392 2529 et
1411 2497 1528 2529 Petav.
1542 2501 1649 2530 venis-

950 2547 1034 2574 sene.
1078 2541 1224 2583 Reliqua
1243 2540 1329 2572 bene
1346 2541 1508 2572 Davisius
1522 2541 1651 2573 consti,-

950 2586 1026 2618 tuit.
1039 2586 1210 2628 Sequerer,
1224 2584 1258 2616 ni
1273 2583 1508 2617 cumCellario
1518 2591 1648 2618 metue-

951 2641 1033 2669 rem,
1048 2641 1090 2661 ne
1105 2629 1186 2671 quid
1203 2628 1302 2660 desit.

993 2676 1081 2707 Sinu
1092 2673 1310 2716 μυφειῖιιυὶί.
1336 2673 1383 2704 Ita
1395 2672 1495 2704 codd.
1510 2671 1649 2704 laudati.

952 2719 1063 2761 Vulgo
1088 2718 1254 2757 simulque
1277 2727 1360 2757 puy.
1386 2716 1659 2754 eduxisseamaf

948 2774 1044 2796 mem.
1074 2762 1152 2793 Inde
1165 2760 1254 2791 Oud.
1269 2761 1372 2791 mma
1383 2770 1465 2800 puy.
1479 2759 1594 2794 eduxit
1608 2767 1651 2803 et„

951 2806 1014 2838 Sed
1038 2809 1171 2849 praestat
1194 2802 1296 2835 lectio
1320 2803 1526 2845 optimorum
1547 2805 1653 2840 codd.

952 2850 1093 2893 probata
1108 2847 1246 2881 Clarkio
1261 2851 1295 2883 et
1311 2847 1467 2880 Davisii).
1661 2868 1664 2870 -
