1946 3261
790 216 1213 261 LATINITATIS.

326 355 416 385 flore.
463 345 617 385 Disjecte',
642 342 762 384 sparsi,
785 344 934 384 palantes
957 347 995 382 3,

328 391 380 418 20.
397 392 430 418 et
448 390 480 424 8,
498 391 528 418 3.
553 388 703 419 nondum
720 387 869 418 collecti.
913 389 994 419 Dis-

319 435 412 471 jecta
423 432 611 473 pabulatio,
635 431 702 462 vid.
719 431 760 462 ad
777 433 809 469 8,
837 432 866 461 7.
914 433 995 462 Dis-

318 479 413 516 jecta
435 477 591 516 aedificia,
614 485 681 505 non
705 474 919 512 continuata,
935 478 996 504 aut

328 528 396 549 uno
412 518 492 549 loco
516 519 636 555 multa,
659 519 717 549 sed
741 517 867 559 passim
889 516 997 548 aedifi-

328 567 414 600 cata,
431 564 463 600 8,
487 564 523 594 10
811 564 818 568 ”

287 607 422 646 Βὶερατ
446 607 620 645 praelium,
656 615 724 645 quo
755 603 887 645 pedites
917 613 995 634 cum

327 647 502 689 equitibus
515 649 715 689 confligunt,
732 651 762 685 5,
785 650 822 678 16

283 694 486 733 Βὶεῃανανε,
509 691 700 734 disjungere
731 700 900 732 separare,
926 690 996 722 vid.

323 735 366 765 ad
384 735 414 772 7,
435 737 478 765 28

283 779 482 820 Disponere,
496 777 656 817 (diversis
672 778 780 818 iisque
797 777 898 809 certis
913 778 998 810 locis

328 822 468 863 ponere)
479 823 657 863 praesidia,
679 825 706 861 l,
722 825 754 853 8.
770 823 860 853 unde
872 825 996 863 equites

326 866 490 907 dispositi,
505 866 544 896 C.
564 868 595 903 3,
618 868 687 897 101.
719 876 780 906 per
801 876 888 907 quos
911 876 997 897 nun·

297 924 300 926 “
326 908 401 940 cius
415 909 566 940 adfertur

284 955 458 985 Distinere
472 953 739 991 multitudinem,
762 951 939 994 impedire,
956 963 997 984 ne

327 997 440 1038 plures
477 997 622 1027 eundem
666 996 700 1028 in
731 997 844 1028 locum
874 1007 997 1028 conve-

326 1039 432 1078 niant,
448 1043 479 1077 2,
497 1045 527 1071 5.
553 1043 584 1077 3,
605 1043 652 1071 ll.
676 1042 715 1071 A.
740 1043 788 1071 17.
827 1039 998 1071 Hincdr‘s-

325 1085 426 1115 lineri
448 1084 494 1114 ad
516 1086 781 1124 oppufflmtione,
806 1084 995 1127 prohiberi,

325 1126 476 1164 defendi,
501 1137 542 1156 ne
571 1127 683 1167 possis
710 1137 922 1168 oppugnare,
952 1129 994 1163 11,

330 1173 362 1201 8.
381 1175 415 1201 et
430 1170 594 1201 distentus
607 1170 666 1207 (ab
680 1170 757 1202 aliis
773 1171 918 1211 negotiis
933 1171 994 1201 ab·

327 1218 468 1245 stractus
483 1220 516 1245 et
539 1219 629 1244 totus
651 1215 853 1254 occupatus)
868 1217 905 1245 in
922 1226 997 1246 'mu-

327 1259 466 1293 nitione,
498 1258 542 1287 11.
579 1260 626 1288 11.
672 1259 840 1289 Distemce
881 1269 997 1296 nares,

325 1311 404 1341 quae
439 1305 641 1341 tempestate
679 1301 918 1340 dissociantur,
956 1312 998 1333 ne

329 1354 395 1375 una
409 1344 586 1382 vehantur,
602 1346 642 1375 A.
660 1347 712 1375 45.
727 1346 886 1376 ‹listinere
899 1348 999 1377 ricto-

327 1390 430 1426 riam,
449 1388 562 1429 objice
578 1398 640 1419 suo
658 1398 723 1419 non
741 1388 810 1429 pati
832 1399 909 1419 eam
925 1400 998 1420 esse

327 1431 521 1463 continuam
550 1436 583 1462 et
609 1431 766 1470 solidam,
783 1433 814 1469 7,
833 1434 872 1463 37

285 1477 495 1507 Distribuere
510 1477 671 1506 exercitui
685 1476 838 1513 hiberna,
864 1479 896 1514 8,
913 1479 954 1507 54

284 1521 469 1550 Diversum
487 1520 662 1560 proeliwn,
684 1519 829 1550 diversis
847 1519 880 1551 in
900 1519 999 1558 locis,

328 1566 361 1601 8,
383 1565 417 1593 19

285 1608 426 1645 Docere,
443 1605 599 1647 pluribus
612 1605 738 1644 dicere,
761 1609 787 1645 l,
804 1609 845 1637 43

284 1652 465 1688 Doctrina,
489 1660 542 1681 ars
565 1656 598 1681 et
620 1650 742 1691 peritia
772 1649 910 1682 navium
940 1652 999 1682 ad-

328 1693 637 1733 ministrandarum,
655 1695 693 1725 Α.
715 1697 750 1724 15

287 1739 541 1769 Documentum
563 1741 772 1775 constituere,
804 1738 997 1779 exemplum

329 1791 440 1822 poenae
455 1782 554 1811 edere
573 1781 604 1812 in
621 1782 784 1822 aliquem,
801 1782 854 1812 Af.
873 1785 926 1812 54.

284 1826 507 1863 Delam-acus,
524 1827 555 1863 7,
574 1827 627 1856 73.
682 1826 746 1856 Sed
773 1825 915 1856 verbum
939 1826 1000 1856 du-

329 1868 426 1900 bium
442 1873 493 1899 est

284 1912 704 1951 Domesticumjuelict'um,
719 1911 868 1943 internus
883 1923 1000 1945 sensus

327 1967 346 1987 e
364 1956 460 1987 sactis
476 1960 582 1991 ortus,
598 1956 641 1993 C,
655 1958 686 1987 3,
704 1958 743 1986 60

285 2001 440 2031 Domum
462 2008 656 2036 concursus,
678 2000 718 2030 C.
741 2001 767 2037 1,
785 2000 838 2029 53.
862 2001 1000 2031 domum

328 2043 459 2080 reditio,
483 2045 508 2080 1,
524 2046 542 2072 5

285 2089 440 2118 Dorsum
465 2088 587 2116 montis
611 2095 759 2126 oequum,
783 2086 944 2128 planities
968 2087 1000 2119 in

329 2140 463 2161 summo
480 2134 608 2167 monte,
624 2131 655 2167 7,
671 2132 712 2160 44

289 2175 424 2205 Ducere
439 2174 576 2211 bellum,
592 2173 800 2214 protrahere,
815 2177 841 2212 1,
861 2178 915 2207 38.
940 2177 1003 2207 ‹Iu-

329 2228 401 2249 cere
424 2218 549 2248 bellum
577 2219 615 2247 in
645 2218 799 2256 hiemem,
822 2218 860 2249 C.
892 2221 918 2253 1,
948 2222 1000 2251 61.

330 2262 453 2301 ducere
468 2262 592 2292 bellum
609 2262 756 2302 lonffl'us,
782 2264 813 2293 7.
835 2265 882 2293 11.
906 2264 950 2294 11.
968 2267 1000 2294 8.

330 2306 448 2336 cliwere
477 2306 639 2345 aliquem,
678 2305 904 2345 promittendo
932 2307 1000 2337 essi-

331 2359 420 2386 cere,
452 2354 487 2379 ut
517 2348 636 2380 frustra
664 2355 852 2390 exspectet,
890 2353 915 2389 1,
954 2353 1002 2382 16.

332 2392 462 2424 Ibidem
479 2393 586 2423 dicere
600 2393 690 2423 diem
711 2404 752 2423 ea.-
775 2395 840 2432 die,
864 2405 934 2426 rem
958 2395 1002 2426 ab

333 2447 401 2467 uno
418 2435 474 2467 die
491 2435 524 2466 in
539 2435 646 2467 alium
663 2435 797 2468 differre

290 2483 444 2518 Durum,
458 2479 558 2511 valde
575 2480 806 2520 periculosum
828 2488 862 2513 et
878 2482 1003 2514 moles-

333 2530 416 2563 tum,
437 2528 468 2561 5,
483 2526 525 2554 29

290 2570 479 2600 Duumciri
504 2570 692 2610 municipii,
722 2569 846 2601 summi
877 2570 1003 2611 magis-

336 2617 457 2650 tratus,
473 2611 513 2643 C.
536 2614 562 2650 1,
577 2615 631 2651 23,
647 2615 687 2644 30

292 2744 404 2775 Edere
427 2745 465 2774 in
487 2744 638 2784 alitquem
661 2746 776 2775 omnm
801 2746 953 2786 exempla.
975 2751 1006 2777 et

335 2789 518 2823 cruciatus,
538 2789 565 2825 l,
585 2789 622 2818 31

295 2831 419 2863 Editus
435 2832 537 2867 locus,
551 2829 666 2869 altior,
677 2836 713 2861 ut
729 2831 841 2870 collis,
858 2833 1007 2864 tumulus

297 2874 476 2912 Efl'arcire,
493 2877 524 2911 7,
541 2877 582 2904 23

296 2919 426 2958 Efferre
441 2929 474 2951 se
490 2919 615 2960 (llario,
627 2918 776 2951 eminere
794 2920 882 2951 velle
899 2921 1010 2952 studio

1689 217 1771 260 649

1107 343 1241 386 gloriae,
1263 344 1308 375 H.
1324 346 1378 376 23.
1401 343 1514 383 efferre
1528 347 1566 376 in
1582 345 1717 387 vulgum,
1745 347 1772 382 1,

1109 391 1163 419 46.
1189 390 1221 425 6,
1250 390 1286 418 13
1309 387 1418 426 efferri
1440 389 1632 426 iracundia,
1663 391 1695 424 8,
1725 390 1774 418 19.

1105 432 1228 467 studio,
1251 432 1291 462 C.
1321 434 1346 469 1,
1371 435 1423 463 45.
1452 434 1578 474 gloria,
1598 432 1639 463 C.
1665 433 1696 469 3,
1720 433 1772 462 79.

1105 475 1239 511 zoemm,
1254 477 1285 512 8,
1300 477 1342 506 29

1065 515 1205 556 Efficere
1219 521 1369 558 spatium
1382 529 1482 550 cursu
1497 524 1528 550 et
1551 519 1689 556 viribus,
1710 517 1774 549 ab-

1109 560 1254 598 solvere,
1278 564 1310 599 4,
1335 565 1387 593 35.
1425 561 1552 602 efficere
1588 572 1775 594 numerum

1107 605 1266 641 militum,
1283 606 1314 637 7.
1330 607 1361 636 4.
1385 606 1430 636 cf.
1446 607 1606 644 conficere

1066 646 1221 686 Effodere
1241 647 1394 684 domum,
1416 649 1449 679 vi
1464 649 1611 690 aperire.
1635 649 1774 690 aufbre-

1107 691 1307 732 chen,saire
1321 690 1506 730 effraction,
1530 692 1570 723 C.
1589 695 1620 731 3,
1635 695 1675 722 42

1067 733 1250 774 Effimdere
1264 744 1298 765 se
1312 736 1350 765 in
1365 745 1480 776 αρτ-οε,
1503 746 1562 776 per
1576 746 1635 767 eos
1652 735 1778 777 spargi,

1106 778 1234 819 vagari,
1252 783 1283 815 5.
1305 779 1341 809 19

1066 823 1198 862 Ejicere
1220 832 1254 853 se
1275 832 1318 853 ει·
1339 823 1444 859 silo-is,
1468 822 1545 854 inde
1561 822 1775 863 eruptionem

1103 866 1230 903 facere,
1253 869 1284 903 5,
1306 868 1354 896 15.
1369 867 1484 906 ejicere
1498 876 1530 897 se
1546 876 1587 897 ex
1601 867 1734 907 oppido,
1750 870 1782 904 5,

1110 911 1163 939 2l.
1188 914 1221 939 et
1236 919 1277 939 em
1291 911 1423 947 castris,
1446 912 1478 948 4,
1499 912 1547 940 15.
1578 909 1656 941 inde
1678 909 1779 941 aufu-

1109 962 1199 991 gere,
1214 957 1250 982 ut
1267 951 1341 982 Liv.
1365 955 1390 989 l,
1405 955 1458 984 40.
1483 953 1580 993 foras
1594 964 1628 985 se
1649 956 1778 994 ejicere,

1109 998 1226 1033 ejicere
1240 1006 1363 1027 navem
1381 998 1417 1026 in
1433 1001 1572 1033 terram,
1595 997 1779 1038 adpellere,

1110 1042 1141 1077 3,
1165 1043 1218 1077 25,
1249 1042 1303 1070 28.
1334 1041 1467 1080 ejicitur
1487 1043 1586 1070 naz-is
1617 1043 1653 1071 in
1683 1042 1780 1072 litore

1106 1083 1156 1120 (in
1170 1083 1268 1122 litus)
1280 1087 1482 1124 tempestate,
1497 1087 1530 1120 5,
1545 1085 1592 1114 10.
1604 1084 1647 1114 cf.
1661 1085 1781 1115 elidere

1067 1127 1216 1165 Etidere,
1244 1136 1348 1157 nates
1374 1130 1565 1168 tempestate
1594 1127 1782 1164 eliduntur,

1109 1171 1151 1200 ad
1168 1171 1249 1202 litus
1261 1175 1293 1201 et
1305 1171 1468 1211 scopulos
1478 1169 1686 1208 adliduntur,
1697 1170 1737 1202 C.
1751 1174 1781 1207 3,

1112 1215 1152 1243 2⁷

1069 1257 1217 1289 Elmlere
1246 1258 1408 1298 aliquem,
1436 1257 1507 1298 ejus
1531 1262 1654 1290 conata
1681 1257 1776 1290 irrita
1827 1277 1829 1279 >

1113 1301 1262 1339 reddere,
1279 1300 1320 1331 C.
1342 1304 1368 1339 l,
1383 1304 1425 1331 58

1072 1345 1256 1385 Flmiyrare
1271 1345 1379 1382 domo,
1400 1347 1428 1381 l,
1444 1347 1482 1376 31

1070 1389 1234 1419 Emittere
1247 1390 1368 1429 pilum,
1386 1392 1417 1426 2,
1433 1391 1475 1418 23

1071 1433 1349 1469 Emolimentum,
1371 1434 1398 1470 1,
1417 1435 1457 1463 34

1070 1476 1190 1514 Enim,
1205 1475 1390 1511 enimvero,
1404 1481 1435 1514 5,
1449 1476 1480 1506 7.
1503 1476 1542 1507 C.
1564 1477 1590 1514 l,
1605 1476 1659 1507 81.
1683 1476 1723 1507 C.
1738 1480 1771 1513 2,

1115 1522 1166 1549 32.
1193 1520 1296 1551 Gron.
1312 1520 1354 1550 ad
1369 1519 1445 1550 Liv.
1465 1521 1518 1557 31,
1537 1523 1575 1550 32

1069 1563 1281 1600 Enunce'are,
1294 1564 1388 1603 quod
1404 1563 1493 1594 clam
1512 1563 1622 1595 fuerat
1635 1568 1779 1605 gestum,

1113 1606 1229 1646 eloqui
1247 1606 1372 1647 palam,
1394 1610 1422 1645 1,
1438 1610 1470 1638 4.
1499 1609 1534 1637 17

1082 1650 1311 1691 Ephippiatus
1355 1651 1465 1692 eques,
1505 1651 1563 1691 qui
1609 1650 1780 1693 ephippio

1109 1693 1225 1731 utitur,
1242 1698 1271 1732 ιι,
1287 1697 1306 1724 2

1071 1738 1231 1779 Epibata,
1247 1739 1285 1769 Α.
1307 1739 1356 1769 ll.
1381 1738 1435 1769 Af.
1459 1741 1514 1777 20,
1532 1741 1584 1770 62.
1630 1740 1692 1771 Est
1707 1749 1781 1770 ver-

1114 1781 1194 1812 bum
1224 1792 1373 1821 graecum
1403 1782 1415 1811 ὄ
1442 1781 1599 1821 ἐπιβάτης,
1619 1784 1711 1824 quod
1736 1793 1779 1814 ex

1113 1825 1319 1865 etymologia
1336 1825 1505 1867 significat
1521 1837 1611 1866 eum,
1625 1827 1685 1868 qui
1701 1837 1781 1858 con-

1113 1869 1246 1900 scendit
1257 1880 1376 1900 navem
1392 1882 1400 1907 3
1418 1871 1475 1901 sed
1488 1881 1528 1901 ex
1544 1882 1607 1902 usu
1620 1870 1781 1912 loquendi

1112 1913 1313 1945 nominatim
1327 1913 1474 1945 militem
1487 1914 1713 1953 classiarium,
1724 1913 1784 1956 qui

1112 1967 1131 1987 e
1157 1957 1236 1988 navi
1262 1964 1398 1998 pugnat,
1423 1958 1622 1999 oppositum
1649 1958 1783 1997 ceteris,

1114 2000 1173 2040 qui
1192 2001 1224 2031 in
1242 2011 1327 2032 nave
1343 2007 1434 2033 sunt.
1454 2002 1524 2032 vid.
1544 2002 1721 2034 Duckerus
1742 2003 1785 2034 ad

1113 2044 1267 2085 Thucyd.
1285 2047 1315 2076 6.
1332 2047 1374 2076 43

1071 2087 1299 2127 Erqastulum
1314 2090 1450 2127 solt-ere,
1466 2089 1579 2121 locum
1593 2089 1625 2121 in
1638 2089 1732 2128 villa,
1751 2090 1784 2122 in

1113 2142 1182 2171 quo
1194 2131 1318 2163 inclusi
1331 2132 1626 2173 suntgladiatores,
1638 2134 1782 2174 aperire,

1114 2185 1174 2206 eos
1189 2177 1334 2207 educere
1351 2177 1392 2207 ad
1410 2177 1553 2216 bellum,
1568 2177 1608 2209 C.
1627 2181 1658 2216 3,
1674 2181 1714 2209 22

1075 2219 1220 2257 Ericius,
1235 2219 1273 2250 C.
1291 2223 1321 2258 3,
1339 2221 1379 2251 67

1073 2263 1216 2304 Eripere
1230 2263 1409 2304 (liberare)
1431 2275 1486 2303 se;
1515 2275 1558 2297 ne
1568 2283 1613 2288 —
1628 2268 1654 2304 l,
1668 2268 1700 2297 4.
1716 2268 1781 2297 eri-

1112 2318 1195 2348 pere
1210 2319 1227 2339 e
1239 2310 1402 2349 periculo,
1420 2312 1451 2344 4,
1471 2312 1507 2340 12

1073 2351 1262 2393 Erumpere
1277 2364 1310 2383 se
1326 2355 1446 2393 portis,
1468 2352 1683 2393 eruptionem
1707 2352 1783 2384 inde

1117 2396 1238 2434 facere,
1253 2396 1291 2426 C.
1305 2399 1338 2433 2,
1360 2399 1406 2427 14.
1422 2395 1474 2427 Cf.
1490 2399 1616 2437 eje'cere,
1629 2399 1782 2428 incitare.

1115 2440 1307 2481 Erumpere
1321 2442 1411 2471 iram
1422 2442 1459 2471 in
1471 2442 1634 2482 ale'quem,
1649 2440 1689 2472 C.
1705 2444 1737 2479 3,
1749 2444 1781 2473 8.

1113 2483 1263 2515 Gronov.
1278 2485 1321 2514 ad
1336 2483 1411 2515 Liv.
1429 2486 1482 2523 36,
1499 2487 1517 2515 7

1075 2527 1168 2566 Esse,
1193 2532 1364 2569 quantum
1384 2531 1423 2559 in
1445 2531 1577 2560 ratione
1605 2534 1661 2567 est,
1685 2531 1717 2566 8,
1749 2532 1781 2560 6.

1111 2582 1179 2602 esse
1201 2574 1344 2603 summis
1366 2573 1501 2611 laboris,
1522 2573 1674 2604 laborem
1697 2573 1784 2604 ferre

1115 2626 1229 2656 posse,
1245 2619 1278 2653 4,
1293 2619 1311 2645 2

1076 2660 1251 2693 Fls-sedum.
1264 2662 1295 2692 4.
1310 2663 1363 2690 33.
1379 2662 1410 2697 5,
1422 2661 1454 2690 9.
1470 2660 1669 2699 essedarios,
1681 2663 1714 2698 4,
1726 2663 1780 2691 24.

1118 2702 1287 2739 Quantum
1319 2714 1337 2732 e
1370 2703 1480 2743 primo
1519 2704 1595 2734 loco
1626 2704 1782 2745 judicare

1118 2746 1210 2783 licet,
1227 2756 1345 2777 currus
1360 2746 1505 2777 bellicus
1526 2747 1589 2778 fuit
1607 2748 1667 2788 qui
1692 2749 1782 2781 nihil

1119 2789 1185 2820 nisi
1199 2789 1282 2820 rotis
1299 2789 1496 2830 impositam
1518 2791 1636 2823 sellam
1659 2790 1782 2836 (δίφρον)

1119 2833 1252 2870 habuit,
1269 2833 1300 2864 in
1317 2843 1385 2874 qua
1402 2833 1502 2864 miles
1513 2840 1545 2866 et
1555 2836 1672 2876 auriga
1689 2838 1782 2868 sede-

1120 2881 1203 2908 rent.
1240 2877 1391 2907 Fortasse
1407 2877 1533 2908 similia
1547 2878 1679 2912 fuerunt
1692 2880 1783 2922 bigis

1124 2926 1157 2964 et
1171 2920 1346 2962 quadrigis
1361 2920 1579 2953 Circensibus
