1946 3261
3 3122 10 3142 or

0 3145 11 3261 mr

575 149 694 197 LIB.
728 146 860 197 VIII.
922 142 1063 195 CAP.
1095 142 1287 194 25-2'9.
1583 149 1667 193 241

230 282 302 327 27.
338 280 506 326 Eodem
527 290 727 340 tempore
757 281 810 324 C.
837 279 1015 329 Fabius,
1051 278 1260 336 Legatus,
1294 276 1544 337 complures
1564 278 1668 321 civi-

174 350 287 385 tates
306 342 349 385 in
371 341 503 385 fidem
525 341 700 400 recipit,
722 340 946 384 obsidibus
960 338 1122 387 firmat,
1140 338 1389 396 litterisque
1414 338 1467 380 C.
1492 337 1669 381 Caninii

175 401 324 446 Rebili
364 400 416 444 fit
456 401 634 450 certior,
676 416 774 458 quae
814 400 858 443 in
897 396 1153 440 Pictonibus
1193 406 1421 455 gerantur.
1496 397 1670 448 Quibus

173 461 306 504 rebus
327 460 530 519 cognitis,
556 459 851 519 proficiscitur
869 457 926 500 ad
955 455 1168 499 auxilium
1201 456 1397 500 Duratio
1421 456 1670 500 ferendum.

175 520 240 562 At
270 521 544 569 Dumnacus,
565 519 759 562 adventu
784 517 909 561 Fabii
945 515 1138 574 cognit0‚
1178 514 1411 573 desperata
1445 515 1603 567 salute,
1638 514 1675 558 si

171 578 326 621 eodem
377 588 574 636 tempore
616 586 792 620 coactus
842 584 954 620 esset
999 584 1044 618 et
1090 573 1393 617 Romanorum
1440 583 1673 618 externum

171 638 386 681 sustinere
409 637 574 679 hostem
597 645 643 679 et
666 637 881 695 respicere
920 651 971 678 ac
1003 634 1156 677 timere
1192 632 1454 692 oppidanos,
1490 643 1674 693 repente

173 713 226 740 eo
248 713 302 739 ex
323 696 419 739 loco
442 712 542 739 cum
564 695 700 754 copiis
730 696 896 738 recedit
916 711 925 737 :
961 710 1037 737 nec
1067 709 1110 736 se
1139 692 1243 735 satis
1266 701 1416 735 tutum
1444 692 1539 736 fore
1560 694 1676 736 arbi—

174 765 341 806 tratur,
364 755 443 799 nisi
474 755 631 798 flumen
657 754 866 813 Ligerim,
889 754 1008 813 quod
1029 759 1125 795 erat
1146 761 1281 811 ponte
1304 767 1387 810 pro
1422 760 1490 794 ter
1512 753 1677 809 magni-

173 815 371 858 tudinem
413 813 742 863 transeundum,
785 815 932 873 copias
969 811 1303 855 transduxisset.
1385 768 1565 862 Fabius,
1596 811 1677 854 etsi

174 873 369 917 nondum
399 874 443 917 in
486 882 766 933 conspectum
818 882 998 916 venerat
1048 871 1265 921 hostibus,
1310 886 1452 930 neque
1488 886 1532 914 se
1580 886 1681 914 cum

178 933 366 977 Caninio
417 934 723 992 conjunxerat,
776 941 921 976 tamen
963 931 1118 975 doctus
1156 930 1215 974 ab
1252 931 1319 981 iis,
1363 930 1440 988 qui
1479 930 1682 974 locorum

174 996 387 1036 noverant
421 1002 642 1042 naturam,
683 993 956 1052 potissimum
995 990 1200 1039 credidit,
1235 989 1379 1033 hostes
1417 990 1682 1048 perterritos

174 1067 275 1095 eum
297 1052 460 1103 locum,
483 1069 614 1111 quem
637 1052 837 1111 petebat,
868 1054 1103 1111 petituros.
1169 1049 1326 1108 Itaque
1342 1064 1443 1092 cum
1465 1047 1602 1106 copiis
1623 1047 1682 1090 ad

174 1110 375 1155 eumdem
399 1122 579 1170 pontem
599 1112 844 1161 contendit,
866 1111 1204 1169 equitatumque
1227 1117 1403 1152 tantum
1439 1107 1684 1167 procedere

177 1177 280 1213 ante
300 1183 458 1227 agmen
480 1168 668 1227 imperat
691 1171 931 1229 legionum,
971 1181 1186 1227 quantum
1217 1184 1356 1227 quum
1389 1168 1689 1224 processisset,

175 1229 265 1272 sine
301 1227 620 1286 defatigatione
659 1241 874 1283 equorum
914 1227 956 1268 in
997 1227 1148 1269 eadem
1187 1244 1231 1267 se
1270 1226 1489 1283 reciperet
1524 1234 1685 1269 castra.

179 1288 528 1346 Consequuntur
567 1285 737 1342 equites
775 1285 931 1332 nostri,
989 1291 1039 1324 ut
1082 1290 1177 1324 erat
1231 1293 1516 1342 praeceptum,
1565 1285 1687 1328 inva-

178 1347 380 1403 duntque
403 1345 622 1389 Dumnaci
644 1358 802 1401 agmen
841 1351 903 1391 et,
947 1341 1166 1399 fugientes
1208 1343 1560 1401 perterritosque
1601 1345 1685 1387 sub

177 1406 356 1449 sarcinis
379 1405 421 1447 in
445 1404 599 1447 itinere
622 1402 831 1460 adgressi,
856 1416 1015 1457 magna
1042 1399 1209 1458 praeda,
1245 1401 1397 1443 multis
1428 1402 1689 1453 interfectis,

180 1466 428 1524 potiuntur.
493 1462 580 1512 Ita,
602 1478 650 1504 re
674 1462 782 1504 bene
805 1469 945 1520 gesta,
969 1476 1012 1502 se
1030 1459 1252 1517 recipiunt
1271 1459 1312 1502 in
1331 1469 1488 1503 castra.

239 1525 311 1566 28.
348 1522 602 1580 Insequenti
625 1530 751 1563 nocte
768 1520 932 1562 Fabius
951 1519 1121 1576 equites
1143 1519 1391 1576 praemittit,
1414 1520 1473 1562 sic
1494 1529 1691 1579 paratos,

180 1592 232 1627 ut
254 1582 544 1641 confligerent
564 1589 700 1638 atque
723 1595 849 1622 omne
879 1594 1037 1636 agmen
1070 1587 1366 1628 morarentur,
1407 1579 1512 1621 dum
1546 1595 1691 1623 conse-

178 1651 394 1701 queretur
429 1642 536 1699 ipse.
603 1638 742 1696 Cujus
766 1637 1001 1698 praeceptis
1036 1646 1086 1678 ut
1109 1653 1176 1679 res
1200 1644 1449 1695 gereretur,
1476 1638 1531 1687 Q.
1560 1639 1692 1681 Atius

182 1702 343 1751 Varus,
371 1701 610 1744 Praefectus
632 1699 850 1756 equitum,
888 1696 1120 1756 singularis
1153 1705 1199 1739 et
1223 1696 1355 1739 animi
1378 1705 1423 1739 et
1444 1698 1690 1756 prudentiae

181 1762 266 1812 vir,
303 1776 401 1804 suos
442 1759 666 1808 hortatur,
705 1773 950 1817 agmenque
989 1756 1179 1800 hostium
1213 1766 1486 1807 consecutus,
1520 1766 1690 1800 turmas

181 1821 346 1882 partim
377 1819 543 1863 idoneis
565 1819 668 1862 locis
689 1817 896 1876 disponit,
922 1817 1084 1875 partim
1119 1816 1320 1873 equitum
1344 1816 1552 1876 proelium
1574 1832 1689 1859 com-

180 1881 333 1924 mittit.
400 1879 613 1923 Consistit
646 1877 855 1921 audacius
883 1877 1105 1934 equitatus
1127 1875 1335 1925 hostium,
1358 1876 1691 1919 succedentibus

181 1940 263 1984 sibi
282 1939 520 1998 peditibus,
541 1938 635 1995 qui,
667 1946 764 1980 toto
794 1937 966 1995 agmine
1003 1935 1306 1985 subsistentes,
1348 1936 1571 1993 equitibus
1605 1936 1694 1978 suis

182 2009 337 2042 contra
386 2008 557 2042 nostros
599 1997 750 2040 ferunt
793 1996 1020 2039 auxilium.
1106 1995 1180 2037 Fit
1219 1995 1423 2053 proelium
1466 1995 1556 2038 acri
1600 2011 1693 2038 cer·

184 2058 374 2102 tamine:
411 2073 596 2114 namque
630 2056 781 2105 nostri,
818 2055 1047 2098 contemtis
1071 2053 1215 2113 pridie
1238 2054 1456 2113 superatis
1477 2053 1693 2104 hostibus,

185 2134 322 2176 quum
347 2116 553 2174 subsequi
577 2116 767 2175 legiones
789 2115 1095 2164 meminissent,
1125 2122 1170 2155 et
1204 2112 1375 2171 pudore
1414 2112 1612 2162 cedendi,
1645 2123 1691 2156 et

188 2176 431 2236 cupiditate
456 2192 533 2234 per
555 2192 598 2217 se
622 2173 873 2217 conficiendi
899 2173 1062 2232 proelii,
1094 2171 1326 2215 fortissime
1350 2181 1505 2215 contra
1527 2172 1694 2231 pedites

188 2236 512 2296 proeliabantur
533 2250 541 2276 :
568 2233 817 2290 hostesque,
837 2232 944 2275 nihil
965 2231 1154 2291 amplius
1169 2231 1394 2289 copiarum
1415 2247 1691 2275 accessurum

187 2295 434 2345 credentes,
476 2302 527 2336 ut
559 2292 702 2352 pridie
740 2300 1055 2350 cognoverant,
1092 2290 1268 2334 delendi
1301 2290 1526 2350 equitatus
1555 2291 1693 2334 nostri

189 2354 309 2397 nacti
329 2353 603 2398 occasionem
627 2351 907 2395 videbantur.

254 2413 328 2456 29.
364 2413 513 2463 Quum
556 2410 827 2470 aliquamdiu
857 2425 1025 2454 summa
1067 2409 1346 2454 contentione
1388 2408 1692 2459 dimicaretur,

252 2569 396 2608 Fivmat,
421 2573 458 2598 ut
476 2567 509 2599 in
526 2567 592 2599 fide
608 2573 767 2600 maneant
793 2565 911 2599 efficit.
1036 2567 1104 2599 Ita.
1119 2565 1179 2598 alii
1198 2567 1332 2608 Itaque.

193 2613 246 2645 M.
1033 2614 1073 2646 Q.
1086 2613 1179 2643 Alius
1193 2611 1312 2642 Varus.
1330 2609 1385 2641 Sic
1402 2608 1553 2652 Scaliger
1568 2621 1586 2640 e
1604 2618 1689 2640 con-

238 2658 290 2690 Ad
305 2657 491 2689 auxilium.
509 2656 570 2688 alii
585 2657 630 2689 ml
644 2659 786 2690 aurile'a.
969 2654 1107 2694 jectura
1132 2655 1245 2687 Fulvii
1262 2653 1391 2686 Ursini.
1420 2653 1489 2686 Alii
1509 2656 1547 2689 Q.
1569 2654 1686 2686 Tatiae

240 2703 440 2734 Eoetmmum.
469 2701 540 2733 Alii
555 2707 585 2734 et
600 2707 786 2740 externum,
799 2708 829 2735 et
842 2713 900 2734 ear-
966 2706 1032 2731 etc.

193 2749 346 2780 meltum.
1015 2745 1307 2778 Suos-islensemalii
1317 2743 1406 2775 male
1415 2753 1430 2773 s
1440 2740 1462 2765 -2
1476 2742 1697 2775 miscentibus.

241 2792 285 2823 In
313 2794 533 2834 conspectum.
561 2790 623 2822 alii
652 2794 690 2823 in
717 2796 900 2834 conspectu.
1017 2791 1084 2822 Per
1104 2801 1138 2821 se
1163 2792 1275 2831 confic.
1287 2789 1419 2832 proelii.
1446 2787 1518 2820 Alii
1537 2787 1692 2830 praemit-

193 2835 275 2869 vide
290 2843 364 2868 not.
380 2836 423 2869 ad
447 2846 477 2866 c.
505 2838 541 2867 8.
568 2842 642 2869 tum
669 2846 731 2880 pro
758 2837 904 2870 hostibus
971 2839 1045 2868 tunt
1059 2835 1198 2871 celerius
1213 2834 1345 2868 ἰηνκιε
1366 2831 1470 2869 codd·

194 2879 254 2914 alii
271 2881 383 2920 hostis,
400 2882 556 2915 Iao-stium.

1503 2940 1534 2974 R
