1946 3261
604 146 723 192 LIB.
755 147 818 192 II.
881 148 1018 193 CAP.
1048 148 1238 193 23—25.
1626 149 1683 193 55

197 271 361 332 aliique
404 273 532 317 aliam
584 275 628 317 in
667 285 838 334 partem
894 276 1121 335 perterriti
1160 275 1430 320 ferebantur.
1511 273 1684 325 Quibus

198 333 398 377 omnibus
418 333 548 376 rebus
567 335 754 392 permoti
775 335 942 393 equites
964 335 1151 385 Treviri,
1186 351 1375 392 quorum
1395 335 1508 378 inter
1532 334 1684 379 Gallos

199 391 375 435 virtutis
406 392 554 450 opinio
588 401 651 436 est
682 394 925 452 singularis,
959 394 1036 452 qui
1071 394 1219 436 auxilii
1255 409 1400 438 caussa
1427 393 1484 439 ab
1505 393 1683 438 civitate

198 450 309 493 missi
327 450 382 493 ad
407 451 617 495 Caesarem
637 462 861 503 venerant,
881 469 1018 511 quum
1039 451 1320 505 multitudine
1338 452 1526 497 hostium
1544 460 1686 496 castra

198 517 346 552 nostra
366 509 590 567 compleri,
613 509 802 567 legiones
823 512 961 569 premi
982 520 1028 553 et
1050 526 1168 568 paene
1189 510 1506 553 circumventa-s
1527 511 1683 560 teneri,

197 567 382 618 calones,
404 569 586 625 equites,
612 568 870 618 funditores,
896 569 1124 618 Numidas,
1150 569 1341 610 diversos
1371 568 1684 627 dissipatosque

195 626 239 668 in
276 641 420 668 omnes
457 634 601 683 partes
638 626 791 685 fugere
819 628 1039 677 vidissent,
1075 626 1313 685 desperatis
1347 627 1500 668 nostris
1537 629 1683 677 rebus,

196 684 376 728 domum
397 684 738 728 contenderunt:
774 686 990 729 Romanos
1012 685 1157 743 pulsos
1178 694 1508 744 superatosque,
1539 687 1686 729 castris

195 742 585 800 inpedimentisque
603 759 752 786 eorum
765 745 907 788 hostes
925 746 1103 803 potitOS‚
1122 743 1286 786 civitati
1306 743 1683 787 renunciaverunt.

255 802 327 843 25.
363 802 522 851 Caesar,
555 802 612 845 ab
649 802 824 846 decimae
859 804 1038 861 legionis
1067 802 1363 845 cohortatione
1399 801 1454 844 ad
1479 801 1684 846 dextrum

197 876 332 903 cornu
355 860 594 918 profectus,
631 862 708 904 ubi
744 879 841 905 suos
874 862 1053 920 urgueri
1075 862 1290 919 signisque
1322 861 1364 902 in
1387 876 1521 903 unum
1541 860 1684 903 locum

196 919 375 962 conlatis
408 919 676 963 duodecimae
710 921 890 979 legionis
923 921 1142 964 confertos
1178 920 1336 962 milites
1368 919 1449 962 sibi
1485 920 1597 977 ipsos
1629 920 1685 962 ad

196 994 390 1037 pugnam
415 994 502 1021 esse
537 979 855 1037 inpediment03
888 989 1055 1037 quartae
1080 979 1268 1022 cohortis
1299 978 1498 1021 omnibus
1521 978 1683 1021 Centu—

193 1037 389 1090 rionibus
408 1038 555 1080 occisis
576 1038 883 1096 Signifer-oque
905 1038 1151 1087 interfecto,
1173 1038 1295 1081 siano
1314 1037 1480 1086 amisso,
1500 1037 1685 1095 reliqua-

151 1124 154 1127 ·
194 1113 293 1140 rum
330 1095 575 1140 cohortium
608 1098 806 1140 omnibus
837 1099 928 1140 fere
952 1074 1295 1140 Centurionissus
1322 1104 1400 1139 aut
1433 1095 1687 1147 vulneratis,

196 1164 274 1198 aut
304 1156 467 1205 occisis,
497 1156 541 1198 in
571 1155 633 1198 his
664 1156 809 1200 Primo
841 1157 947 1215 pilo,
982 1157 1030 1199 Ρ.
1059 1156 1209 1199 Sextio
1243 1155 1424 1205 Baculo,
1458 1155 1686 1198 fortissimo

197 1214 305 1265 viro,
336 1214 483 1257 multis
505 1215 798 1273 gravibusque
822 1216 1077 1258 vulneribus
1098 1215 1314 1263 confecto,
1346 1224 1396 1256 ut
1423 1214 1509 1271 jam
1536 1230 1578 1256 se
1601 1231 1687 1257 sus-

196 1274 332 1316 tinere
371 1289 456 1316 non
486 1282 645 1332 posset,
682 1275 871 1331 reliquos
906 1292 994 1317 esse
1028 1274 1263 1322 tardiores3
1296 1282 1339 1315 et
1370 1272 1597 1317 nonnullos
1629 1277 1686 1319 ab

195 1331 428 1376 novissimis
467 1332 660 1375 desertos
698 1333 853 1390 proelio
892 1334 1099 1377 excedere
1135 1349 1183 1375 ac
1223 1332 1310 1374 tela
1347 1333 1507 1379 vitare;
1558 1331 1690 1375 hostis

195 1407 336 1449 neque
357 1407 382 1434 a
404 1391 549 1434 fronte
568 1408 622 1434 ex
644 1392 846 1434 inferiore
865 1392 962 1435 loco
984 1392 1218 1435 subeuntes
1239 1391 1545 1440 intermittere,
1566 1400 1610 1434 et
1630 1392 1688 1434 ab

244 1522 414 1552 Diversos.
429 1520 519 1551 alios
532 1519 607 1551 alio
622 1519 712 1551 loco.
735 1520 788 1552 M.

245 1566 293 1596 Ab
310 1565 380 1596 dec.
395 1566 462 1604 leq.
480 1564 601 1597 cohart.
623 1562 678 1593 Cf.
691 1571 770 1601 cap.
786 1563 839 1592 21.
856 1563 906 1592 M.

198 1608 294 1650 Lips.
310 1609 408 1639 elect.
425 1611 457 1640 2.
474 1608 505 1636 7.
527 1606 621 1646 quod
644 1606 676 1636 in
695 1616 725 1634 v.
743 1606 819 1635 cod.
835 1611 907 1636 erat.

195 1655 327 1685 cohorte
343 1661 406 1692 pro
424 1652 663 1682 cohortatione,
679 1648 819 1679 rescribi
837 1649 905 1680 vult

195 1696 278 1729 satis
301 1696 462 1727 audacter
501 1705 579 1724 czcm.
606 1695 743 1725 ‹lecimae
766 1694 907 1733 lessionls

195 1743 327 1774 cohorte
333 1763 340 1770 .

243 1785 317 1817 Sibi
342 1786 441 1826 ipsas.
494 1781 548 1813 Sic
572 1779 654 1812 boni
681 1781 778 1812 codd.
803 1782 906 1819 vulgo

194 1829 258 1860 siba·
273 1830 367 1870 ipsis.
404 1827 447 1858 V.
469 1832 503 1858 et
527 1828 560 1865 7,
583 1827 636 1856 70.
661 1827 714 1856 82.
748 1825 789 1856 C.
806 1828 838 1864 3,
855 1827 908 1857 7¹2.

198 1873 272 1905 Afr.
288 1874 343 1904 93.

243 1917 490 1958 Inpedimemo.
537 1914 678 1945 Additur
703 1913 737 1944 in
755 1914 856 1945 codd.
873 1919 907 1945 et

198 1961 274 1993 edd.
289 1966 357 1991 vet.
370 1958 463 1997 vidit,
474 1969 516 1991 ex
529 1958 664 1989 inscitia
679 1957 907 1995 librariorum,

198 2004 331 2046 periodi
347 2003 511 2045 longioris
527 2001 681 2043 syntaxin
706 1999 907 2033 non'adx·'e1·-

196 2049 355 2081 tentiurn.

243 2095 361 2125 Primo
384 2093 468 2134 pv'lo,
492 2091 558 2122 i.e.
574 2090 779 2122 Centurione
803 2089 906 2132 primi

199 2137 280 2180 pili:
307 2137 393 2168 hunc
411 2136 500 2167 enim
516 2134 759 2166 Centurionem
789 2140 907 2175 putant

197 2180 403 2223 simpliciter
425 2179 555 2211 dictum
582 2189 654 2210 esse
677 2178 829 2210 Primum
855 2178 908 2219 pi-

197 2227 281 2258 lum.
327 2225 392 2256 Sed
415 2235 494 2255 cum
512 2224 578 2255 hoc
596 2223 760 2254 incertum
777 2223 832 2255 sit.
858 2224 906 2261 (v.

199 2270 300 2301 Gesn.
317 2269 403 2300 thes.
420 2267 458 2299 L.
475 2268 513 2298 L.
530 2267 563 2298 in
575 2269 678 2309 pilus,
696 2272 729 2297 et
746 2267 908 2297 Camera-

197 2313 268 2345 rius
283 2314 327 2344 ad
342 2313 411 2344 h.l.
427 2311 583 2349 Caesaris,
607 2311 665 2352 qui
689 2322 724 2342 se
750 2310 906 2341 dubitare

155 2364 179 2373 ·'
197 2356 283 2388 dicit
300 2358 342 2388 de
354 2357 454 2398 hujus
467 2355 618 2387 nominis
632 2354 772 2393 forma.)
787 2354 905 2385 malim

194 2404 300 2443 primi
309 2402 386 2441 pili,
397 2406 432 2431 ut
444 2400 592 2441 syntaxis
607 2399 670 2430 sit:
697 2401 908 2431 Cenon-inmt-

197 2447 259 2476 bus
277 2447 472 2481 vulneratis.
495 2447 531 2475 in
548 2445 599 2475 Izi-s·
614 2445 717 2483 primi
731 2444 794 2483 pisi
817 2442 906 2481 (scil.

196 2487 434 2526 Centurione):
470 2488 570 2529 plane
594 2493 631 2518 ut
656 2487 747 2528 apud
776 2485 850 2517 Liv.
876 2489 907 2523 7,

197 2534 252 2564 41.
276 2534 528 2574 qui—primus
544 2533 698 2563 Centurio
711 2535 906 2571 erat.quem

196 2587 288 2609 num:
318 2577 423 2617 primi
450 2576 514 2616 pili
551 2577 613 2615 (sc.
646 2574 906 2613 Centurionem)

197 2621 384 2661 adpellant.
430 2619 464 2649 In
491 2619 594 2650 codd.
611 2617 757 2650 Caesaris
779 2623 813 2648 et
835 2620 906 2658 pri-

197 2666 335 2706 mopilo,
361 2669 393 2694 et
416 2665 523 2703 primi
544 2665 609 2703 pili
637 2662 770 2703 legitur,
795 2672 814 2692 e
838 2673 905 2702 qno

198 2709 274 2740 edd.
304 2706 511 2739 recentiores
538 2708 712 2747 primipilo
743 2705 905 2744 fecerunt,

195 2763 271 2793 quae
286 2752 393 2783 forma
416 2761 458 2781 ne
482 2749 587 2781 latina
610 2749 748 2790 quidem
765 2749 905 2781 videtur.

198 2797 255 2828 Gr.
271 2796 440 2837 metaphr.
456 2793 556 2836 plane
570 2793 697 2825 omisit.
729 2794 906 2824 Sententiae

199 2841 424 2882 interpretum
453 2840 493 2869 de
521 2839 582 2870 hac
611 2849 656 2870 re.
682 2847 724 2869 an
752 2839 906 2870 Centurio

196 2887 304 2926 primi
334 2885 397 2925 pile?
426 2882 531 2914 etiam
565 2881 677 2913 dictus
703 2882 744 2913 sit
771 2883 908 2914 Primus

195 2930 299 2970 pilus,
314 2927 526 2969 primipilus,
540 2927 759 2967 Prinmpilus,
776 2937 807 2957 ν.
823 2925 907 2958 Dio-

976 1530 1046 1559 nys.
1064 1518 1178 1549 Halic.
1195 1522 1227 1549 9.
1244 1530 1277 1559 p.
1295 1520 1357 1548 567
1373 1520 1426 1549 ed.
1443 1518 1547 1559 Sylb..
1563 1525 1595 1550 et
1609 1530 1684 1561 quae

975 1562 1151 1603 scripturae
1189 1562 1396 1603 praeferenda
1433 1562 1487 1600 sit,
1524 1563 1687 1604 cognosci

976 1612 1115 1647 possunt
1140 1616 1158 1636 e
1181 1612 1261 1635 nota
1281 1605 1519 1647 Oudendorpii
1545 1608 1588 1637 ad
1611 1607 1646 1638 h.
1665 1609 1687 1639 l.

974 1650 1032 1690 qui
1044 1650 1117 1690 jam
1130 1649 1293 1680 indicavit
1303 1655 1403 1679 notas
1414 1650 1569 1682 Glareani
1583 1656 1686 1692 atque

978 1692 1251 1725 Drakenborchii
1269 1694 1311 1724 ad
1325 1692 1399 1724 Liv.
1411 1697 1443 1731 2,
1460 1696 1513 1724 27.
1530 1700 1563 1725 et
1577 1694 1689 1727 Cortii

976 1739 1019 1768 ad
1051 1738 1185 1768 Sallust.
1211 1738 1370 1771 Jururth.
1395 1748 1425 1768 c.
1452 1741 1504 1769 38.
1529 1737 1685 1779 Lipsinm

975 1782 1016 1812 de
1034 1781 1134 1813 milit.
1153 1782 1257 1812 Rom.
1274 1786 1305 1815 2²,
1321 1784 1351 1812 8.
1371 1782 1489 1812 eadem
1514 1788 1687 1817 tractasse.

975 1831 1119 1857 constat.
1166 1825 1333 1866 Equidem
1365 1825 1524 1858 arbitror.
1559 1837 1602 1858 ex
1633 1838 1688 1865 eo,

975 1872 1068 1911 quod
1086 1882 1117 1901 v.
1134 1880 1162 1901 e.
1198 1869 1367 1901 Laetorius
1398 1869 1576 1901 dicebatur
1600 1871 1687 1902 Cen-

977 1915 1065 1946 turio
1097 1913 1198 1956 primi
1231 1913 1306 1955 pili,
1343 1919 1454 1944 ortam
1487 1924 1559 1945 esse
1599 1915 1688 1947 hanc

976 1958 1127 2000 ellipsin.
1160 1959 1322 1989 Laetorius
1357 1960 1463 1998 primi
1489 1959 1572 1998 pili:
1612 1970 1687 2000 quae

975 2003 1108 2044 ellipsis
1135 2002 1256 2032 deinde
1280 2000 1451 2032 variandae
1480 2008 1514 2033 et
1536 2013 1688 2034 corrum-

977 2049 1094 2087 pendae
1121 2045 1279 2078 lectionis
1305 2044 1523 2076 occasionem
1539 2046 1629 2077 dedit
1648 2048 1687 2078 li-

977 2091 1109 2123 brariis.
1137 2090 1202 2121 Sed
1212 2089 1239 2120 si
1251 2099 1352 2129 quem
1366 2095 1478 2120 movet
1493 2088 1686 2132 inscriptio,

976 2136 1018 2166 nb
1037 2134 1161 2166 Ursino
1177 2134 1221 2164 ad
1240 2133 1272 2164 h.
1286 2134 1310 2164 l.
1324 2132 1429 2163 verbo
1449 2133 1593 2166 indicata
1617 2140 1685 2166 cta

975 2180 1124 2211 Gesnero
1153 2178 1185 2209 in
1213 2177 1298 2208 thes.
1321 2176 1358 2207 1..
1371 2176 1407 2207 L.
1432 2176 1543 2210 illata.
1567 2185 1603 2209 ut
1628 2180 1685 2210 de-

974 2224 1091 2255 fendat
1123 2224 1260 2254 Primus
1281 2223 1386 2263 pilax,
1418 2232 1493 2262 pro,
1521 2223 1685 2254 Centurio

977 2267 1078 2308 primi
1113 2266 1189 2308 pili,
1221 2276 1288 2297 non
1323 2275 1529 2307 magnopere
1564 2278 1683 2309 repug-

975 2312 1077 2342 nabo.
1123 2311 1174 2341 Cf.
1191 2310 1234 2341 ad
1253 2315 1284 2347 5,
1302 2311 1353 2341 30.
1378 2311 1429 2341 M.

1022 2356 1163 2387 Bnmtlo.
1212 2354 1267 2384 Sic
1307 2359 1340 2384 et
1379 2355 1409 2387 6.
1441 2357 1493 2385 38.
1540 2356 1682 2386 Hotom.

975 2399 1145 2433 Brantius.
1161 2397 1394 2438 Glandorpius
1410 2399 1537 2430 malunt
1560 2410 1602 2430 ex
1620 2405 1684 2430 vet.

975 2445 1051 2475 cod.
1077 2445 1253 2474 Bilmman.

1021 2490 1063 2519 Se
1088 2489 1261 2519 statium-e.
1306 2485 1415 2518 Codd.
1440 2485 1576 2526 quidam
1606 2497 1684 2528 pro-

973 2541 1098 2562 nomen
1128 2530 1291 2562 omittunt
1351 2529 1404 2560 Sic
1432 2536 1465 2560 ct
1494 2529 1580 2562 alibi
1611 2530 1682 2561 sine

974 2586 1065 2607 casu.
1089 2580 1127 2605 ut
1142 2586 1172 2606 c.
1190 2577 1222 2605 6.

1020 2622 1176 2651 Deserros
1199 2629 1245 2649 sc.
1268 2617 1423 2648 ducibus.
1445 2617 1504 2657 qui
1523 2627 1590 2648 non
1609 2628 1681 2649 am-

974 2663 1064 2705 plius
1082 2663 1228 2694 habeant
1240 2663 1355 2695 duces.
1367 2661 1520 2702 aquibus
1536 2673 1682 2703 pugnare

970 2708 1166 2750 juberentur
1180 2712 1213 2737 et
1231 2711 1443 2746 cogerentur.
1472 2707 1507 2736 In
1524 2716 1590 2737 uno
1608 2708 1684 2738 cod.

942 2790 945 2792 -
975 2758 1023 2782 est
1040 2753 1177 2787 deserto,
1199 2750 1296 2790 quasi
1320 2750 1444 2779 deserta
1468 2752 1583 2791 proello
1605 2751 1682 2792 jun-

975 2796 1121 2838 gendum
1136 2795 1192 2831 sit,
1206 2804 1301 2825 sensu
1315 2792 1396 2823 satis
1407 2795 1606 2834 commodo3
1625 2796 1683 2826 sed

978 2850 1042 2871 non
1070 2844 1153 2880 puto
1180 2847 1407 2868 necessarlam
1431 2849 1504 2870 esse
1521 2839 1684 2870 mutatio-

977 2894 1053 2915 nem
1075 2881 1243 2914 lectionis.
1258 2891 1360 2922 quam
1376 2892 1494 2914 omnes
1509 2883 1569 2915 alii
1585 2884 1683 2915 codd.

977 2927 1149 2959 exhibent.
1174 2927 1224 2958 M.
