1946 3261
271 249 356 294 518
506 247 563 290 Α.
598 243 802 289 HIRTII
834 245 919 290 DE
952 243 1156 288 BELLO
1189 244 1531 289 AFRICANO.

272 382 365 418 tare
387 381 521 431 atque
543 371 741 415 celeriter
761 371 882 430 signa
901 370 1096 414 hostibus
1121 369 1290 414 inferre.
1355 370 1483 424 Quod
1513 376 1744 428 postquam

274 440 464 490 coeptum
485 439 549 474 est
571 430 679 480 fieri,
707 430 847 489 primo
884 431 1036 488 inpetu
1064 430 1280 487 legionum
1311 431 1530 488 equitatus
1563 436 1607 471 et
1639 427 1744 471 levis

271 499 493 535 armatura
513 489 699 532 hostium
731 489 852 532 nullo
885 488 1057 546 negotio
1078 489 1175 531 loco
1195 488 1318 546 pulsa
1337 498 1380 532 et
1404 488 1570 546 dejecta
1599 494 1663 528 est
1691 485 1745 530 de

272 549 394 593 colle.
457 550 601 601 Quum
634 548 723 606 jam
757 549 899 591 Caesar
932 547 1225 597 existimasset,
1258 546 1399 590 hostes
1430 546 1575 604 pulsos
1604 544 1745 586 deter-

274 608 467 665 ritosque
488 606 616 650 finem
645 605 872 649 lacessendi
903 605 1109 655 facturos,
1143 614 1187 648 et
1223 606 1306 649 iter
1342 614 1533 664 coeptum
1562 618 1746 662 pergere

273 666 502 725 coepisset;
545 666 704 708 iterum
736 665 934 708 celeriter
969 681 1022 707 ex
1059 664 1261 723 proximis
1293 665 1478 707 collibus
1513 668 1748 719 erumpunt

274 734 407 783 atque
428 724 576 768 eadem
598 724 779 774 ratione,
811 740 897 781 qua
928 731 1027 766 ante
1055 724 1158 776 dixi,
1197 723 1239 766 in
1274 723 1452 766 Caesaris
1492 720 1749 779 legionarios

274 784 474 843 inpetum
496 783 662 826 faciunt
693 783 895 826 Numidae
927 782 1117 840 levisque
1149 790 1393 832 armaturae,
1426 780 1612 824 mirabili
1634 778 1750 823 velo-

276 842 408 890 citate
429 841 618 900 praediti,
643 842 717 900 qui
741 842 853 885 inter
885 841 1051 899 equites
1084 841 1340 899 pugnabant
1369 849 1413 886 et
1447 855 1532 881 una
1566 838 1750 897 pariter-

276 917 362 959 que
411 918 510 944 cum
554 901 775 959 equitibus
822 915 1048 943 accurrere
1098 908 1141 942 et
1189 899 1387 958 refugere
1426 903 1748 941 consueverant.

278 962 422 1012 Quum
442 960 523 1003 hoc
543 959 694 1018 saepius
717 959 908 1002 facerent
938 968 981 1001 et
1003 958 1030 1000 J
1038 958 1200 1001 ulianos
1221 957 1536 1015 proficiscentes
1560 956 1753 1013 inseque-

277 1027 430 1066 rentur
459 1027 503 1060 et
533 1018 799 1074 refugerent,
819 1026 978 1060 stantes
999 1017 1176 1072 propius
1204 1031 1287 1058 non
1310 1016 1562 1058 accederent
1595 1022 1640 1056 et
1669 1013 1751 1057 sin-

275 1077 419 1136 gulari
437 1091 591 1134 genere
616 1089 771 1131 pugnae
802 1081 1049 1123 uterentur,
1083 1088 1240 1128 eosque
1269 1073 1420 1129 jaculis
1441 1073 1750 1116 convulnerare

275 1135 379 1181 satis
414 1150 502 1176 esse
538 1132 859 1180 existimarent3
907 1131 1050 1174 Caesar
1087 1131 1313 1180 intellexit,
1356 1131 1463 1174 nihil
1502 1130 1620 1174 aliud
1656 1130 1752 1172 illos

278 1192 438 1241 conari,
463 1190 540 1232 nisi
563 1198 613 1231 ut
634 1206 676 1232 se
700 1196 921 1247 cogerent,
941 1198 1082 1232 castra
1103 1190 1146 1232 in
1166 1206 1216 1232 eo
1239 1189 1333 1232 loco
1354 1205 1529 1247 ponere,
1565 1189 1642 1232 ubi
1663 1203 1752 1231 om-

277 1252 376 1296 nino
392 1265 514 1306 aquae
535 1247 641 1291 nihil
662 1257 772 1290 esset
794 1263 804 1296 ;
836 1256 886 1290 ut
906 1248 1116 1290 exercitus
1138 1248 1228 1304 ejus
1245 1248 1429 1305 jejunus,
1453 1247 1529 1304 qui
1548 1263 1572 1290 a
1593 1255 1752 1305 quarta

277 1309 426 1367 vigilia
458 1323 592 1364 usque
628 1306 682 1348 ad
718 1305 870 1350 horam
908 1305 1119 1348 decimam
1152 1305 1235 1349 diei
1281 1305 1388 1348 nihil
1427 1314 1656 1363 gustasset,
1701 1320 1752 1348 ac

276 1368 473 1427 jumenta
494 1365 563 1407 siti
586 1365 795 1423 perirent.

339 1425 407 1468 70.
444 1426 586 1477 Quum
604 1424 691 1481 jam
713 1423 768 1466 ad
803 1422 900 1466 solis
933 1437 1127 1465 occasum
1160 1430 1284 1472 esset,
1318 1430 1362 1465 et
1394 1438 1478 1467 non
1512 1431 1627 1466 totos
1657 1437 1754 1466 cen-

279 1493 375 1529 tum
407 1499 554 1543 passus
591 1482 633 1525 in
670 1482 819 1525 horam
856 1481 963 1537 [IV]
1001 1489 1109 1523 esset
1143 1497 1418 1540 progressum
1449 1482 1649 1540 equitatu
1675 1497 1754 1524 suo

281 1552 465 1602 propter
483 1557 695 1599 equorum
717 1540 942 1584 interitum
961 1549 1152 1582 extremo
1173 1541 1341 1597 agmine
1360 1550 1541 1590 remoto,
1568 1540 1756 1598 legiones

281 1603 464 1645 invicem
505 1601 559 1643 ad
595 1609 835 1642 extremum
877 1615 1030 1656 agmen
1067 1600 1289 1655 evocabat.
1354 1599 1423 1642 Ita
1445 1600 1530 1642 vim
1551 1598 1754 1649 hostium,

281 1660 450 1720 placide
472 1659 712 1715 leniterque
735 1657 988 1716 procedens,
1021 1674 1099 1716 per
1131 1658 1412 1715 legionarium
1445 1658 1625 1701 militem
1646 1673 1758 1700 com-

282 1719 450 1763 modius
499 1717 753 1760 sustinebat.
829 1717 1010 1759 Interim
1050 1718 1246 1774 equitum
1283 1717 1578 1760 Numidarum
1623 1716 1759 1774 copiae

280 1778 437 1821 dextra
469 1776 724 1833 sinistraque
758 1792 836 1834 per
869 1775 998 1817 colles
1031 1791 1296 1833 praecurrere
1331 1791 1585 1833 coronaeque
1606 1776 1648 1817 in
1668 1791 1757 1818 mo·

280 1836 384 1881 dum
415 1836 588 1892 cingere
622 1833 900 1877 multitudine
933 1850 1008 1876 sua
1046 1834 1223 1876 Caesaris
1256 1834 1427 1892 copias;
1476 1850 1576 1892 pars
1602 1848 1756 1891 agmen

284 1903 526 1938 extremum
567 1893 746 1951 insequi.
811 1892 988 1935 Caesaris
1029 1902 1172 1935 autem
1215 1908 1298 1935 non
1335 1893 1517 1950 amplius
1555 1901 1642 1934 tres
1680 1899 1757 1934 aut

284 1962 478 2011 quatuor
499 1952 653 1994 milites
674 1951 863 1993 veterani
897 1951 929 1992 si
964 1967 1006 1993 se
1039 1952 1349 1994 convertissent
1386 1960 1429 1993 et
1466 1951 1553 2008 pila
1593 1950 1759 1993 viribus

287 2021 487 2055 contorta
528 2011 570 2053 in
609 2010 817 2052 Numidas
851 2010 1026 2052 infestos
1059 2010 1349 2067 conjecissent,
1396 2010 1578 2067 amplius
1623 2009 1758 2050 duum

287 2071 451 2113 milium
472 2084 649 2113 numero
667 2068 722 2110 ad
746 2084 879 2110 unum
901 2077 1024 2126 terga
1045 2070 1274 2111 vertebant
1302 2084 1350 2111 ae
1380 2084 1528 2110 rursus
1549 2067 1604 2110 ad
1624 2067 1760 2109 aciem

337 2182 498 2223 Levisque
520 2186 720 2213 armatur-ce.
762 2180 848 2211 Edd.
864 2186 931 2211 vet.
948 2181 993 2211 le-

289 2228 348 2258 vis.
390 2226 497 2257 Codd.
510 2225 649 2265 quidam
665 2230 857 2256 armatura.
882 2224 993 2256 Alter-

292 2275 401 2302 utrum
417 2268 552 2301 rectius.
579 2268 632 2299 Cf.
648 2273 718 2298 not.
734 2268 776 2298 ad
794 2279 825 2299 c.
842 2269 895 2299 51.

340 2315 385 2345 Et
413 2314 612 2354 refuqerent.
668 2312 832 2342 Fortassis
867 2311 993 2342 excidit

292 2358 435 2399 aliquid,
461 2357 708 2397 legendumque
737 2361 799 2391 cst,
827 2366 994 2387 com-ersus

292 2403 495 2443 refuqerent.
524 2400 577 2432 Cf.
592 2411 623 2430 c.
642 2402 695 2430 70.
730 2399 785 2429 Sic
800 2399 862 2430 tria
877 2399 994 2430 dicun-

293 2452 355 2484 tur,
369 2456 446 2487 quae
461 2444 607 2476 dicenda
622 2449 737 2474 erant:
774 2443 993 2484 insequuntur

294 2489 562 2531 proficiscentes,
599 2487 767 2528 refugiunt
803 2496 993 2524 conversos,

294 2543 360 2566 non
377 2534 541 2565 accedunt
563 2531 704 2573 propius
728 2536 862 2561 stantes.
910 2531 992 2561 Edd.

294 2578 383 2619 vulg.
413 2577 549 2613 habent,
578 2578 747 2611 instantes,
781 2578 815 2603 ut
844 2574 994 2613 refnqere

294 2626 455 2654 instantes
467 2620 653 2657 cohaereat3
670 2629 689 2649 e
706 2617 924 2648 correctione.
944 2618 994 2648 M.

356 2667 494 2698 Horam
506 2665 678 2695 decimam.
726 2662 776 2693 Ea
791 2666 841 2692 est
864 2661 995 2692 circiter

295 2715 414 2750 quarta
430 2707 670 2748 pomeridiana.
704 2707 753 2736 M.

344 2754 387 2785 In
404 2754 520 2785 horam
536 2750 636 2791 [Im.
663 2750 743 2781 [laec
760 2753 848 2780 esset
863 2747 996 2779 circiter

297 2797 430 2828 decima
443 2794 721 2827 antemeridiana.
754 2792 921 2830 Quorsum
943 2803 996 2822 er-

298 2851 343 2882 go
373 2840 510 2876 diceret,
548 2848 725 2880 quousque
756 2846 855 2868 mane
886 2834 996 2867 Cacsar

298 2889 383 2914 esset
413 2892 620 2924 progressus,
648 2891 726 2912 cum
752 2880 823 2920 jam
846 2885 933 2911 esset
954 2880 995 2910 ad

300 2927 385 2959 solis
402 2926 586 2958 occasum?
610 2923 793 2956 Verissima
818 2923 919 2955 lectio
945 2928 993 2955 est

1059 2181 1156 2212 codd.
1188 2179 1360 2212 Leidensis
1377 2180 1477 2221 primi
1493 2185 1526 2211 et
1543 2179 1763 2221 Sealigerani‚

1060 2227 1096 2255 in
1109 2226 1237 2262 horam,
1253 2224 1287 2255 h.
1304 2235 1334 2255 e.
1361 2224 1393 2255 in
1417 2225 1517 2256 horas
1541 2224 1701 2265 singulas,
1725 2229 1760 2256 et

1060 2268 1190 2299 numeri
1206 2274 1283 2299 nota
1301 2268 1443 2300 delenda
1459 2275 1520 2299 est.
1547 2267 1617 2299 Alii
1635 2267 1759 2299 habent

1060 2314 1095 2343 in
1119 2313 1207 2343 horis
1226 2313 1290 2347 JV.
1311 2312 1403 2352 quod
1420 2319 1452 2344 et
1471 2311 1584 2351 ipsum
1604 2311 1680 2343 ferri
1697 2321 1758 2353 po-

1062 2361 1147 2386 test:
1172 2361 1221 2386 est
1235 2355 1340 2393 enim,
1357 2355 1440 2387 intra
1456 2355 1601 2397 spatium
1615 2362 1759 2397 quatuor

1061 2399 1229 2430 horarum.
1263 2401 1309 2430 M.

1107 2444 1266 2474 E-rlremo
1299 2446 1433 2485 agmine
1463 2449 1597 2482 remoto,
1633 2453 1674 2475 ex
1705 2453 1762 2484 ag-

1061 2485 1151 2517 mine
1166 2492 1316 2517 extremo
1338 2493 1501 2525 removet,
1523 2487 1762 2528 discedereju-

1061 2530 1129 2561 bet.
1146 2547 1189 2552 —-
1206 2530 1318 2562 Etiam
1335 2531 1368 2563 in
1385 2531 1449 2563 hoc
1465 2530 1592 2572 capite,
1605 2531 1760 2562 omnino-

1061 2585 1127 2615 que
1144 2574 1205 2605 hac
1223 2575 1410 2606 narratione
1426 2586 1457 2607 c.
1473 2577 1514 2606 68
1526 2592 1570 2598 -
1586 2577 1640 2606 71.
1661 2574 1760 2606 Guis-

1062 2619 1204 2649 chal-dus
1219 2617 1285 2649 sibi
1303 2619 1395 2650 visus
1421 2625 1469 2650 est
1495 2628 1632 2650 manum
1658 2618 1761 2649 inter-

1063 2662 1263 2702 polatricem
1293 2662 1458 2694 detexisse
1477 2675 1484 2693 ε
1530 2667 1627 2702 negat
1657 2661 1761 2700 enim,

1063 2705 1134 2736 haec
1153 2705 1212 2737 ita.
1237 2711 1270 2735 ut
1297 2707 1419 2747 scripta
1436 2712 1523 2744 sunt,
1552 2704 1595 2737 ab
1625 2704 1760 2736 homine

1062 2748 1220 2780 militaris
1238 2748 1283 2780 rei
1313 2750 1422 2790 perito
1440 2749 1555 2787 scribi,
1578 2758 1617 2783 ac
1633 2758 1674 2779 ne
1689 2748 1759 2779 fieri

1061 2793 1196 2833 quidem
1226 2792 1274 2823 sic
1301 2793 1463 2833 potuisse.
1480 2793 1549 2824 vid.
1573 2790 1759 2824 Memoires

1062 2836 1162 2868 milit.
1196 2837 1273 2867 Vol.
1299 2841 1329 2868 2.
1356 2848 1388 2880 p.
1414 2840 1489 2869 262.
1520 2835 1560 2866 Τ.
1577 2839 1608 2866 2.
1625 2846 1660 2878 p.
1684 2837 1758 2867 362.

1064 2881 1115 2912 M.
