1946 3261
547 205 665 253 LIB.
699 207 761 251 II.
825 207 963 250 CAP.
996 205 1186 250 35—38.
1505 202 1592 247 337

103 334 226 383 bant,
256 349 308 377 ne
341 352 418 378 sua
450 335 689 395 pertinacia
718 335 909 378 omnium
943 334 1139 376 fortunas
1161 329 1417 391 perturbari
1437 328 1588 373 vellet.

107 392 214 435 Haec
246 409 384 451 quum
404 404 656 453 agerentur,
688 395 831 437 nuncii
854 393 1058 451 praemissi
1091 392 1147 434 ab
1171 391 1294 448 Rege
1321 390 1348 431 J
1355 390 1442 432 uba
1463 405 1589 431 vene-

102 462 224 501 runt,
265 454 341 511 qui
378 454 502 496 illum
537 470 636 496 cum
674 453 838 510 magnis
875 451 1012 509 copiis
1045 449 1193 491 adesse
1228 450 1425 492 dicerent
1457 456 1501 489 et
1531 447 1588 490 de

104 511 300 554 custodia
336 529 385 555 ac
418 512 663 554 defensione
696 512 817 553 urbis
853 510 1157 553 hortarentur:
1205 524 1301 565 quae
1334 523 1400 549 res
1438 521 1591 549 eorum

104 570 544 626 perterritos-animos
565 569 851 612 confirmavit.

163 628 236 670 37.
272 629 609 671 Nunciabantur
650 628 738 672 haec
779 628 929 670 eadem
968 625 1168 674 Curioni,
1210 624 1283 666 sed
1323 623 1592 680 aliquamdiu

105 684 211 728 fides
235 686 328 728 fieri
358 703 444 729 non
475 696 669 744 poterat:
705 696 872 729 tantam
893 686 1085 728 habebat
1115 698 1291 725 suarum
1312 698 1462 725 rerum
1482 682 1592 724 fidu-

103 744 232 786 ciam:
262 745 439 802 jamque
463 745 643 788 Caesaris
675 747 717 788 in
750 745 962 804 Hispania
999 760 1065 786 res
1099 741 1297 784 secundae
1332 740 1375 783 in
1399 740 1594 782 Africam

105 803 270 845 nunciis
305 819 354 845 ac
394 804 552 846 litteris
593 805 944 861 perferebantur.
1011 802 1183 851 Quibus
1224 799 1422 842 omnibus
1462 798 1596 840 rebus

103 861 316 910 sublatus,
341 862 447 904 nihil
480 871 633 904 contra
663 880 705 905 se
730 863 897 921 Regem
917 862 1112 905 nisurum
1132 858 1423 902 existimabat.
1489 856 1596 903 Sed,

106 919 184 961 ubi
224 920 354 962 certis
392 921 647 963 auctoribus
688 923 920 979 comperit,
957 921 1095 962 minus
1132 919 1326 977 quinque
1364 924 1408 958 et
1440 915 1598 973 viginti

104 978 277 1021 milibus
299 978 428 1036 longe
458 978 515 1020 ab
540 978 673 1020 Utica
694 979 783 1035 ejus
805 981 948 1035 copias
969 979 1133 1027 abesse,
1168 977 1328 1020 relictis
1350 974 1597 1017 munitioni-

106 1036 200 1086 bus,
221 1053 309 1078 sese
332 1037 375 1079 in
397 1045 537 1079 castra
557 1037 820 1078 Corneliana
840 1037 1018 1093 recepit.
1072 1037 1175 1078 Huc
1192 1037 1462 1077 frumentum
1483 1048 1600 1075 com-

105 1104 300 1152 portare,
334 1104 475 1138 eastra
497 1095 681 1143 munire,
713 1095 942 1136 materiam
974 1092 1173 1135 conferre
1206 1094 1340 1149 coepit
1362 1092 1599 1148 statimque

105 1154 147 1196 in
173 1154 368 1196 Siciliam
390 1154 522 1204 misit,
560 1154 623 1196 uti
644 1153 741 1195 duae
765 1153 954 1209 legiones
988 1151 1268 1207 reliquusque
1293 1151 1515 1208 equitatus
1539 1149 1597 1192 ad

103 1228 146 1254 se
169 1215 465 1255 mitterentur.
522 1213 676 1255 Castra
696 1220 820 1253 erant
837 1212 892 1253 ad
908 1210 1076 1253 bellum
1096 1209 1342 1251 ducendum
1360 1208 1597 1265 aptissima,

107 1279 265 1313 natura
286 1272 368 1313 loci
400 1280 443 1313 et
475 1271 712 1313 munitione
740 1279 784 1312 et
818 1270 946 1311 maris
979 1268 1310 1326 propinquitate
1344 1276 1388 1308 et
1407 1283 1532 1324 aquae
1553 1276 1600 1309 et

106 1330 206 1372 salis
225 1330 366 1388 copia,
396 1330 519 1388 cujus
551 1345 708 1387 magna
741 1329 803 1371 vis
834 1329 922 1385 jam
955 1344 1007 1368 ex
1029 1326 1235 1384 proximis
1267 1334 1362 1367 erat
1383 1325 1525 1367 salinis
1548 1341 1599 1368 eo

109 1398 327 1447 congesta.
393 1389 497 1432 Non
529 1388 706 1430 materia
734 1386 1016 1429 multitudine
1048 1385 1274 1432 arborum,
1298 1399 1385 1425 non
1406 1385 1601 1427 frumen-

108 1456 220 1497 tum,
260 1448 380 1506 cujus
412 1456 537 1490 erant
568 1446 799 1504 plenissimi
829 1445 940 1502 agri,
975 1443 1160 1485 deficere
1190 1450 1376 1500 poterat.
1441 1442 1600 1499 Itaque

108 1508 299 1549 omnium
319 1522 494 1549 suorum
515 1521 721 1548 consensu
745 1504 882 1547 Curio
904 1503 1092 1560 reliquas
1114 1502 1261 1559 copias
1282 1510 1532 1559 exspectare
1554 1511 1601 1544 et

110 1565 279 1608 bellum
297 1566 456 1608 ducere
478 1565 678 1623 parabat.

165 1625 236 1666 38.
274 1624 354 1666 His
373 1623 620 1666 constitutis
638 1622 784 1671 rebus,
805 1620 1089 1680 probatisque
1108 1619 1310 1668 consiliis,
1329 1635 1382 1661 ex
1402 1617 1600 1676 perfugis

107 1682 368 1739 quibusdam
409 1682 637 1740 oppidanis
688 1681 826 1730 audit,
884 1680 1064 1728 anam,
1114 1687 1371 1720 revocatum
1412 1676 1598 1718 finitimo

107 1740 225 1784 bello
247 1751 292 1784 et
313 1740 616 1784 controversiis
634 1740 984 1798 Leptitanorum,
1005 1737 1209 1780 restitisse
1239 1737 1283 1779 in
1306 1736 1484 1795 Regn03
1520 1736 1599 1778 Sa-

105 1799 278 1850 buram,
314 1800 406 1858 ejus
445 1799 722 1846 Praefectum,
761 1815 859 1841 cum
901 1797 1192 1840 mediocribus
1231 1795 1366 1853 copiis
1407 1795 1598 1844 missum,

109 1858 253 1902 Uticae
275 1858 646 1917 adpropinquare.
713 1858 794 1900 His
814 1857 1068 1900 auctoribus
1096 1865 1258 1898 temere
1280 1854 1476 1904 credens,
1499 1868 1600 1896 con-

103 1917 248 1960 silium
267 1926 508 1962 commutat
530 1927 574 1961 et
597 1916 754 1976 proelio
775 1933 868 1960 rem
889 1916 1161 1960 committere
1178 1913 1421 1958 constituit.
1479 1912 1601 1954 Mul-

107 2069 299 2110 latinitatis,
321 2076 354 2102 et
377 2070 534 2112 analogia
561 2071 655 2103 verbi
680 2074 818 2114 insuper

111 2114 270 2154 defendit,
293 2116 349 2146 cui
372 2115 633 2156 Oudendorpius
648 2117 741 2153 inibi,
766 2119 819 2147 in-

109 2168 233 2191 coram..
278 2161 417 2190 *insimul
462 2159 606 2190 addidit.
675 2159 817 2191 Vossius

110 2204 295 2241 multijam
307 2205 427 2244 palam
448 2203 578 2234 maluit.
604 2204 655 2234 M.

158 2247 282 2287 Reqem
296 2250 461 2278 nisurum.
486 2247 547 2278 alii
565 2258 746 2278 altmarum.

160 2290 274 2331 Lonqe
302 2293 346 2322 ab
380 2293 483 2322 Utica.
530 2292 566 2322 Id
592 2292 688 2333 lonqe
718 2291 818 2322 codd.

112 2333 252 2364 hahent.
297 2335 389 2366 Male
411 2335 517 2366 deleri
538 2335 656 2366 volunt
682 2335 769 2365 Scal.
788 2341 821 2365 et

112 2377 277 2408 Ciaccon.
322 2378 376 2410 Cf.
407 2379 527 2410 Wasse
556 2379 599 2410 ad
627 2378 707 2410 Sall.
740 2378 819 2419 Jug.

113 2432 143 2453 c.
163 2422 192 2452 7.

162 2468 282 2497 Castra
297 2466 506 2498 Corneliana.
519 2466 591 2497 vid.
601 2467 643 2496 ad
656 2476 687 2496 c.
701 2467 756 2496 24.
771 2467 821 2496 M.

162 2510 381 2541 Mutet—entur.
427 2509 526 2542 Cons.
558 2514 585 2548 1,
616 2512 670 2542 30.
702 2514 734 2547 2,
765 2512 820 2540 23.

115 2553 192 2584 Alia
210 2557 407 2585 mitteretur.

163 2598 299 2628 Natura
331 2601 361 2628 et
392 2599 455 2628 loci
483 2600 678 2629 mannitione.
739 2597 821 2638 Leg.

111 2645 244 2673 ‘natura
270 2643 334 2672 loci
359 2646 390 2671 et
417 2652 514 2675 mun.
560 2642 696 2673 Monuit
721 2642 821 2673 etiam

114 2685 332 2715 Marclandus
361 2685 394 2716 in
425 2684 594 2726 Explicat.
625 2691 708 2716 vett.
735 2692 822 2717 auct.

115 2739 150 2769 p.
169 2731 243 2760 268.
290 2729 334 2760 Et
355 2728 431 2770 quis
456 2739 524 2760 non
550 2734 669 2770 sponte
690 2729 821 2762 videat?

117 2774 170 2803 Μ.
218 2773 368 2804 Restitui
408 2773 481 2814 jure
519 2773 707 2813 meritoque
744 2784 822 2806 cum

118 2816 208 2847 Oud.
253 2816 305 2847 Cf.
322 2828 353 2848 e.
373 2819 411 2848 31
431 2822 464 2848 et
482 2820 534 2847 35.

162 2862 217 2891 Em
229 2861 434 2902 peiftcybs—
445 2862 558 2893 audit.
596 2861 741 2892 Narrant
754 2872 823 2892 rem

120 2904 270 2946 Appian.
287 2909 320 2944 2,
336 2909 390 2938 45.
415 2916 451 2947 p.
468 2908 542 2937 455.
575 2905 641 2938 Dio
657 2906 751 2938 Cass.
772 2908 826 2943 41,

888 2074 942 2102 42.
967 2069 1131 2101 Fraudem
1149 2066 1266 2109 paucis
1281 2065 1402 2107 adtigit
1418 2065 1603 2097 Frontinus

888 2117 1026 2155 Strateg.
1044 2117 1076 2150 2,
1093 2117 1125 2150 5,
1144 2115 1198 2143 40.
1223 2112 1273 2142 M.

934 2158 1172 2190 Controversia
1204 2156 1322 2196 Leptae.
1368 2154 1418 2185 De
1447 2152 1500 2184 his
1526 2153 1600 2185 vid.

887 2203 927 2233 B.
942 2202 1013 2234 Afr.
1029 2212 1061 2232 c.
1078 2202 1131 2231 97.
1178 2199 1234 2230 Cf.
1258 2199 1344 2230 ibid.
1369 2210 1398 2230 c.
1417 2199 1447 2228 7.
1471 2204 1505 2228 et
1521 2196 1599 2229 Cel·-

886 2246 1007 2277 larium
1039 2245 1073 2276 in
1103 2243 1202 2275 notit.
1233 2244 1308 2274 orb.
1339 2244 1372 2281 4,
1406 2243 1439 2280 4,
1471 2244 1502 2272 8.
1535 2242 1597 2273 ubi

887 2289 1045 2327 ostendit,
1074 2289 1161 2319 lianc
1178 2287 1301 2328 Leptin
1325 2297 1398 2318 esse
1420 2285 1600 2324 minorem,

888 2334 921 2365 in
948 2344 989 2364 ea
1014 2332 1154 2374 regione
1178 2331 1290 2369 sitam,
1312 2341 1389 2372 quae
1412 2329 1599 2370 Byzacium

886 2378 978 2409 dicta
1003 2382 1065 2413 est,
1091 2377 1182 2407 haud
1206 2376 1326 2417 procul
1344 2375 1541 2410 Adrumeto,
1565 2379 1598 2404 et

888 2422 1054 2453 diversam
1075 2431 1095 2451 a
1111 2420 1214 2461 Lepti
1235 2420 1373 2460 majore,
1398 2428 1473 2458 quae
1496 2418 1598 2456 longe

887 2471 1015 2497 remota
1034 2464 1097 2495 fuit
1117 2475 1137 2495 a
1153 2463 1298 2495 minore.
1345 2462 1492 2502 Utraque
1517 2470 1598 2491 cum

887 2509 986 2548 alibi,
1016 2515 1086 2540 tum
1115 2507 1149 2538 in
1178 2507 1322 2538 itinerar.
1340 2508 1466 2537 Anton.
1491 2515 1524 2545 p.
1543 2505 1598 2541 57,

891 2557 944 2586 58.
967 2553 1050 2585 edit.
1072 2551 1271 2592 &Vesseling
1297 2553 1599 2581 commemoratur.

891 2600 997 2640 Atque
1023 2596 1071 2628 sic
1092 2595 1240 2627 correxit
1260 2592 1426 2625 cellarius
1446 2602 1498 2630 ea,
1521 2601 1600 2632 quse

890 2642 923 2673 in
941 2642 1030 2673 notis
1055 2641 1099 2671 ad
1117 2645 1270 2671 nostrum
1293 2638 1380 2668 hunc
1399 2637 1512 2667 locum
1529 2646 1602 2666 sus-

893 2686 1027 2727 picatus
1045 2685 1162 2721 fuerat,
1185 2688 1388 2722 conruptum
1405 2679 1472 2710 sibi
1488 2679 1598 2710 videri

890 2740 1015 2761 nomen
1050 2729 1315 2769 Leptitanormn,
1340 2725 1508 2764 deeeptus
1533 2723 1603 2754 for-

891 2780 977 2806 tasse
992 2785 1011 2805 a
1028 2773 1211 2809 Glareano,
1234 2769 1293 2811 qui
1312 2774 1345 2799 et
1363 2768 1435 2809 ipse
1456 2767 1512 2798 hic
1530 2767 1603 2798 hae-

892 2824 988 2850 serat.
1015 2818 1065 2847 Μ.

939 2862 1123 2893 Sabat-am.
1172 2857 1331 2899 Appiano
1354 2861 1405 2888 est
1433 2854 1601 2898 Σαβοῦῤῥιις

890 2905 1052 2938 Frontino
1072 2903 1216 2935 Sabora.

1403 2962 1430 2993 Z
