1946 3261
542 196 660 243 LIB.
694 197 776 244 IV.
841 197 981 243 CAP.
1013 197 1204 244 31—35.
1571 198 1628 244 97

123 323 274 385 paucis
294 322 551 378 interfectis,
573 327 767 388 reliquos
784 325 960 371 incertis
981 326 1207 371 ordinibus
1229 326 1628 387 perturbaverant:

121 385 249 429 simul
269 387 472 445 equitatu
493 395 627 446 atque
647 387 804 432 essedis
823 385 1218 431 circumdederant.

182 446 256 489 33.
292 454 323 473 “
349 446 499 489 Genus
530 446 611 489 hoc
640 455 707 491 est
739 463 792 491 ex
819 445 975 490 essedis
1002 461 1181 504 pugnae:
1217 446 1359 506 primo
1378 463 1459 506 per
1479 462 1625 492 omnes

126 510 157 531 “
180 513 328 565 partes
360 505 644 565 perequitant
680 515 726 551 et
762 506 850 550 tela
884 505 1119 564 conjiciunt
1159 513 1294 564 atque
1327 506 1420 565 ipso
1454 515 1626 550 terrore

126 571 158 591 ‘⁶
182 580 394 623 equorum
426 572 472 607 et
500 565 691 624 strepitu
727 574 926 608 rotarum
956 563 1130 608 ordines
1161 565 1422 624 plerumque
1452 575 1629 632 pertur-

123 628 156 650 “
178 623 288 666 bant
317 631 378 674 et,
412 639 549 681 quum
579 640 622 667 se
654 624 770 667 inter
792 625 992 684 equitum
1011 632 1178 666 turmas
1199 623 1531 675 insinuaverint,
1569 639 1629 668 ex

125 689 158 710 “
181 681 339 726 essedis
366 681 574 725 desiliunt
611 692 656 726 et
686 683 871 743 pedibus
901 683 1180 743 proeliantur.
1246 683 1427 741 Aurigae
1456 683 1634 727 interim

126 748 157 769 ‘⁶
181 740 414 801 paullatim
445 758 498 785 ex
519 742 677 801 proelio
713 743 930 786 excedunt
958 751 1093 802 atque
1116 743 1179 786 ita
1209 759 1366 786 currus
1387 742 1635 792 conlocant,

124 808 157 828 “
182 809 249 851 ut,
280 801 316 844 si
337 801 402 844 illi
423 817 449 844 a
469 801 755 846 multitudine
776 802 965 845 hostium
987 811 1263 861 premantur,
1301 801 1556 862 expeditum
1578 801 1636 844 ad

125 867 158 888 ‘⁸
180 876 280 904 suos
299 868 528 919 receptum
548 860 754 905 habeant.
819 861 889 905 Ita
911 862 1202 906 mobilitatem
1233 862 1449 922 equitum,
1473 860 1640 904 stabili-

125 927 157 947 “
179 928 319 964 tatem
361 919 575 980 peditum,
614 921 657 964 in
690 921 855 981 proeliis
889 929 1099 980 praestant
1130 939 1181 965 ac
1213 930 1387 965 tantum
1418 937 1498 964 usu
1531 935 1640 978 quo-

126 987 158 1007 “
182 979 349 1023 tidiano
369 988 414 1023 et
436 980 749 1024 exercitatione
772 980 986 1031 efficiunt,
1018 981 1082 1024 uti
1107 981 1148 1025 in
1170 981 1331 1025 declivi
1351 998 1401 1024 ac
1423 978 1643 1040 praecipiti

126 1046 157 1066 “
180 1039 277 1083 loco
306 1039 508 1084 incitatos
540 1056 673 1099 equos
695 1041 908 1084 sustinere
937 1048 982 1084 et
1004 1041 1128 1084 brevi
1151 1041 1367 1085 moderari
1389 1057 1440 1084 ac
1462 1040 1641 1083 flectere

126 1106 157 1126 “
181 1107 227 1142 et
248 1115 328 1159 per
350 1108 565 1143 temonem
586 1115 848 1159 percurrere
871 1108 916 1143 et
936 1100 979 1143 in
997 1101 1107 1160 jugo
1127 1101 1323 1145 insistere
1345 1109 1390 1144 et
1410 1098 1512 1143 inde
1531 1114 1575 1142 se
1598 1098 1642 1141 in

127 1166 159 1186 “
183 1174 339 1203 currus
358 1159 560 1203 citissime
582 1160 778 1219 recipere
800 1160 1092 1203 consuerint.”

186 1219 259 1262 34.
305 1219 477 1270 Quibus
515 1220 663 1270 rebus,
709 1219 981 1279 perturbatis
1024 1221 1182 1264 nostris
1224 1219 1421 1263 novitate
1463 1233 1643 1279 pugnae,

129 1285 330 1337 tempore
361 1278 731 1337 obportunissimo
765 1280 909 1323 Caesar
943 1280 1156 1324 auxilium
1179 1280 1302 1323 tulit:
1338 1295 1523 1338 namque
1551 1279 1646 1338 ejus

131 1336 325 1380 adventu
347 1336 490 1380 hostes
512 1338 820 1388 constiterunt,
854 1339 992 1381 nostri
1023 1356 1067 1382 se
1100 1357 1154 1382 ex
1175 1340 1332 1382 timore
1361 1345 1643 1398 receperunt.

136 1397 236 1447 Quo
270 1396 404 1445 facto,
443 1397 499 1440 ad
539 1397 834 1440 lacessendum
872 1406 917 1440 et
956 1397 1012 1440 ad
1044 1397 1405 1441 committendum
1438 1397 1647 1456 proelium

130 1455 323 1499 alienum
343 1471 431 1498 esse
448 1466 620 1514 tempus
640 1456 899 1507 arbitratus,
922 1473 1000 1499 suo
1021 1473 1065 1499 se
1087 1457 1180 1500 loco
1200 1457 1416 1500 continuit
1434 1465 1495 1507 et,
1518 1455 1645 1500 brevi

131 1523 328 1573 tempore
366 1514 625 1563 intermisso,
663 1515 707 1557 in
747 1523 890 1558 castra
922 1516 1113 1582 legiones
1145 1517 1336 1559 reduxit.
1403 1516 1522 1559 Dum
1555 1515 1646 1559 haec

163 1582 365 1622 eruntur‚
387 1572 544 1614 nostris
565 1573 764 1615 omnibus
779 1582 1018 1630 occupatis,
1042 1575 1118 1633 qui
1135 1584 1260 1618 erant
1276 1575 1319 1617 in
1336 1574 1453 1632 agris
1469 1574 1647 1632 reliqui,

129 1589 433 1676 discesserunt.
499 1631 672 1673 Secutae
703 1638 804 1672 sunt
832 1632 1060 1674 continuos
1083 1634 1328 1689 complures
1349 1632 1440 1673 dies
1462 1641 1646 1691 tempes-

131 1700 260 1741 tates,
283 1706 382 1748 quae
404 1697 448 1732 et
470 1697 639 1731 nostros
661 1688 704 1731 in
727 1689 877 1731 castris
898 1691 1175 1733 continerent
1197 1698 1241 1733 et
1264 1690 1430 1732 hostem
1452 1706 1477 1733 a
1498 1707 1649 1750 pugna

129 1749 430 1811 prohiberent.
495 1747 677 1791 Interim
701 1748 880 1791 barbari
909 1748 1086 1791 nuncios
1118 1749 1160 1791 in
1183 1765 1330 1792 omnes
1353 1757 1502 1808 partes
1522 1749 1646 1793 dimi-

129 1817 282 1854 serunt
302 1808 661 1869 paucitatemque
681 1815 929 1850 nostrorum
959 1808 1147 1850 militum
1178 1808 1263 1851 suis
1292 1808 1647 1867 praedicaverunt

130 1878 193 1920 et,
225 1877 391 1927 quanta
412 1867 571 1927 praedae
591 1866 800 1910 faciendae
821 1875 956 1925 atque
978 1867 1021 1909 in
1043 1875 1312 1926 perpetuum
1333 1867 1399 1910 sui
1430 1867 1647 1912 liberandi

133 1929 322 1972 facultas
347 1929 547 1977 daretur,
579 1926 613 1970 si
645 1926 864 1969 Romanos
885 1926 1037 1969 castris
1060 1926 1343 1985 expulissent,
1376 1925 1647 1971 demonstra-

134 1995 312 2032 verunt.
378 1987 460 2031 His
494 1987 628 2030 rebus
663 1986 867 2030 celeriter
907 2002 1067 2045 magna
1098 1986 1382 2030 multitudine
1417 1985 1646 2045 peditatus

132 2047 447 2106 equitatusque
467 2054 637 2096 coacta,
659 2045 715 2088 ad
738 2054 880 2089 castra
900 2054 1132 2088 venerunt.

193 2106 268 2149 35.
304 2107 468 2156 Caesar,
500 2106 578 2149 etsi
608 2105 740 2154 idem,
772 2104 892 2163 quod
912 2105 1211 2164 superioribus
1231 2104 1385 2149 diebus
1406 2104 1645 2157 acciderat,

134 2165 229 2209 fore
249 2165 447 2215 videbat,
479 2172 546 2214 ut,
578 2164 613 2207 si
641 2172 780 2208 essent
811 2164 954 2207 hostes
985 2165 1117 2233 pulsi,
1149 2165 1375 2208 celeritate
1396 2165 1644 2224 periculum

133 2225 407 2286 effugerent3
439 2233 584 2268 tamen
605 2232 756 2268 nactus
776 2224 944 2283 equites
965 2224 1139 2268 mrciter
1161 2224 1361 2283 triginta,
1384 2239 1494 2283 quos
1513 2225 1644 2268 Com-

186 2371 519 2449 P⁰g23⁶⁶⁸5{⁷²²²⁷fe⁶‘i⁸‘
563 2371 690 2405 Contra
714 2382 745 2404 v.
771 2370 858 2404 Dio·
923 2374 991 2448 tbqr)
1006 2379 1040 2405 et
1057 2371 1199 2405 stabiles
1215 2372 1299 2413 (uno
1318 2372 1351 2404 in
1367 2372 1447 2405 loco
1463 2373 1643 2415 pugnent).

139 2426 218 2449 nem
280 2441 290 2455 ‚
351 2442 359 2449 .

189 2462 247 2493 Ex
259 2462 393 2494 essedis.
437 2463 566 2494 Esseda
593 2462 628 2494 in
657 2460 779 2503 Belgio
805 2459 857 2492 in-

142 2511 243 2538 venta
272 2505 374 2537 tradit
402 2506 542 2539 Servius
570 2507 614 2539 ad
645 2506 743 2548 Virg.
765 2504 807 2537 G.
824 2507 856 2543 3,

142 2552 220 2582 204.
275 2550 468 2582 Jornandes
505 2552 547 2583 de
579 2550 681 2582 rebus
713 2548 856 2588 Geticis,

139 2605 172 2626 c.
188 2598 221 2626 2.
245 2593 476 2627 Britannicam
492 2606 613 2627 vocem
629 2593 727 2626 dicit.

188 2640 393 2672 Paullatim.
439 2639 493 2671 Sic
513 2640 613 2672 codd.
633 2646 667 2671 et
688 2638 770 2670 edit.
787 2643 858 2670 vet.

142 2682 259 2725 Vulgo
271 2684 446 2725 paullum.

191 2729 307 2761 Curru
320 2738 367 2760 se.
413 2728 482 2760 Pro
508 2726 563 2759 his
588 2727 658 2769 leg.
685 2737 807 2758 cuv-rus
838 2737 858 2758 e

143 2772 245 2804 codd.
258 2778 294 2804 et
308 2772 474 2814 metaphr.
485 2770 542 2802 Gr.
574 2772 653 2814 Ipsa
669 2781 734 2809 res,
750 2770 857 2802 etiam

144 2816 216 2848 nine
229 2816 426 2855 codicibus,
438 2815 598 2848 declarat.
617 2817 667 2847 Μ.
694 2814 858 2847 Restitui.

144 2859 234 2893 Oud.
273 2861 426 2894 malebat
462 2870 567 2892 curru
604 2870 639 2892 se
675 2861 858 2893 conlocant.

143 2903 261 2947 Vulgo
274 2908 325 2938 ita
339 2917 374 2938 se
388 2905 576 2938 conlocant.

191 2950 363 2984 Praestant
386 2956 423 2983 et
442 2948 605 2988 efficiunt,
625 2953 665 2980 ut
690 2947 758 2981 sint
781 2959 858 2981 mo-

143 2990 238 3028 biles
257 2994 378 3037 (variis
394 2994 430 3032 in
445 2994 536 3031 locis
550 2998 715 3039 pugnent,
735 3002 859 3038 vagen-

971 2462 1025 2494 Ad
1039 2462 1289 2494 lacessendum.
1334 2460 1562 2494 Recentiores
1585 2461 1645 2492 ad-

924 2506 1042 2538 didere
1071 2508 1199 2539 hostem
1224 2512 1341 2538 contra
1367 2507 1470 2538 codd.
1493 2505 1646 2547 optimos

924 2556 959 2583 et
980 2552 1057 2583 edd.
1073 2556 1142 2583 vet·
1190 2551 1256 2582 Sed
1278 2561 1321 2582 eo
1347 2560 1415 2582 non
1439 2560 1539 2591 opus.
1584 2549 1641 2582 Cf.

925 2595 1002 2627 Liv.
1021 2599 1075 2634 35,
1099 2597 1131 2626 7.
1171 2594 1267 2637 Virg.
1291 2599 1324 2635 5,
1347 2597 1425 2626 429.
1463 2595 1593 2626 Lucan.
1611 2597 1632 2627 4

926 2641 1003 2673 720.
1021 2642 1053 2679 3,
1071 2641 1149 2672 553.
1165 2639 1227 2672 ubi
1244 2640 1312 2672 vid.
1331 2639 1421 2670 Oud.

974 2686 1041 2720 Qui
1055 2690 1156 2717 erant
1169 2687 1207 2716 in
1223 2686 1317 2726 agris
1331 2684 1466 2724 reliqui.
1512 2681 1621 2714 Suntii

925 2728 1094 2767 Britanni,
1110 2729 1153 2760 de
1169 2728 1297 2770 quibus
1314 2737 1344 2758 c.
1358 2729 1411 2758 32.
1427 2725 1571 2759 dixerat.
1593 2726 1645 2759 M.

976 2775 1062 2805 Circ.
1076 2775 1230 2814 εντ’-(γῦπα.
1254 2771 1382 2803 Mirum
1396 2770 1476 2809 hoc,
1489 2780 1550 2803 nec
1567 2770 1643 2804 sine

925 2817 1100 2858 exemplo.
1145 2815 1198 2848 Cf.
1230 2815 1264 2847 b.
1298 2815 1370 2848 Afr.
1398 2825 1428 2846 c·
1450 2816 1482 2847 6.
1528 2816 1643 2848 Hoto-

926 2872 1070 2894 mannus
1095 2871 1176 2902 ergo
1202 2870 1270 2892 non
1291 2859 1493 2899 audiendus,
1514 2859 1574 2903 qui
1599 2869 1643 2892 ex

926 2905 1066 2949 ingenio
1085 2906 1174 2940 CCC
1186 2903 1346 2948 ponebat.
1385 2903 1524 2939 Graecus
1539 2904 1645 2939 habet

925 2951 1097 2997 τριάκοντα.

1455 3036 1491 3072 H
