1946 3261
261 187 362 242 *396
736 187 822 234 DE
854 184 1060 232 BELLO
1093 184 1312 231 CIVILL

262 322 449 370 fecerat,
485 323 537 362 ut
572 316 667 377 ipsa
697 315 878 361 fortuna
908 315 1032 359 illum
1058 314 1248 374 objicere
1282 312 1492 373 Pompeio
1513 314 1756 359 videretur.

270 381 378 424 Haec
398 378 454 421 ad
473 377 518 421 id
540 385 715 436 tempus
746 377 889 419 Caesar
920 375 1166 433 ignorabat.
1231 373 1388 423 Simul,
1409 390 1435 416 a
1459 374 1666 433 Pompeio
1686 373 1757 416 litfl

266 438 373 481 teris
402 453 481 495 per
501 452 647 479 omnes
674 435 918 494 provincias
943 434 1228 491 civitatesque
1248 432 1429 476 dimissis
1453 432 1506 475 de
1529 431 1687 491 proelio
1703 431 1760 475 ad

268 495 593 555 Dyrrhachium
612 495 746 545 facto,
778 493 908 537 latius
928 492 1204 550 inflatiusque
1233 491 1390 541 multo,
1422 507 1553 549 quam
1574 507 1643 535 res
1661 498 1758 533 erat

264 563 402 614 gesta,
434 555 547 598 fama
568 554 894 613 percrebuerat,
930 559 958 578 ‘⁶
1012 552 1154 594 ulsum
1189 550 1342 610 fugere
1373 551 1602 600 Caesarem,
1635 564 1757 608 paene

253 621 300 644 *⁴⁶
323 613 520 657 omnibus
552 613 686 672 copiis
721 611 933 655 amissis:”
977 567 1067 654 iiaec
1101 610 1257 653 itinera
1295 610 1450 652 infesta
1491 608 1757 657 reddiderat,

261 672 354 716 haec
372 672 570 715 civitates
599 671 827 715 nonnullas
857 670 915 713 ab
946 669 1038 727 ejus
1066 669 1255 712 amicitia
1286 677 1521 712 averterat.
1586 667 1757 718 Quibus

263 731 422 775 accidit
458 731 603 782 rebus,
644 739 696 773 ut
729 729 932 788 pluribus
964 728 1126 771 dimissi
1162 728 1405 778 itineribus,
1445 744 1471 770 a
1501 728 1670 771 Caesare
1701 725 1756 768 ad

265 790 525 841 Domitium,
564 798 611 833 et
637 790 694 832 ab
729 788 925 832 Domitio
963 787 1019 830 ad
1058 788 1287 836 Caesarem,
1326 787 1445 829 nulla
1473 787 1642 829 ratione
1672 785 1757 827 iter

254 848 476 892 'conficere
496 856 682 907 possent.
747 848 834 890 Sed
857 847 1134 904 Allobroges,
1160 845 1339 888 Roscilli
1359 854 1491 903 atque
1515 845 1617 903 AEgi
1634 843 1755 886 fami-

254 907 409 958 hares,
433 923 541 965 quos
558 906 796 966 perfugisse
818 906 871 948 ad
892 906 1145 963 Pompeium
1166 904 1568 953 demonstravimus,
1591 902 1756 961 conspi-

265 967 352 1009 cati
372 967 416 1009 in
433 967 585 1009 itinere
601 967 898 1025 exploratores
920 964 1120 1013 Domitii,
1142 980 1215 1006 seu
1235 963 1418 1022 pristina
1434 979 1510 1006 sua
1528 973 1757 1006 eonsuetu-

264 1026 379 1076 dine,
417 1026 538 1084 quod
567 1041 652 1068 una
688 1025 733 1067 in
768 1024 913 1067 Gallia
951 1023 1067 1066 bella
1098 1031 1335 1081 gesserant,
1371 1039 1445 1065 seu
1474 1021 1615 1080 gloria
1634 1021 1754 1070 elati,

266 1092 440 1134 cuncta,
463 1093 514 1127 ut
535 1092 661 1127 erant
688 1091 802 1133 acta,
833 1092 1127 1141 exposuerunt
1162 1090 1206 1124 et
1235 1081 1413 1124 Caesaris
1445 1080 1755 1140 profectionem

252 1151 311 1186 -et
329 1144 565 1187 adventum
586 1142 781 1200 Pompeii
798 1141 1055 1184 docuerunt.
1082 1141 1085 1144 ’
1120 1142 1159 1183 Α
1181 1140 1341 1198 quibus
1359 1140 1579 1183 Domitius
1594 1139 1755 1182 certior

265 1202 425 1251 factus,
448 1202 520 1244 vix
542 1209 730 1258 quatuor
760 1200 967 1244 horarum
995 1200 1137 1259 spatio
1164 1198 1438 1248 antecedens,
1471 1198 1658 1241 hostium
1680 1197 1753 1240 be-

263 1261 416 1303 neficio
435 1260 680 1318 periculum
708 1259 866 1302 vitavit
887 1268 932 1301 et
952 1259 1008 1300 ad
1033 1258 1272 1315 AEginium,
1296 1258 1416 1314 qnod
1438 1267 1502 1300 est
1530 1256 1754 1315 objectum

261 1319 599 1377 obpositumque
621 1317 865 1366 Thessaliae,
898 1318 1057 1359 Caesari
1079 1316 1269 1358 venienti
1292 1317 1494 1358 occurrit.

322 1377 393 1420 80.
428 1378 672 1435 Conjuncto
702 1376 914 1424 exercitu,
947 1376 1090 1418 Caesar
1125 1373 1348 1432 Gomphos
1382 1374 1599 1433 pervenit,
1633 1374 1752 1432 quod

261 1444 328 1479 est
355 1435 568 1494 oppidum
595 1435 785 1493 primum
817 1434 1048 1476 Thessaliae
1085 1432 1358 1476 venientibus
1384 1435 1441 1478 ab
1469 1434 1622 1492 EpirO,
1653 1450 1752 1491 quae

259 1511 366 1553 gens
389 1495 538 1553 paucis
555 1503 656 1536 ante
677 1492 892 1536 mensibus
919 1493 1038 1534 ultro
1058 1492 1113 1534 ad
1137 1492 1349 1535 Caesarem
1372 1492 1538 1550 legatos
1559 1493 1750 1542 miserat,

260 1562 312 1597 ut
343 1555 430 1596 suis
460 1553 659 1596 omnibus
692 1552 975 1594 facultatibus
1007 1559 1225 1601 uteretur,
1259 1552 1593 1610 praesidiumque
1620 1551 1678 1594 ab
1699 1567 1750 1594 eo

261 1613 453 1656 militum
473 1611 674 1669 petierat.
730 1610 818 1653 Sed
835 1627 885 1653 eo
905 1611 1020 1652 fama
1035 1610 1124 1666 jam
1146 1620 1452 1667 praecurrerat,
1469 1627 1600 1668 quam
1617 1626 1752 1667 supra

259 1671 505 1719 docuimus,
539 1670 591 1712 de
613 1669 768 1728 proelio
792 1668 1110 1727 Dyrrhachino,
1141 1669 1259 1726 quod
1281 1670 1431 1712 multis
1450 1679 1632 1712 auxerat
1653 1685 1749 1728 par-

262 1731 396 1773 tibus.
460 1729 615 1786 Itaque
657 1727 996 1777 Androsthenes,
1038 1727 1207 1770 Praetor
1246 1727 1489 1778 Thessaliae,
1530 1744 1665 1786 quum
1704 1744 1747 1770 se

261 1787 455 1831 victoriae
488 1787 683 1845 Pompeii
703 1787 903 1829 comitem
928 1803 1015 1828 esse
1038 1786 1204 1834 m’allet,
1226 1802 1355 1843 quam
1377 1787 1539 1829 socium
1570 1786 1750 1830 Caesaris

258 1848 304 1891 in
324 1848 454 1890 rebus
474 1846 676 1895 adversis,
699 1861 868 1889 omnem
901 1861 954 1887 ex
975 1845 1091 1903 agris
1110 1844 1433 1887 multitudinem
1450 1861 1672 1888 servorum
1697 1861 1747 1888 ac

258 1907 499 1950 liberorum
522 1905 563 1947 in
593 1904 800 1962 oppidum
831 1904 949 1959 cogit
978 1912 1214 1962 portasque
1245 1903 1475 1960 praecludit
1503 1914 1547 1946 et
1575 1904 1631 1947 ad
1656 1905 1747 1947 Sci-

260 1965 434 2024 pionem
459 1964 801 2021 Pompeiumque
822 1963 996 2005 nuncios
1014 1963 1166 2010 mittit,
1185 1972 1233 2004 nt
1249 1962 1328 2003 sibi
1345 1963 1535 2005 subsidio
1550 1963 1746 2011 veniant;

261 2042 304 2068 ise
338 2022 551 2069 confidere
585 2021 898 2066 munitionibus
933 2021 1102 2080 oppidi,
1135 2022 1168 2064 si
1207 2021 1405 2064 celeriter
1435 2031 1743 2066 succurratur:

262 2176 410 2210 rationes
442 2176 475 2208 in
513 2175 727 2207 citerioribus
757 2174 970 2207 detinebant.

1040 2174 1255 2215 positionem.
1288 2181 1380 2217 putat
1407 2175 1616 2217 scaligerum
1654 2188 1745 2209 snm-

263 2223 438 2253 cellarius.
496 2220 658 2251 Probarit
697 2220 767 2251 lut-c
809 2221 899 2250 (⁷)nd.
936 2225 970 2251 et
1057 2220 1062 2224 '

1037 2232 1117 2250 sisse.
1149 2231 1166 2250 c
1199 2231 1275 2261 cap.
1306 2232 1376 2261 seq.
1420 2220 1542 2253 Verum
1567 2220 1613 2252 sic
1630 2233 1745 2256 sensus

263 2263 510 2305 XVesselingins
528 2265 569 2295 ad
593 2264 757 2295 Antonini
775 2263 919 2295 itinerar.
937 2276 969 2304 p.

261 2312 340 2342 607.
372 2310 423 2340 M.
455 2309 631 2349 Adjectnm
661 2307 693 2338 id
725 2311 896 2339 Sentit-am
929 2309 969 2339 li-

264 2352 370 2385 brarii
388 2352 583 2393 ignorantiae
600 2351 751 2382 debetur.
784 2352 885 2383 deleri
912 2353 968 2382 dv-

266 2399 335 2429 bet.
360 2396 482 2428 delevi.
518 2395 596 2427 Non
614 2395 748 2433 suflicit,
775 2396 855 2427 talia
873 2396 968 2427 uncis

265 2441 453 2474 includere.
504 2439 548 2471 V.
575 2445 607 2472 et
639 2439 783 2470 wessel.
820 2440 841 2470 1.
873 2452 903 2471 c.
937 2452 967 2481 p.

263 2489 342 2518 319.

311 2532 365 2562 De
378 2530 496 2571 proelio
509 2529 554 2560 ml
573 2529 736 2570 D.factc1.
783 2529 836 2560 Sic
855 2529 968 2560 nnllns

265 2575 396 2606 codex:
422 2583 496 2606 num
522 2573 618 2604 abest
645 2574 697 2611 de,
724 2573 777 2603 vel
810 2573 968 2604 scribitur

263 2629 326 2661 pro
344 2628 386 2649 eo
402 2628 455 2649 ac.
483 2618 540 2662 ycl
568 2617 701 2658 quibus,
724 2617 780 2648 vel
796 2616 918 2657 legitur
935 2618 965 2648 in

236 2682 239 2685 -
264 2663 344 2694 cod.
373 2661 516 2703 optimo,
532 2663 691 2702 prndium
712 2661 852 2701 suanm.
905 2661 967 2691 Sed

267 2713 350 2748 puto
367 2716 409 2737 ex
426 2705 479 2736 his
495 2715 608 2737 veram
628 2704 809 2736 lectionem
836 2710 963 2735 erutam

265 2762 338 2782 esse
367 2761 427 2791 per
453 2749 527 2787 llos,
555 2749 614 2790 qni
643 2749 690 2788 id,
711 2750 801 2789 quod
825 2747 857 2779 in
875 2754 964 2780 textu

267 2800 329 2831 est,
344 2794 539 2825 ediderunt:
565 2803 642 2825 nam
670 2803 699 2824 c.
725 2796 766 2825 80
794 2793 894 2835 plane
911 2805 966 2824 en-

267 2839 342 2868 dem
371 2838 473 2869 verba
501 2839 657 2875 leguntur
680 2838 721 2869 de
746 2838 809 2869 hac
833 2837 904 2877 ipsa
922 2849 966 2868 re.

266 2883 318 2915 M.
336 2881 550 2916 Marclandus
567 2892 599 2924 p.
615 2884 690 2914 275.
703 2881 865 2925 expungit
882 2891 966 2923 pra*-

1039 2263 1171 2305 plnnior
1186 2271 1234 2295 est
1253 2275 1403 2296 ommno.

1085 2309 1216 2339 Larem.
1235 2310 1350 2340 (mcc.
1361 2310 1493 2341 dederat
1504 2310 1637 2349 elarius,
1651 2314 1743 2353 quod

1040 2351 1154 2383 invitis
1170 2353 1267 2383 codd.
1284 2359 1334 2384 est
1351 2353 1453 2394 vulgo
1477 2359 1655 2387 retentum.

1085 2397 1289 2429 ledideral
1305 2415 1347 2418 —
1360 2403 1541 2437 averterat,
1557 2398 1617 2431 alii
1635 2401 1742 2433 raldi-

1037 2441 1157 2472 derrmt
1194 2458 1237 2463 —-
1268 2447 1468 2473 arertermel.
1515 2448 1550 2473 ut
1595 2455 1661 2478 non
1699 2446 1740 2478 ad

1028 2485 1166 2525 flitmum
1182 2485 1375 2517 referamur.
1400 2486 1549 2517 Bennoi.

1084 2530 1286 2560 hemona-tra
1294 2531 1411 2560 rimus.
1428 2530 1496 2561 vid.
1511 2541 1540 2562 c.
1559 2533 1611 2562 ⁵9.
1637 2531 1686 2563 J!-

1084 2573 1211 2603 Pam-is
1236 2579 1312 2604 «mle
1335 2574 1510 2606 mensibus.
1549 2574 1634 2606 Edd.
1648 2584 1740 2616 qna·-

1037 2617 1114 2647 dam
1131 2617 1255 2651 tlielme,
1279 2618 1369 2658 qnod
1400 2618 1473 2659 ipsa
1496 2628 1548 2650 res
1565 2628 1631 2650 non
1649 2618 1740 2661 pati-

1036 2666 1099 2691 tnr.
1124 2662 1174 2691 M.

1083 2706 1224 2740 Proetor.
1252 2717 1401 2738 summus
1429 2706 1662 2748 Magistratus.
1694 2723 1738 2730 —·

1038 2748 1087 2779 De.
1117 2750 1285 2791 Gomphis
1315 2751 1520 2793 expugnatis
1543 2760 1655 2792 pauca
1680 2750 1739 2781 ha-

1037 2793 1117 2824 bent
1149 2794 1296 2835 Appinn.
1342 2795 1418 2826 Cir.
1449 2800 1482 2828 ¹2.
1513 2797 1565 2826 6⁴.
1597 2805 1631 2836 p.
1661 2797 1735 2826 468.

1032 2837 1103 2912 ί14)ἰο
1127 2837 1221 2913 ῧιιεε.
1238 2840 1291 2878 41,
1310 2841 1363 2872 51.
1409 2839 1580 2872 Plutarch.
1602 2838 1689 2872 Caes.
1705 2850 1737 2870 c.

1062 2884 1086 2913 l.
1117 2894 1127 2914 ι
1162 2906 1168 2913 .
