1946 3261
638 208 758 256 LIB.
790 209 878 256 ΙΙΙ.
940 209 1080 255 CAP.
1113 209 1303 255 61-63.
1619 204 1711 258 385

206 335 357 396 spatiis
375 336 575 382 locorum
606 348 654 383 et
685 339 983 385 custodiarum
1009 338 1178 382 viribus
1198 355 1248 383 ac
1268 334 1497 398 diligentia
1516 335 1714 381 animad-

206 413 345 448 versa,
388 406 522 456 prout
561 399 773 458 cujusque
812 415 983 449 eorum,
1028 397 1104 456 qui
1138 398 1322 456 negotiis
1363 405 1599 458 praeerant,
1627 405 1711 441 aut

207 465 364 500 natura
392 466 472 501 aut
501 458 696 503 studium
726 459 915 510 ferebat,
946 457 1037 502 haec
1057 456 1114 501 ad
1137 457 1396 517 Pompeium
1417 456 1562 503 omnia
1581 457 1710 501 detu-

209 515 367 560 lerant.

267 575 338 618 62.
375 576 547 626 Quibus
586 576 659 620 ille
701 578 903 637 cognitis,
940 575 1274 637 eruptionisque
1306 575 1395 634 jam
1435 585 1536 620 ante
1572 584 1708 637 capto

207 634 402 684 consilio,
440 644 490 678 ut
521 635 870 680 demonstratum
902 646 985 686 est,
1020 636 1257 695 tegimenta
1294 635 1430 693 galeis
1462 635 1623 680 milites
1654 652 1711 679 ex

206 694 441 738 viminibus
475 694 620 738 facere
660 705 795 754 atque
835 711 1043 755 aggerem
1085 703 1364 754 comportare
1400 693 1544 752 jubet.
1622 695 1708 738 His

207 753 373 811 paratis
405 752 551 803 rebus,
583 770 791 813 magnum
825 770 1056 799 numerum
1083 754 1192 797 levis
1212 761 1447 797 armaturae
1466 761 1512 796 et
1533 753 1712 812 sagitta-

204 812 372 855 riorum
389 827 688 872 aggeremque
706 830 876 858 omnem
895 823 1028 857 noctu
1046 814 1088 856 in
1104 812 1284 872 scaphas
1300 821 1345 855 et
1358 827 1487 856 naves
1499 812 1718 856 actuarias

206 870 378 931 inponit
409 880 456 915 et
490 871 545 915 de
583 873 724 916 media
757 883 882 917 nocte
923 873 1125 917 cohortes
1153 872 1394 930 sexaginta,
1428 887 1483 915 ex
1519 872 1718 915 maximis

207 932 359 975 castris
398 931 696 990 praesidiisque
733 932 957 985 deductas,
994 932 1050 975 ad
1085 947 1180 974 eam
1218 940 1389 990 partem
1426 931 1715 975 munitionem

206 990 347 1040 ducit,
383 1006 483 1048 quae
516 992 798 1049 pertinebant
829 992 886 1034 ad
925 1007 1044 1035 mare
1078 990 1414 1049 longissimeque
1452 1007 1478 1034 a
1517 990 1715 1033 maximis

208 1051 360 1094 castris
382 1050 564 1093 Caesaris
585 1051 782 1094 aberant.
833 1050 1000 1094 Eodem
1023 1066 1169 1099 naves,
1193 1065 1302 1108 quas
1321 1049 1717 1094 demonstravimus

207 1125 372 1169 aggere
407 1117 453 1152 et
485 1109 589 1152 levis
619 1120 855 1153 armaturae
888 1110 1101 1154 militibus
1136 1109 1390 1167 completas,
1423 1124 1620 1167 quasque
1658 1108 1721 1152 ad

209 1168 533 1228 Dyrrhachium
555 1184 686 1212 naves
715 1169 865 1226 longas
888 1168 1097 1218 habebat,
1120 1169 1259 1211 mittit
1280 1177 1341 1219 et,
1363 1169 1470 1227 quid
1491 1184 1518 1211 a
1538 1183 1720 1227 quoque

209 1227 304 1271 fieri
340 1228 464 1278 velit,
500 1228 717 1287 praecipit.
782 1228 855 1271 Ad
888 1244 960 1271 eas
991 1227 1254 1271 munitiones
1289 1227 1437 1272 Caesar
1472 1227 1717 1271 Lentulum

213 1287 527 1331 Marcellinum
556 1288 828 1337 Quaestorem
849 1303 948 1330 cum
971 1287 1140 1345 legione
1163 1302 1277 1331 nona
1298 1288 1488 1345 positum
1508 1286 1719 1330 habebat.

214 1346 350 1397 Huic,
382 1345 502 1404 quod
535 1346 787 1390 valetudine
822 1347 963 1389 minus
993 1345 1223 1389 commoda
1244 1346 1473 1401 utebatur,
1508 1345 1719 1390 Fulvium

216 1406 474 1449 Postumum
495 1404 744 1464 adjutorem
766 1405 1044 1449 submiserat.

274 1465 344 1508 63.
380 1465 490 1508 Erat
508 1481 560 1507 eo
583 1465 680 1508 loco
704 1465 814 1507 fossa
836 1463 1000 1521 pedum
1032 1463 1285 1522 quindecim
1313 1471 1361 1507 et
1393 1463 1534 1507 vallus
1564 1471 1722 1508 contra

212 1524 378 1568 hostem
396 1524 439 1568 in
455 1523 735 1567 altitudinem
758 1523 920 1582 pedum
940 1522 1109 1572 decem,
1128 1522 1488 1580 tantumdemque
1505 1523 1596 1581 ejus
1614 1523 1726 1566 valli

211 1599 268 1642 ag
301 1600 350 1627 er
388 1583 430 1626 in
468 1583 748 1626 latitudinem
786 1582 985 1684 patebat.
1062 1583 1137 1625 Ab
1177 1597 1245 1632 eo,
1291 1581 1534 1626 intermisso
1575 1583 1720 1640 spatio

212 1659 268 1702 pe
305 1659 376 1686 um
410 1650 729 1691 sexcentorum,
763 1658 784 1685 a
809 1651 876 1684 ter
910 1657 1145 1685 conversus
1178 1640 1222 1684 in
1254 1640 1519 1684 contrariam
1543 1650 1720 1699 partem

211 1712 308 1746 erat
333 1701 487 1752 vallus,
510 1700 740 1744 humiliore
765 1701 917 1759 paullo
940 1699 1181 1743 munitione
1200 1715 1210 1742 2
1244 1699 1326 1743 hoc
1348 1698 1462 1742 enim
1483 1700 1722 1758 superiori-

213 1762 296 1805 bus
315 1761 473 1805 diebus
491 1760 645 1804 timens
668 1760 830 1809 Cacsar,
851 1776 903 1802 ne
922 1759 1105 1803 navibus
1122 1759 1259 1802 nostri
1278 1759 1722 1810 circumvenirentur,

214 1821 437 1881 duplicem
459 1837 511 1864 eo
532 1820 626 1864 loeo
648 1820 809 1863 fecerat
838 1819 1022 1869 vallum,
1058 1828 1125 1868 ut,
1157 1819 1190 1861 si
1212 1818 1391 1877 ancipiti
1414 1817 1572 1876 proelio
1593 1819 1720 1862 dimi-

214 1890 406 1931 caretur,
438 1889 581 1939 posset
602 1879 757 1923 resisti.
823 1879 909 1924 Sed
933 1895 1116 1937 operum
1138 1876 1396 1936 magnitudo
1416 1886 1462 1920 et
1493 1878 1722 1925 continens

216 1942 410 1985 omnium
438 1939 607 1983 dierum
642 1939 782 1988 labor,
818 1938 937 1997 quod
967 1938 1088 1981 milia
1108 1953 1314 1996 passuum
1337 1936 1379 1979 in
1407 1936 1595 1979 circuitu
1623 1953 1721 1996 sep-

214 1999 446 2043 temdecim
465 1998 725 2042 munitiones
743 2007 840 2042 erat
862 1997 1132 2056 complexus,
1157 1995 1407 2055 perficiendi
1427 1994 1617 2054 spatium
1635 2011 1726 2040 non

217 2058 370 2102 dabat.
435 2057 592 2115 Itaque
626 2066 781 2100 contra
821 2073 940 2100 mare
978 2065 1272 2099 transversum
1313 2054 1496 2105 vallum,
1528 2054 1606 2112 qui
1646 2055 1726 2099 has

216 2119 325 2161 duas
356 2116 617 2160 munitiones
642 2116 936 2174 contingeret,
967 2114 1160 2158 nondum
1196 2114 1456 2173 perfecerat.
1521 2114 1632 2164 Quae
1654 2130 1723 2158 res

217 2186 323 2221 nota
341 2184 436 2220 erat
461 2174 687 2233 Pompeio,
704 2174 852 2217 delata
870 2191 949 2234 per
968 2174 1237 2232 Allobrogas
1255 2172 1479 2232 perfugas,
1496 2189 1724 2232 magnum-

217 2253 306 2296 que
329 2236 485 2280 nostris
516 2234 679 2278 adtulit
709 2233 1046 2276 incommodum.
1112 2233 1246 2283 Nam,
1269 2240 1320 2275 ut
1342 2232 1397 2276 ad
1419 2248 1539 2275 mare
1561 2242 1724 2277 nostrae

217 2296 416 2340 cohortes
444 2293 566 2339 nonae
595 2292 778 2353 legionis
799 2292 1141 2344 excubaverant,
1175 2307 1389 2337 accessere
1408 2291 1557 2336 subito
1578 2292 1720 2351 prima

275 2401 384 2432 Varia
412 2399 599 2441 diligencia.
645 2398 728 2431 Haec
762 2397 865 2430 lectio
900 2397 932 2429 in
1001 2397 1073 2430 vid.
1105 2397 1178 2430 lnd.
1204 2398 1255 2430 M.
1301 2396 1358 2430 Sic
1376 2403 1410 2429 et
1431 2396 1593 2428 Tibullus
1618 2397 1727 2437 Eleg-

222 2445 427 2488 quibusdam
451 2444 555 2476 codd.
582 2448 704 2482 exstat,
721 2447 755 2474 et
771 2453 790 2473 e.
805 2448 936 2474 cetero·
1005 2444 1035 2480 l,
1053 2444 1104 2480 ll,
1120 2444 1154 2474 9.
1176 2453 1244 2475 non
1258 2452 1444 2479 arce-3‚non
1459 2442 1568 2473 vallus
1581 2446 1668 2472 erat.
1683 2445 1722 2472 et

223 2501 299 2523 rum
330 2488 484 2530 vestigiis
515 2494 610 2520 eruta
639 2493 703 2525 est,
743 2485 802 2518 ubi
834 2488 933 2525 viria,
1002 2485 1139 2518 Hirtius
1158 2487 1255 2518 Ake.
1270 2488 1434 2528 triplicem
1450 2486 1578 2518 vallum
1590 2484 1720 2518 obdu-v-

222 2546 319 2573 vera,
357 2534 482 2565 viribus
508 2543 548 2564 ac
574 2533 634 2563 dil.
666 2530 828 2563 occurrit.
881 2532 934 2562 M.
1002 2537 1089 2564 erat.
1117 2533 1204 2563 Erat
1219 2536 1404 2563 exserat-rics-
1419 2541 1511 2561 saa-o.

225 2577 374 2620 Recepit
387 2578 453 2609 hoc
467 2576 633 2619 posterius
643 2575 824 2608 Cellarius.
838 2574 936 2606 item·
1051 2576 1302 2618 Septemdecim.
1317 2573 1379 2606 alii
1392 2574 1582 2606 octodecim.

223 2635 290 2666 que
306 2622 465 2655 Clarkius
477 2627 511 2652 et
525 2619 665 2661 Wailly.
693 2619 780 2652 mihi
796 2630 936 2660 quoquc
1049 2621 1253 2652 Manitiones
1267 2624 1342 2651 erat
1356 2619 1516 2660 complex.
1541 2619 1621 2659 Leg.
1637 2627 1724 2650 mu-

225 2668 423 2710 praeplacet,
452 2665 544 2707 quod
577 2663 759 2697 manifesto
792 2663 826 2696 in
858 2663 937 2696 cod.
1003 2666 1141 2702 uitione,
1172 2669 1209 2694 ut
1226 2662 1382 2695 Clarkius
1397 2661 1542 2694 monuit.
1579 2662 1631 2694 M.
1678 2661 1719 2695 Si

225 2712 418 2747 Petaviano
432 2709 600 2742 exstabat,
869 2708 871 2711 ”
897 2721 907 2731 ·
1006 2708 1151 2740 retineas
1180 2709 1277 2747 vulg.
1306 2705 1492 2739 subaudies
1518 2716 1582 2748 per
1612 2707 1718 2739 milia.

274 2758 493 2790 Detulerunt.
537 2753 594 2787 Sic
611 2753 713 2787 codd.
752 2751 869 2795 Vulgo
882 2752 939 2786 cle·
1002 2762 1180 2795 passuum.
1220 2749 1466 2791 Oudendorpio
1490 2757 1649 2793 suspecta
1664 2756 1719 2782 est

226 2803 391 2837 tulerunt.
1005 2807 1075 2829 vox
1101 2798 1317 2830 munitiones.
1362 2794 1535 2828 Clarkium
1564 2795 1718 2838 sequitur

274 2845 488 2879 Pertinebam
513 2860 558 2867 —
587 2842 741 2875 aberant.
785 2840 939 2875 Jur‘mius
1009 2840 1176 2874 Jurinius.

229 2889 324 2927 malit
335 2890 523 2932 pertinebat
536 2904 581 2915 -'
597 2889 727 2920 aberat.
1054 2886 1331 2924 Excubat-erant.
1376 2883 1433 2923 Sic
1449 2884 1534 2919 boni
1549 2885 1650 2920 codd.

280 2935 397 2972 Vaccus
427 2934 463 2970 h.
492 2934 518 2972 1.
549 2932 640 2971 idem
670 2931 764 2978 quod
791 2930 936 2970 vadam.
1471 2977 1492 3009 2
1515 2973 1545 3008 C
