1946 3261
231 282 318 326 354
685 273 766 312 DE
803 271 1005 317 BELLO
1041 275 1254 321 CIVILI.

240 400 422 447 navibus
455 394 660 439 onerariis
681 394 965 452 subportare:
999 403 1132 452 atque
1153 411 1240 439 uno
1261 396 1393 440 etiam
1425 407 1622 456 tempore
1652 415 1720 442 ac-

240 458 364 507 cidit,
382 463 448 505 ut,
470 454 787 498 difficilioribus
808 454 872 496 usi
895 454 1244 512 tempestatibus,
1268 471 1322 497 ex
1341 454 1547 513 pellibuS,
1563 457 1723 514 quibus

238 523 365 560 erant
386 522 513 558 tectae
540 529 684 563 naves,
724 521 984 556 nocturnum
1018 513 1218 572 excipere
1254 529 1400 557 rorem
1432 523 1721 572 cogerentur:

238 590 345 633 quas
365 582 511 616 tamen
526 572 806 615 difficultates
823 574 1039 630 patienter
1054 580 1188 629 atque
1204 588 1330 630 aequo
1347 573 1490 617 animo
1506 573 1724 625 ferebant,

238 648 381 690 neque
411 631 494 675 sibi
516 631 718 674 nudanda
738 631 870 674 litora
894 640 938 673 et
974 630 1283 688 relinquendos
1321 641 1480 690 portus
1510 632 1725 676 existima-

237 692 358 735 bant.
423 689 511 733 Sed
531 706 667 749 quum
689 698 841 740 essent,
867 690 909 732 in
931 689 1090 747 quibus
1110 690 1419 742 demonstravi,
1442 691 1652 750 angustiis
1672 707 1724 735 ac

235 766 280 795 se
303 750 419 794 Libo
437 765 536 792 cum
559 749 721 792 Bibulo
742 749 1042 807 conjunxisset,
1064 748 1306 806 loquuntur
1324 751 1453 795 ambo
1469 767 1523 794 ex
1545 750 1727 794 navibus

237 825 337 852 cum
360 809 411 852 M
428 813 447 851 ’ἰ
478 809 622 852 Acilio
642 817 687 850 et
707 808 849 851 Statio
873 808 1050 858 Murco,
1088 807 1279 867 Legatis‚
1303 824 1491 866 quorum
1512 809 1627 853 alter
1647 825 1725 868 op-

238 868 334 926 pidi
368 867 519 919 muris,
554 868 667 910 alter
696 867 906 925 praesidiis
932 867 1216 910 terrestribus
1253 876 1464 926 praeerat;
1496 876 1527 894 ‘⁶
1550 867 1664 911 velle
1681 884 1727 911 se

239 935 270 954 ‘⁶
292 927 486 971 maximis
506 926 561 970 de
591 926 721 969 rebus
757 942 856 968 cum
889 926 1056 969 Caesare
1092 926 1227 983 loqui,
1259 927 1294 969 si
1327 926 1409 970 sibi
1430 927 1522 985 ejus
1542 926 1728 970 facultas

241 993 273 1015 “
296 986 474 1030 detur.”
538 985 640 1028 Huc
660 984 831 1028 addunt
852 1000 991 1043 pauca
1011 984 1073 1028 rei
1096 984 1400 1029 confirmandae
1418 1001 1581 1036 caussa,
1600 993 1653 1028 ut
1671 985 1728 1028 de

241 1044 555 1104 compositione
575 1044 718 1088 acturi
739 1044 1007 1086 viderentur.
1059 1043 1240 1088 Interim
1261 1052 1290 1072 ‘⁶
1309 1045 1550 1103 postulant,
1573 1053 1625 1087 ut
1643 1044 1730 1088 sint

243 1111 276 1132 ‘⁶
299 1104 526 1154 induciae,'’
549 1111 682 1160 atque
703 1103 760 1146 ab
779 1103 827 1145 iis
861 1103 1080 1161 inpetrant
1098 1117 1108 1144 :
1142 1119 1345 1161 magnum
1366 1104 1495 1154 enim,
1517 1103 1636 1162 quod
1655 1102 1729 1146 ad-

240 1163 461 1213 ferebant,
495 1161 745 1212 videbatur,
780 1170 824 1204 et
847 1163 1059 1205 Caesarem
1081 1161 1125 1205 id
1148 1179 1310 1206 summe
1327 1163 1522 1206 sciebant
1553 1177 1731 1222 cupere,

243 1229 290 1265 et
310 1222 558 1279 profectum
577 1220 744 1278 aliquid
769 1220 954 1265 Vibullii
972 1221 1183 1264 mandatis
1205 1222 1551 1265 existimabatur.

309 1280 375 1322 16.
411 1280 570 1329 Caesar,
593 1295 643 1322 eo
664 1288 864 1338 tempore
888 1296 985 1322 cum
1006 1280 1177 1337 legione
1200 1295 1286 1322 una
1306 1280 1532 1337 profectus
1550 1278 1606 1323 ad
1626 1278 1733 1322 reci·

243 1338 424 1397 piendas
445 1338 677 1381 ulteriores
711 1339 908 1381 civitates
936 1346 981 1380 et
1013 1354 1104 1381 rem
1135 1338 1463 1381 frumentariam
1498 1336 1730 1396 expedien-

240 1397 360 1447 dam,
390 1412 478 1455 qua
509 1405 692 1455 anguste
713 1397 938 1446 utebatur,
971 1404 1065 1441 erat
1086 1397 1141 1440 ad
1164 1396 1448 1447 Buthrotum,
1481 1395 1729 1455 obpositum

246 1456 467 1516 Corcyrae.
531 1454 599 1499 Ibi
620 1456 781 1499 certior
802 1456 858 1499 ab
881 1455 1026 1499 Acilio
1045 1464 1090 1499 et
1120 1456 1281 1500 Murco
1302 1471 1381 1514 per
1401 1455 1572 1499 litteras
1591 1455 1732 1498 factus

241 1513 299 1556 de
339 1514 568 1574 postulatis
605 1515 785 1558 Libonis
821 1523 866 1558 et
903 1515 1068 1565 Bibuli,
1111 1515 1324 1573 legionem
1362 1514 1595 1571 relinquit;
1642 1513 1732 1572 ipse

246 1573 432 1618 Oricum
451 1573 705 1620 revertitur.
759 1575 825 1616 Eo
846 1591 980 1632 quum
1003 1575 1204 1624 venisset,
1223 1581 1460 1616 evocantur
1477 1573 1542 1616 illi
1561 1571 1619 1616 ad
1634 1587 1735 1616 con-

242 1631 456 1691 loquium.
522 1632 674 1675 Prodit
713 1633 825 1677 Libo
852 1642 985 1690 atque
1019 1642 1194 1676 excusat
1230 1633 1456 1684 Bibulum,
1493 1631 1613 1690 quod
1646 1636 1678 1658 ‘⁶
1698 1630 1734 1673 is

242 1698 274 1717 ‘⁶
298 1690 520 1734 iracundia
557 1707 720 1734 summa
759 1701 854 1735 erat
894 1691 1224 1750 inimicitiasque
1255 1691 1445 1735 habebat
1476 1690 1608 1734 etiam
1644 1689 1734 1747 pri-

245 1757 277 1777 “
300 1758 424 1794 vatas
461 1765 560 1792 cum
595 1750 780 1801 Caesare,
815 1767 867 1793 ex
912 1750 1141 1793 AEdilitate
1166 1759 1211 1792 et
1245 1751 1443 1794 Praetura
1474 1757 1732 1808 conceptas;

246 1816 276 1835 ‘⁶
299 1809 359 1853 ob
378 1825 473 1851 eam
495 1824 587 1852 rem
608 1809 884 1867 conloquium
906 1810 1078 1858 vitasse,
1101 1824 1152 1852 ne
1176 1825 1241 1851 res
1261 1809 1458 1852 maximae
1487 1807 1581 1866 spei
1600 1807 1732 1850 maxi-

250 1875 280 1894 “
302 1884 472 1926 maeque
520 1868 722 1911 utilitatis
763 1868 855 1926 ejus
889 1868 1113 1911 iracundia
1144 1867 1462 1926 inpedirentur.
1543 1865 1737 1924 Pompeii

246 1933 276 1953 “
300 1943 509 1970 summam
543 1943 630 1969 esse
661 1943 711 1970 ac
745 1928 873 1970 fuisse
907 1943 1075 1985 semper
1108 1927 1395 1976 voluntatem,
1429 1934 1481 1968 ut
1508 1939 1736 1983 compone—

248 1993 278 2012 “
303 1986 458 2029 rentur
491 1993 624 2044 atque
661 1985 717 2029 ab
749 1986 876 2028 armis
909 1985 1233 2029 discederetur:
1267 1984 1341 2027 sed
1364 1991 1624 2043 potestatem
1643 1983 1735 2042 ejus

1026 2127 1135 2159 bullio
1164 2127 1268 2167 datis)
1294 2127 1364 2169 jam
1391 2127 1553 2159 Canterus
1575 2126 1616 2158 N.
1634 2125 1674 2158 L.
1700 2127 1733 2163 3,

1027 2173 1079 2203 21.
1103 2179 1135 2202 ot
1153 2172 1291 2202 llotom.
1308 2172 1479 2203 dederant.

1074 2216 1261 2257 oeqmsitum
1281 2216 1449 2256 Corcyrae.
1492 2215 1527 2245 In
1542 2214 1619 2246 cod.
1636 2211 1733 2245 Leid.

299 2129 406 2160 Τροία»
420 2138 529 2160 naves.
565 2127 634 2158 Sub
650 2127 693 2158 iis
707 2127 806 2158 miles
821 2136 878 2159 seu
894 2128 956 2159 sub

254 2172 409 2203 tentoriis
423 2173 559 2213 agebat.
584 2172 647 2202 Adi
665 2182 741 2213 cap.
764 2174 834 2203 lOO.

299 2217 343 2248 In
366 2216 482 2257 quibas
510 2215 596 2247 (lem.
622 2226 701 2258 any.
741 2215 793 2247 Cf.
818 2222 886 2247 not.
913 2216 955 2246 ad

257 2259 312 2292 Af.
327 2262 382 2292 96.

301 2304 395 2336 Libo.
419 2301 489 2332 vid.
507 2312 538 2333 c.
557 2306 587 2334 5.
614 2303 662 2333 M.

303 2349 406 2380 Statio
419 2346 550 2378 ΛΙιῃί-ο.
589 2346 717 2377 Nunius
733 2348 803 2388 ojus
832 2348 862 2378 in
880 2347 956 2378 NN.

253 2392 334 2424 sam.
350 2389 505 2422 occurrit.
539 2389 650 2421 Habet
667 2390 698 2421 in
718 2397 810 2431 parto
830 2392 957 2431 postica

255 2442 436 2477 tropaeum,
472 2433 587 2464 addito
625 2443 768 2465 nvncvs
810 2444 886 2466 lup,
927 2435 958 2465 in

259 2486 353 2521 parte
370 2478 482 2509 antica
497 2482 600 2518 caput
616 2477 775 2518 Neptuni.
800 2479 856 2509 (ts.
871 2480 960 2510 Eck-

260 2524 316 2555 hel
332 2524 373 2553 D.
390 2521 465 2553 NN.
482 2527 548 2553 vet.
567 2520 598 2551 in
614 2527 712 2561 gente
730 2524 848 2552 Statim.

302 2567 414 2598 Macris
436 2583 480 2588 —
502 2574 603 2607 prce-v.
626 2571 704 2597 terr.
743 2565 890 2607 Respice
919 2568 958 2597 ad

256 2621 287 2642 c.
308 2613 357 2642 10.

308 2653 514 2695 Adferebmzi.
552 2652 639 2683 Boni
656 2653 757 2683 codd.
783 2651 843 2683 sic.
863 2659 960 2683 recto.

261 2695 409 2737 Quidam
428 2697 631 2728 mlserelmnt.
666 2697 755 2728 Istud
774 2696 866 2737 prius
881 2708 961 2737 pro-

258 2742 368 2783 prium
384 2746 434 2771 cst
445 2740 656 2771 nunciorum.

314 2785 449 2816 Vibullii
479 2784 664 2815 mandalis.
717 2783 816 2814 Cons.
847 2793 877 2813 c.
911 2787 960 2815 10.

262 2829 388 2866 vulgo,
416 2827 541 2865 Bibuli,
564 2828 656 2868 quod
677 2827 746 2869 jam
771 2826 910 2857 Vossius
927 2834 961 2858 et

258 2872 424 2904 Cellarius
441 2877 669 2902 correxerunt.
701 2869 886 2910 Profectwn
904 2870 961 2902 lia-

258 2916 340 2949 bont
364 2915 464 2945 codd.
489 2913 590 2953 boni;
614 2913 695 2947 alii:
723 2913 959 2955 profiwlurum.

260 2961 315 2994 M.
352 2957 636 2993 Emendationem
659 2958 793 2993 Vibulli&
807 2958 883 3000 (pro
903 2957 962 2990 Vi-

1032 2259 1153 2300 mimo,
1178 2269 1286 2300 eoque
1304 2259 1450 2299 optimo,
1473 2258 1597 2299 legitur
1610 2258 1737 2298 obposi-

1027 2309 1118 2335 tum:
1142 2309 1176 2334 et
1194 2303 1257 2334 hoc
1274 2302 1356 2333 situs
1369 2303 1523 2334 locorum
1536 2301 1730 2333 confirmat:

1029 2347 1062 2377 in
1079 2347 1200 2378 ceteris
1217 2347 1386 2388 oppidum,
1413 2347 1502 2388 quod
1518 2344 1732 2386 geographia}

1029 2396 1204 2431 repugnat.
1247 2391 1297 2421 M.
1342 2391 1482 2422 llotom.
1496 2389 1567 2431 jam
1584 2399 1627 2421 ex
1640 2389 1734 2431 inge-

1028 2434 1085 2466 nio
1100 2436 1341 2466 emendaverat.

1075 2481 1182 2519 Atque
1206 2484 1349 2511 excusat.
1400 2478 1453 2510 Sic
1476 2477 1575 2510 Leid.
1606 2479 1635 2508 1.
1657 2475 1735 2508 reli-

1029 2522 1087 2563 qui
1103 2528 1136 2552 et
1152 2522 1229 2553 edd.
1245 2528 1311 2554 vet.
1328 2532 1447 2563 neque.

1076 2567 1132 2597 Ea:
1150 2566 1339 2598 AEzlilimte.
1372 2565 1511 2598 Sueton.
1535 2565 1607 2596 Jul.
1628 2566 1678 2596 10.
1694 2573 1736 2594 est:

1032 2611 1203 2643 Ρνιειιινα.
1250 2611 1301 2641 De
1331 2610 1393 2642 hac
1422 2610 1520 2641 silent
1545 2607 1735 2650 scriptores.

1033 2653 1234 2685 Inimicitias
1257 2665 1275 2684 e
1299 2653 1483 2685 Consulatu
1500 2653 1589 2684 idem
1603 2653 1739 2684 Sueton.

1032 2708 1063 2729 c.
1089 2700 1143 2729 ¹20.
1171 2697 1347 2729 enarravit.
1393 2698 1475 2729 Haec
1493 2696 1646 2729 Davisius
1662 2700 1739 2736 post

1030 2742 1273 2781 Glandorpium
1302 2747 1336 2772 et
1366 2741 1559 2773 Manutium
1592 2744 1735 2772 notarat.

1029 2787 1080 2816 M.
1106 2786 1157 2815 ef.
1177 2785 1253 2815 Dio.
1272 2787 1326 2823 38,
1343 2787 1441 2817 4-8.

1076 2828 1325 2869 Impedit-entur.
1348 2827 1730 2870 Juriniusinpediretm.

1031 2871 1086 2903 Sic
1104 2882 1183 2903 mox
1200 2872 1290 2904 idem
1310 2871 1447 2913 praefert
1466 2874 1731 2913 componeretur,

1030 2915 1283 2957 impersonaliter
1297 2915 1458 2957 positum.

1082 2961 1121 2992 Ut
1137 2964 1408 3004 comporwrentur
1422 2970 1473 2996 res
1500 2957 1578 2995 inae.
1614 2956 1733 3003 Vulgo
