1946 3261
597 237 712 282 ΜΒ.
748 237 832 282 111.
894 237 1033 282 CAP.
1073 224 1257 281 10--13;
1605 233 1662 277 67

252 357 316 400 11.
351 357 505 418 Itaque
518 360 572 404 T.
590 361 830 406 Labienum
847 362 1063 420 Legatum
1076 361 1118 403 in
1138 360 1358 411 Treviros,
1379 359 1456 418 qui
1474 358 1662 420 proximi

191 414 343 460 Rheno
376 418 540 462 flumini
577 430 691 471 sunt,
730 438 829 464 cum
867 420 1066 478 equitatu
1102 420 1254 461 mittit.
1319 420 1437 462 Huic
1473 419 1664 468 mandat,

190 473 347 518 Remos
379 478 655 536 reliquosque
691 480 848 539 Belgas
878 480 1004 522 adeat
1033 486 1165 535 atque
1195 477 1238 519 in
1259 478 1397 520 officio
1428 478 1662 528 contineat,

191 534 531 593 Germanosque,
553 538 628 594 qui
650 539 811 580 auxilio
824 555 848 581 a
864 537 1010 597 Belgis
1026 536 1213 580 arcessiti
1233 536 1507 586 dicebantur,
1527 537 1561 579 si
1583 543 1664 595 per

187 591 274 634 vim
292 594 473 637 navibus
491 595 650 638 flumen
667 597 849 639 transire
865 604 1090 646 conentur,
1110 594 1354 654 prohibeat.
1390 595 1439 637 P.
1462 596 1667 638 Crassum

187 660 285 692 cum
306 651 557 696 cohortibus
578 654 823 712 legionariis
842 655 1069 699 duodecim
1091 663 1135 697 et
1157 668 1314 712 magno
1336 668 1516 695 numero
1544 655 1665 710 equi-

186 715 303 750 tatus
340 709 384 752 in
422 711 703 769 Aquitaniam
735 714 947 770 proficisci
973 714 1115 771 jubet,
1150 727 1203 752 ne
1238 728 1291 752 ex
1323 711 1388 754 his
1419 711 1666 754 nationibus

185 767 346 810 auxilia
368 768 411 810 in
435 771 622 813 Galliam
640 772 872 813 mittantur
900 788 948 813 ac
967 779 1098 813 tantae
1119 768 1311 812 nationes
1330 768 1665 826 conjungantur.

188 824 243 873 Q.
279 825 502 868 Titurium
537 829 749 871 Sabinum
782 829 998 887 Legatum
1033 842 1132 870 cum
1169 826 1413 885 legionibus
1446 827 1589 869 tribus
1624 826 1667 870 in

187 882 384 934 Unellos,
417 884 700 928 Curiosolitas
735 887 1031 945 Lexoviosque
1067 884 1221 934 mittit,
1261 884 1337 943 qui
1371 900 1465 927 eam
1495 900 1670 928 manum

183 939 469 986 distinendam
485 953 623 987 curet.
689 946 747 988 D.
774 947 964 989 Brutum
984 945 1299 988 adolescentem
1321 943 1441 987 classi
1466 944 1667 987 Gallicis-

184 1015 271 1058 que
312 1002 507 1053 navibus‚
545 1019 652 1061 quas
685 1020 739 1047 ex
783 1005 1035 1048 Pictonibus
1072 1013 1116 1047 et
1159 1003 1360 1046 Santonis
1401 1003 1671 1062 reliquisque

185 1059 348 1117 pacatis
369 1061 619 1128 regionibus
638 1065 866 1107 convenire
896 1064 1096 1122 jusserat,
1115 1062 1298 1122 praeficit
1328 1070 1389 1113 et,
1421 1078 1557 1121 quum
1613 1061 1670 1105 ri-

185 1133 303 1161 mum
324 1129 474 1178 possit,
498 1120 541 1163 in
561 1121 750 1166 Venetos
769 1122 980 1182 proficisci
1000 1123 1143 1182 jubet.
1207 1121 1304 1181 Ipse
1325 1137 1376 1165 eo
1394 1121 1585 1181 pedestri
1621 1137 1670 1164 us

184 1177 319 1235 copiis
338 1179 576 1223 contendit.

250 1237 314 1278 12.
348 1237 487 1280 Erant
505 1239 711 1297 ejusmodi
733 1239 822 1281 fere
843 1237 950 1281 situs
967 1238 1247 1297 oppidorum,
1279 1247 1345 1290 ut,
1368 1239 1509 1296 posita
1537 1237 1581 1280 in
1601 1252 1672 1280 ex-

184 1294 333 1337 tremis
371 1295 546 1355 lingulis
568 1297 977 1355 promontoriisque,
1000 1313 1140 1354 neque
1162 1297 1335 1355 peditus
1359 1297 1524 1339 aditum
1542 1296 1671 1338 habe-

186 1361 299 1402 rent,
339 1368 474 1411 quum
506 1371 558 1397 ex
591 1355 680 1397 alto
713 1372 756 1397 se
790 1364 917 1397 aestus
949 1355 1227 1403 incitavisset‚
1263 1355 1381 1412 quod
1411 1355 1478 1397 bis
1515 1354 1672 1397 accidit

186 1427 356 1470 semper
378 1412 581 1455 horarum
600 1413 752 1456 XXIV
774 1413 930 1470 spatiO,
969 1428 1109 1468 neque
1132 1413 1330 1462 navibus,
1353 1413 1486 1469 quod,
1520 1428 1670 1455 rursus

187 1470 406 1513 minuente
427 1481 547 1521 aestu,
570 1487 697 1514 naves
718 1472 760 1514 in
784 1471 900 1513 vadis
920 1471 1260 1514 adflictarentur.
1326 1470 1394 1513 Ita
1416 1480 1604 1528 utraque
1623 1487 1670 1513 re

186 1529 451 1587 oppidorum
481 1530 753 1588 obpugnatio
783 1529 1117 1586 inpediebatur;
1149 1545 1213 1578 ac,
1245 1529 1280 1571 si
1314 1530 1486 1585 quando
1508 1530 1670 1587 magni-

187 1589 336 1630 tudine
357 1588 500 1646 operis
523 1589 636 1631 forte
655 1588 868 1646 superati,
891 1596 1068 1629 extruso
1088 1588 1195 1629 mari
1216 1599 1378 1645 aggere
1400 1603 1448 1629 ac
1466 1587 1670 1637 molibus,

186 1653 318 1704 atque
344 1645 408 1688 his
430 1647 565 1689 ferme
588 1646 740 1705 oppidi
761 1645 976 1689 moenibus
997 1644 1248 1702 adaequatis,
1272 1645 1357 1687 suis
1380 1644 1564 1688 fortunis
1580 1645 1671 1688 des-

187 1721 339 1762 perare
361 1714 599 1764 coeperant,
633 1721 789 1764 magno
823 1719 1002 1747 numero
1032 1705 1205 1746 navium
1235 1704 1433 1762 adpulso‚
1466 1704 1590 1763 cujus
1609 1704 1673 1747 rei

186 1779 392 1807 summam
415 1765 668 1807 facultatem
688 1763 923 1813 habebant,
957 1779 1032 1806 sua
1057 1763 1350 1822 deportabant
1371 1764 1511 1805 omnia
1541 1776 1673 1821 seque

187 1821 231 1864 in
252 1823 448 1880 proxima
467 1823 627 1882 oppida
650 1822 935 1881 recipiebant.
999 1821 1068 1864 Ibi
1089 1838 1132 1864 se
1152 1838 1301 1865 rursus
1332 1821 1483 1864 iisdem
1513 1821 1675 1880 obpor-

188 1881 452 1924 tunitatibus
480 1882 564 1925 loci.
596 1881 901 1925 defendebant.
967 1880 1073 1923 Haec
1093 1896 1144 1923 eo
1164 1881 1330 1923 facilius
1352 1896 1550 1940 magnam
1574 1897 1673 1940 par-

187 1948 276 1982 tem
294 1941 450 1983 aestatis
466 1941 696 1990 faciebant,
713 1941 829 1999 quod
847 1948 1002 1982 nostrae
1022 1954 1149 1982 naves
1163 1939 1496 1998 tempestatibus
1508 1939 1672 1982 detine-

187 1998 349 2042 bantur
370 2016 620 2058 summaque
640 2009 734 2043 erat
755 2006 876 2042 vasto
893 2007 1026 2056 atque
1055 2007 1210 2057 aperto
1231 1998 1355 2047 mari,
1378 1997 1542 2056 magnis
1563 1998 1672 2041 aesti-

188 2056 286 2106 bus,
309 2057 417 2101 raris
435 2074 484 2100 ac
502 2075 640 2117 prope
662 2058 790 2102 nullis
812 2057 1029 2117 portibus,
1051 2057 1283 2100 difficultas
1306 2057 1551 2115 navigandi.

254 2117 318 2158 13.
355 2117 556 2175 Namque
575 2119 768 2175 ipsorum
790 2133 916 2159 naves
945 2116 999 2158 ad
1027 2116 1139 2158 hunc
1170 2115 1346 2158 modum
1376 2116 1499 2158 factae
1532 2131 1669 2159 arma-

188 2183 330 2233 taeque
351 2184 488 2218 erant.
552 2183 581 2201 ‘⁴
605 2176 775 2218 Carinae
791 2175 1014 2232 aliquanto
1027 2174 1257 2231 planiores,
1277 2190 1407 2232 quam
1424 2181 1670 2217 nostrarum

192 2241 220 2260 ‘⁶
244 2233 434 2284 navium,
467 2250 555 2293 quo
574 2234 742 2277 facilius
761 2233 870 2277 vada
889 2249 937 2276 ac
956 2233 1174 2276 decessum
1195 2242 1322 2276 aestus
1352 2232 1553 2291 excipere
1573 2248 1668 2291 pos·

238 2337 283 2368 In
311 2338 460 2370 Galliam
490 2337 625 2380 proprie
650 2337 792 2375 dictam,
821 2335 894 2367 sive
962 2337 1030 2367 rati
1054 2331 1235 2375 (absoluti,
1260 2336 1302 2367 ad
1321 2335 1422 2367 finem
1448 2335 1600 2377 perducti
1622 2336 1668 2369 ab

191 2381 369 2413 Celticam.
416 2383 605 2414 Rhellimn.
621 2388 653 2413 et
671 2383 793 2414 Cellar.
962 2379 1229 2418 obsidentibus).
1275 2381 1324 2411 M.

240 2425 404 2466 Linyulis.
442 2426 526 2464 Alii,
540 2428 678 2468 linquis.
725 2425 788 2456 Sed
805 2423 893 2456 idem
1008 2424 1170 2462 Extra-so,
1205 2424 1379 2463 submoto,
1409 2434 1448 2455 ac
1477 2423 1582 2455 veluti
1613 2435 1665 2455 re-

191 2474 261 2500 est:
277 2479 357 2500 nam
370 2480 446 2510 pars
459 2470 675 2505 continentis,
692 2474 847 2510 porrecta
860 2469 893 2500 in
963 2467 1074 2508 pulso.
1119 2468 1173 2500 Sic
1203 2469 1291 2500 bene
1317 2468 1504 2510 explicavit
1528 2467 1664 2499 Ouden-

193 2521 301 2551 mare,
322 2512 439 2554 lingua
454 2519 487 2544 et
512 2513 642 2555 lingula
658 2514 795 2545 dicitur.
841 2513 892 2544 M.
961 2511 1056 2551 dorp.
1104 2513 1154 2543 M.

192 2556 246 2588 Cf.
261 2555 377 2588 Festus
390 2567 430 2588 ea
445 2567 543 2588 voce.
1008 2557 1126 2588 Ferme
1142 2557 1268 2598 oppidi.
1314 2556 1520 2587 Alterutram
1545 2555 1664 2587 harum

238 2601 365 2632 AEstus.
388 2611 421 2631 v.
438 2601 598 2633 Indicem.
643 2603 694 2633 M.

239 2645 380 2676 XXIV.
419 2644 472 2675 Sic
491 2645 672 2676 P.Bertius
688 2645 722 2677 in
748 2645 829 2676 diss.
853 2645 895 2675 de

193 2698 306 2730 agger.
330 2694 362 2719 et
388 2688 551 2730 pontibus
571 2689 736 2720 hactenus
751 2689 784 2719 in
808 2689 893 2719 mari

192 2732 325 2764 structis
347 2733 420 2774 (ap.
447 2731 616 2774 Sallengre
638 2733 670 2764 in
695 2743 784 2764 novo
807 2732 895 2763 thes.

196 2776 237 2806 A.
257 2777 298 2808 R.
315 2783 339 2807 t.
354 2780 385 2807 2.
400 2788 434 2818 p.
455 2777 546 2815 948.)
572 2782 606 2807 et
623 2782 718 2807 recte
743 2776 893 2817 quidem.

198 2818 309 2862 Vulgo
335 2821 456 2862 legitur
483 2822 575 2852 XII.
620 2820 780 2851 Putidum
806 2819 893 2851 hunc

194 2873 351 2904 errorem,
376 2865 566 2896 oscitantiae
586 2864 813 2903 librariorum,
828 2873 894 2895 non

195 2907 338 2940 Caesaris
362 2910 525 2950 profecto,
546 2907 709 2948 debitum,
733 2908 822 2939 male
846 2919 897 2939 se-

193 2958 311 2984 varant
325 2953 482 2985 editores.

242 2996 359 3039 Operis
380 2996 530 3040 (aggeris
557 3002 591 3030 et
616 2996 776 3037 molium)
801 3006 897 3038 supe-

961 2609 1085 2630 vocum
1101 2601 1200 2633 codd.
1215 2599 1315 2631 multi
1329 2600 1498 2631 omittunt.

1007 2645 1092 2675 Hoec
1107 2655 1142 2675 eo
1152 2644 1221 2686 fac.
1247 2642 1317 2676 Alii
1337 2645 1423 2682 Hoc,
1436 2644 1528 2685 quod
1541 2643 1666 2676 Clarke

958 2693 1097 2728 receplt.

1007 2733 1169 2772 Excipere
1185 2731 1282 2770 vada,
1296 2731 1382 2763 ferre
1400 2730 1630 2770 incommoda,
1645 2742 1665 2764 a

960 2776 1058 2806 vadis
1085 2776 1278 2813 metuenda,
1305 2775 1346 2806 iis
1375 2775 1520 2807 ferendis
1546 2786 1661 2817 parem

959 2829 1045 2858 esse,
1067 2820 1225 2850 adversus
1240 2829 1280 2849 ea
1295 2820 1427 2850 durare.
1473 2820 1597 2852 Modus
1612 2821 1665 2852 lo-

958 2862 1083 2904 quendi
1107 2867 1157 2894 est
1182 2872 1223 2893 ex
1248 2873 1302 2901 eo,
1335 2864 1425 2904 quod
1461 2874 1576 2895 murus
1609 2864 1666 2896 vel

961 2913 1093 2938 scutum
1137 2905 1262 2937 dicitur
1307 2909 1454 2948 eaecipere
1490 2910 1662 2949 impetum,

960 2954 1074 2983 ictum.
1120 2950 1213 2991 Ergo
1227 2950 1330 2982 etiam
1345 2951 1443 2982 navis
1456 2951 1585 2993 excipit
1604 2952 1663 2983 de-

961 3005 1091 3027 cessum
1108 3000 1308 3033 aestus,cum
1330 2996 1440 3035 durat,
1454 2995 1594 3071 {tiamsi
1615 3000 1665 3027 est

1504 3043 1524 3070 2
