1946 3261
584 202 702 246 LIB.
736 199 842 247 VII.
904 200 1043 245 CAP.
1081 199 1266 246 lsi-‚12

170 329 330 373 ditiore
363 346 409 372 re
439 329 723 373 frumentaria
759 338 976 378 uteretur,
1015 329 1271 387 obpugnare
1298 328 1486 372 instituit
1517 329 1651 388 idque

170 389 303 433 biduo
325 389 690 433 circumvallavit:
726 390 860 432 tertio
885 387 957 430 die
979 387 1112 429 missis
1132 405 1185 430 ex
1212 388 1375 447 oppido
1409 389 1565 447 legatis
1593 389 1650 431 de

171 448 410 498 deditione,
443 465 563 491 arma
583 448 790 506 proferri,
810 448 1003 506 jumenta
1024 446 1223 503 produci,
1260 449 1343 490 DC
1364 448 1534 491 obsides
1553 448 1651 491 dari

166 508 306 564 jubet.
362 508 427 550 Ea
453 507 527 564 qui
549 506 794 556 conficeret,
820 507 872 549 C.
897 504 1163 548 Trebonium
1184 505 1398 563 Legatum
1419 507 1652 566 relinquit:

171 567 277 623 ipse,
311 575 361 608 ut
382 582 512 623 quam
533 566 721 623 primum
755 566 840 608 iter
872 563 1103 607 conficeret.
1136 563 1369 607 Genabum
1393 565 1654 616 Carnutum,

170 624 474 683 proficiscitur,
513 624 605 681 qui,
644 632 738 666 tum
772 624 961 682 primum
995 621 1144 664 ablato
1164 622 1320 664 nuncio
1339 622 1395 664 de
1426 625 1653 683 obpugna-

170 683 288 725 tione
311 681 650 731 Vellammduni,
685 698 818 739 quum
835 682 1006 739 longius
1026 696 1121 722 eam
1142 696 1235 722 rem
1256 680 1439 723 ductum
1466 683 1520 725 iri
1547 685 1654 726 exis-

169 742 389 791 timarent,
412 740 658 799 praesidium
674 742 845 784 Geuabi
862 740 1010 783 tuendi
1025 755 1189 789 caussa,
1208 739 1328 797 quod
1345 756 1396 783 eo
1412 740 1653 793 mitterent,

169 801 494 858 comparabant.
551 800 651 841 Huc
686 800 820 843 biduo
857 799 1082 858 pervenit;
1113 800 1265 841 castris
1304 807 1406 841 ante
1444 800 1655 858 oppidum

169 859 335 918 positis,
364 859 451 902 diei
486 867 682 916 tempore
718 859 928 908 exclusus,
965 858 1008 899 in
1029 865 1251 915 posterum
1280 858 1653 917 obpugnationem

168 918 333 968 differt,
355 934 536 976 quaeque
557 918 611 960 ad
643 934 736 959 eam
759 934 850 960 rem
867 916 962 960 usui
989 916 1091 966 sint,
1120 917 1331 959 militibus
1350 918 1557 976 imperat;
1590 927 1652 968 et,

169 977 287 1034 quod
315 977 530 1036 oppidum
555 978 786 1019 Genabum
818 992 922 1034 pons
955 975 1141 1018 fluminis
1181 976 1349 1034 Ligeris
1386 977 1654 1027 continebat,

170 1037 350 1086 veritus,
387 1052 440 1078 ne
479 1045 610 1078 noctu
642 1052 695 1077 ex
732 1036 893 1095 oppido
926 1035 1230 1093 profugerent,
1263 1035 1370 1078 duas
1390 1035 1579 1094 legiones
1611 1037 1654 1079 in

170 1095 299 1138 armis
331 1096 546 1138 excubare
586 1095 726 1152 jubet.
808 1095 1102 1143 Genabenses‚
1144 1094 1293 1152 paullo
1332 1104 1434 1137 ante
1471 1096 1654 1139 mediam

170 1163 342 1197 noctem
368 1154 540 1196 silentio
569 1170 623 1195 ex
643 1153 805 1211 oppido
827 1153 1002 1212 egressi,
1026 1153 1185 1195 flumen
1207 1153 1391 1196 transire
1409 1163 1653 1212 coeperunt.

173 1213 270 1262 Qua
289 1230 337 1256 re
364 1229 442 1271 per
459 1213 756 1271 exploratores
775 1213 990 1261 nunciata,
1015 1212 1158 1254 Caesar
1180 1212 1386 1270 legiones,
1403 1229 1509 1271 quas
1524 1231 1653 1274 expe-

172 1271 284 1314 ditas
306 1289 394 1314 esse
426 1273 626 1329 jusserat,
660 1272 798 1329 portis
833 1272 1026 1319 incensis,
1059 1271 1314 1314 intromittit
1335 1280 1469 1330 atque
1489 1274 1653 1332 oppido

172 1331 358 1388 potitur,
372 1331 598 1388 perpaucis
618 1347 671 1372 ex
690 1331 874 1373 hostium
894 1345 1072 1372 numero
1093 1329 1364 1380 desideratis,
1385 1332 1492 1388 quin
1510 1333 1655 1376 cuncti

172 1389 261 1432 vivi
281 1398 559 1447 caperentur,
583 1389 700 1446 quod
729 1390 872 1446 pontis
893 1398 1026 1445 atque
1054 1388 1256 1430 itinerum
1278 1391 1489 1447 angustiae
1509 1392 1657 1436 multi-

173 1448 313 1491 tudini
333 1449 482 1506 fugam
503 1447 847 1490 intercluserant.
885 1447 1107 1505 Oppidum
1123 1447 1274 1505 diripit
1291 1456 1422 1505 atque
1445 1450 1654 1500 incendit,

174 1507 362 1564 praedam
380 1507 591 1549 militibus
606 1506 755 1555 donat,
787 1507 1026 1548 exercitum
1047 1505 1241 1563 Ligerim
1264 1507 1504 1551 transducit
1521 1517 1653 1567 atque

172 1567 216 1608 in
239 1565 489 1622 Biturigum
510 1565 613 1607 fines
635 1565 848 1623 pervenit.

237 1625 302 1666 lz.
339 1624 689 1681 Vercingetorix,
713 1623 789 1665 ubi
820 1625 874 1666 de
899 1623 1078 1666 Caesaris
1104 1624 1293 1666 adventu
1316 1625 1539 1683 cognovit,
1577 1627 1654 1669 ob—

172 1683 441 1742 pugnatione
474 1682 645 1724 destitit
681 1692 815 1739 atque
835 1683 1007 1725 obviam
1031 1683 1190 1725 Caesari
1212 1683 1511 1741 proficiscitur.
1575 1684 1656 1727 Ille

172 1742 379 1800 oppidum
402 1741 690 1799 (Biturigum,
724 1742 914 1800 positum
944 1743 988 1784 in
1020 1741 1126 1798 via,)
1153 1742 1464 1786 Noviodunum
1486 1743 1654 1803 obpug-

183 1830 378 1863 Vastinensi.
399 1828 491 1869 quod
507 1833 713 1859 memoratur
730 1827 761 1858 in
788 1827 881 1858 Actis

175 1872 317 1904 concilii
351 1871 603 1904 Aurelianensis
628 1883 659 1903 a.
678 1873 753 1909 862,
781 1873 883 1902 docet

176 1916 290 1958 potius
300 1916 406 1948 fuisse
426 1917 560 1947 Beaune
576 1927 618 1947 en
633 1917 797 1948 Gatinois.
816 1917 884 1947 Ea-

176 1962 252 1992 dem
271 1961 329 1992 illa
346 1960 579 1992 dissertatione
604 1960 649 1991 Le
669 1960 758 1991 Bcuf
781 1960 882 2001 oppi-

175 2006 257 2036 dum
270 2005 446 2036 Genabum
469 2004 647 2045 adsignare
666 2004 821 2035 studebat
834 2005 885 2035 lo-

176 2059 232 2087 co,
243 2048 298 2080 cui
313 2048 415 2080 hodie
427 2058 550 2079 nomen
571 2050 649 2080 Gien
665 2050 694 2079 le
710 2050 786 2079 rial.
812 2046 885 2079 Ye-

178 2104 263 2131 rum,
281 2103 316 2124 re
333 2092 527 2124 adcuratius
544 2091 708 2133 pensitata
726 2093 884 2123 otdetcc-

175 2137 218 2168 tis
227 2137 398 2169 Aureliani
411 2142 560 2167 veterum
572 2147 743 2167 murorum
754 2136 885 2167 ruderi—

175 2181 252 2215 bus.
264 2180 471 2222 palinodiam
483 2180 550 2211 sibi
561 2179 723 2211 cecinisse
736 2186 771 2211 et
780 2182 886 2212 Aure-

178 2225 269 2256 liano
295 2225 433 2256 tribuiss
454 2236 472 2255 e
499 2225 688 2262 Genabum,
717 2224 813 2256 testis
831 2232 882 2256 est

171 2268 725 2311 Schoepflinus,quihocexemplo
735 2280 795 2300 suo
805 2279 889 2309 ope-

174 2313 220 2344 ris
236 2314 318 2345 clar.
350 2314 398 2345 Le
416 2313 722 2354 Beufadscriptum
736 2313 887 2353 reliquit.

224 2357 387 2398 Proferri.
413 2357 472 2389 alii
490 2358 641 2398 conferri.

228 2403 268 2433 Ut
295 2412 399 2442 qnam
423 2413 478 2444 pr.
502 2404 588 2434 inter
599 2401 670 2442 fac.
702 2402 888 2439 Genabum,

177 2450 214 2475 ut
230 2445 340 2486 primo
356 2456 493 2487 quoque
511 2451 675 2486 tempore,
692 2446 763 2476 sine.
779 2456 884 2483 mora,

177 2490 380 2521 contendere
419 2495 534 2531 posset
576 2489 767 2521 Cenabum.
804 2491 885 2521 Pro-

169 2535 342 2573 ficiscfflaer,
367 2533 505 2565 inchoat
528 2533 602 2569 iter,
618 2546 655 2565 er
678 2535 786 2566 briclzt
802 2533 885 2574 anf.-

178 2587 256 2608 nam
266 2576 332 2607 hoc
345 2584 396 2608 est
405 2576 589 2619 proficisci.
602 2577 693 2615 Quid
701 2588 782 2618 ergo
792 2584 842 2608 est
856 2577 888 2608 in

180 2621 234 2652 his
243 2621 381 2652 absurdi
393 2628 452 2653 aut
463 2621 620 2653 obscuri?
641 2623 691 2652 Er
703 2623 807 2653 briem
815 2622 888 2662 attf,

176 2676 237 2697 um
264 2666 349 2697 ohne
382 2667 512 2707 l'erzugy
537 2665 602 2706 auf
639 2666 815 2697 Genabum
841 2667 888 2697 los

180 2719 225 2739 ,τα
237 2710 357 2748 qelzen.
384 2709 513 2741 Tamen
527 2709 633 2740 multa
646 2714 722 2739 sunt
734 2719 835 2750 super
851 2709 887 2742 h.

180 2753 204 2784 l.
221 2752 408 2794 disputata.
454 2752 589 2784 Mutavi
616 2753 790 2794 vulgarem
819 2753 888 2785 dis-

178 2796 396 2836 tinctionem,
427 2804 460 2829 et
487 2800 551 2829 iter
572 2797 687 2837 facere
713 2798 887 2830 Genabum

179 2841 355 2883 conjunxi.
391 2843 442 2873 M.
484 2840 665 2882 Sequentia
682 2839 761 2871 huic
779 2852 887 2883 expo-

182 2884 304 2916 sitioni
330 2885 458 2917 favent.
500 2886 550 2916 Ad
581 2884 762 2916 Cenabum
795 2885 886 2918 enim

181 2939 262 2960 mox
278 2936 425 2962 moratur
440 2930 564 2962 Caesar.
602 2928 756 2960 Clarkius
772 2935 889 2962 contra

181 2977 217 3005 et
233 2973 389 3008 Oudend.
404 2974 452 3007 ita
477 2985 547 3008 rem
572 2973 732 3015 capiunt:
753 2976 836 3016 ipse,
852 2980 890 3008 ut

949 1839 1055 1871 qnam
1076 1832 1227 1870 primum
1256 1830 1318 1860 iter
1339 1829 1531 1862 institutum
1559 1833 1657 1872 confi-

949 1877 1045 1910 ceret,
1063 1873 1138 1904 scil.
1168 1874 1371 1912 Gergoviam
1387 1876 1554 1907 adversus
1575 1876 1656 1907 Ver-

951 1917 1212 1959 cingetorigem,
1233 1920 1409 1951 Genahum
1424 1922 1654 1960 proficiscitur.

953 1963 991 1992 Τὸ
1002 1965 1176 2003 conficeret
1191 1971 1270 1995 estc
1287 1964 1367 1994 cod.
1395 1963 1493 1995 Leid.
1543 1963 1655 2005 Vulgo

943 2007 1084 2048 faceret.

998 2052 1093 2086 Quod
1107 2061 1143 2082 eo
1159 2054 1336 2083 mitterem.
1368 2052 1451 2084 Haec
1464 2052 1568 2084 verba
1582 2058 1657 2083 sunt

953 2105 1173 2136 supervacua.
1220 2094 1253 2127 Si
1281 2098 1451 2128 Carnutns
1479 2097 1656 2128 Cenabum

952 2139 1116 2180 praesidio
1140 2139 1223 2171 tueri
1250 2141 1443 2179 voluerunt,
1468 2147 1588 2182 sponte
1604 2140 1658 2172 in-

951 2184 1130 2222 telligitur,
1161 2184 1359 2225 praesidium
1375 2195 1435 2216 eos
1463 2184 1594 2216 mittere
1614 2196 1657 2216 eo

952 2228 1103 2259 voluisse
1118 2234 1150 2259 et
1167 2228 1340 2260 debuisse.
1365 2230 1413 2260 M.

1001 2274 1081 2304 Huc
1104 2273 1202 2304 biduo
1228 2275 1392 2315 pervenit.
1439 2273 1550 2315 Vulgo
1569 2273 1658 2305 inse-

951 2322 1028 2348 runt
1048 2319 1173 2348 Coesar.

1001 2361 1207 2393 Continebat.
1248 2372 1280 2392 v.
1313 2361 1381 2393 ind.
1420 2363 1470 2394 M.
1524 2363 1657 2404 Negant

952 2407 1116 2436 cominere
1141 2415 1183 2435 eo
1213 2416 1312 2437 sensu
1339 2405 1422 2445 dici,
1446 2418 1513 2448 quo
1531 2409 1659 2438 conrin-

952 2459 1041 2489 ymo,
1057 2449 1144 2480 unde
1161 2450 1217 2480 hic
1234 2451 1324 2481 Oud.
1345 2452 1474 2483 mavult
1495 2454 1659 2492 eominqe-

952 2493 1019 2524 bat.
1036 2498 1073 2524 ut
1089 2504 1168 2524 mox
1184 2504 1214 2524 c·
1235 2498 1289 2526 23.
1311 2498 1400 2526 inter
1413 2506 1446 2527 se
1463 2498 1661 2535 cominqrmt

953 2537 1068 2568 trabes.
1117 2537 1254 2569 Videsis
1283 2544 1407 2578 tamen,
1432 2548 1543 2570 annon
1566 2537 1659 2579 apud

954 2581 1114 2612 Plautum
1148 2581 1254 2614 Stich.
1288 2586 1319 2621 3,
1349 2584 1379 2620 1,
1408 2586 1462 2614 44.
1517 2584 1660 2623 Utroque

953 2631 1157 2658 commeatus
1176 2629 1325 2665 conthoet,
1350 2626 1413 2658 ista
1437 2624 1660 2667 significatio-

953 2678 997 2700 ne
1013 2669 1155 2701 dicatur.

1000 2714 1118 2746 Cuncti
1126 2715 1206 2746 vivi.
1223 2715 1316 2745 Bene
1325 2713 1492 2755 sicjunxit
1505 2713 1661 2745 Oudend.

953 2766 972 2787 e
987 2757 1087 2788 codd.
1113 2757 1268 2795 diversis,
1288 2768 1432 2799 quorum
1447 2757 1509 2790 alii
1534 2757 1662 2790 habent

952 2803 1072 2840 cuncti,
1087 2801 1149 2832 alii
1165 2805 1243 2833 riri.

997 2846 1226 2876 flffultitude'ni.
1254 2845 1323 2876 Alii
1337 2846 1573 2879 multitudinis.

1000 2889 1256 2930 Obpuqnatione
1275 2889 1477 2931 (Gergoviae,
1491 2889 1560 2923 vid.
1576 2902 1607 2924 c.
1625 2892 1663 2932 9)

953 2932 1095 2965 destitit.
1126 2934 1177 2964 Μ.
1227 2933 1317 2965 Vide
1333 2939 1461 2974 notata,
1477 2936 1520 2966 ad
1537 2945 1567 2967 c.
1584 2937 1617 2967 4.

998 2978 1191 3020 Bitur.pos.
1201 2979 1315 3012 invia.
1339 2978 1527 3021 Haec,quia
1540 2979 1666 3014 absunt
