1946 3261
633 232 749 276 LIB.
784 232 844 274 II.
908 232 1047 275 CAP.
1086 232 1266 275 16—19.
1626 232 1681 274 51

200 357 478 401 latitudinem
512 358 639 402 ramis
658 367 703 402 et
724 359 844 402 rubis
865 357 1144 414 sentibusque
1173 357 1407 416 interjectis
1436 358 1685 407 effecerant,

202 425 255 459 ut
290 419 425 461 instar
458 418 571 460 muri
604 418 668 461 hae
706 434 826 476 sepes
864 416 1130 458 munimenta
1168 417 1440 473 praeberent3
1472 432 1560 474 quo
1598 431 1684 458 non

201 477 330 520 modo
347 478 517 526 intrari,
534 476 608 519 sed
627 492 680 519 ne
699 475 884 535 perspici
902 471 1078 531 quidem
1096 482 1253 531 posset.
1303 476 1384 518 His
1402 476 1531 518 rebus
1548 490 1685 533 quum

201 535 285 578 iter
301 536 481 593 agminis
502 536 635 577 nostri
653 535 941 593 inpediretur,
960 545 1043 575 non
1060 531 1349 575 omittendum
1365 535 1445 576 sibi
1462 534 1685 577 consilium

204 594 359 636 Nervii
375 595 709 636 aestimaverunt.

267 652 332 694 18.
369 653 473 694 Loci
495 660 652 694 natura
673 660 766 694 erat
787 652 891 701 haec,
921 667 1051 709 quem
1074 650 1217 692 locum
1248 649 1381 691 nostri
1403 651 1550 692 castris
1570 651 1686 694 dele-

202 719 370 768 gerant.
443 711 593 760 Collis,
633 711 690 754 ab
728 727 893 752 summo
933 709 1158 768 aequaliter
1200 707 1394 756 declivis,
1437 708 1491 750 ad
1529 709 1687 752 flumen

205 769 370 818 Sabim,
405 770 525 827 quod
547 785 677 827 supra
700 769 1024 817 nominavimus,
1059 767 1285 825 vergebat.
1350 767 1424 809 Ab
1443 782 1493 809 eo
1515 767 1688 809 flumine

202 829 297 886 pari
319 828 572 871 adclivitate
591 828 711 870 collis
729 829 1002 877 nascebatur,
1023 826 1229 869 adversus
1249 825 1348 868 huic
1370 834 1414 867 et.
1432 827 1688 875 contrarius,

202 900 349 945 passus
378 887 551 930 circiter
572 887 798 936 ducentos,
834 886 977 928 infima
1004 894 1197 944 apertuS,
1229 886 1286 927 ab
1321 885 1543 942 superiore
1566 893 1691 942 parte

200 946 422 996 silvestris,
459 955 509 989 ut
539 962 622 988 non
645 946 768 988 facile
800 946 1008 988 introrsus
1037 944 1224 1002 perspi&
1257 952 1413 1002 posset.
1477 943 1599 986 Intra
1621 959 1689 985 eas

200 1005 326 1048 silvas
366 1005 506 1048 hostes
548 1006 590 1047 in
632 1005 806 1047 occulto
844 1019 931 1046 sese
974 1003 1274 1045 continebant:
1325 1005 1367 1047 in
1401 1011 1555 1061 aperto
1596 1001 1691 1043 loco

201 1065 440 1108 secundum
460 1064 620 1106 flumen
638 1080 786 1122 paucae
804 1063 1007 1105 stationes
1029 1063 1228 1119 equitum
1245 1061 1524 1105 videbantur.
1588 1060 1691 1103 Flu-

148 1151 150 1153 >
202 1123 326 1166 minis
347 1132 441 1166 erat
462 1122 655 1165 altitudo
679 1122 842 1181 pedum
863 1122 1036 1164 circiter
1058 1122 1206 1163 trium.

266 1182 332 1225 19.
380 1183 538 1232 Caesar,
582 1182 783 1240 equitatu
830 1181 1059 1238 praemisso,
1101 1179 1228 1222 subse
1264 1180 1452 1221 uebatur
1495 1179 1694 1221 omnibus

204 1241 360 1299 copiis:
394 1241 468 1283 sed
491 1240 602 1283 ratio
624 1240 820 1298 ordoque
839 1240 1018 1297 agminis
1039 1238 1167 1282 aliter
1188 1196 1457 1288 seqhabebat,
1479 1254 1528 1280 ac
1548 1238 1697 1296 Belgae

204 1300 260 1341 ad
286 1300 471 1343 Nervios
491 1299 757 1342 detulerant.
825 1299 956 1348 Nam,
981 1298 1100 1356 quod
1131 1298 1186 1340 ad
1208 1297 1338 1339 hostis
1371 1297 1696 1356 adpropinqua-

206 1358 298 1408 bat,
320 1358 632 1401 consuetudine
654 1374 729 1400 sua
753 1358 895 1400 Caesar
923 1373 994 1398 sex
1017 1357 1205 1413 legiones
1227 1355 1452 1413 expeditas
1474 1356 1693 1398 ducebat:

206 1426 306 1475 post
342 1434 410 1460 eas
444 1418 577 1459 totius
608 1418 822 1458 exercitus
854 1415 1147 1473 inpedimenta
1178 1415 1444 1456 conlocarat:
1478 1414 1578 1457 inde
1600 1413 1700 1456 duae

205 1476 410 1534 legiones,
447 1492 544 1533 quae
566 1475 761 1533 proxime
785 1475 1039 1531 conscriptae
1060 1480 1200 1522 erant,
1236 1481 1379 1514 totum
1404 1487 1559 1530 agmen
1581 1472 1697 1515 clau-

206 1534 387 1584 debant,
408 1533 694 1592 praesidioque
716 1532 1020 1591 inpedimentis
1039 1540 1176 1573 erant.
1227 1531 1411 1588 Equites
1429 1531 1579 1580 nostri,
1598 1547 1698 1573 cum

205 1593 502 1635 funditoribus
538 1592 857 1649 sagittariisque
892 1590 1051 1632 flumen
1085 1590 1353 1647 transgressi,
1380 1605 1479 1631 cum
1512 1589 1700 1632 hostium

205 1653 407 1710 equitatu
430 1650 634 1710 proelium
657 1650 975 1691 commiserunt.
1042 1649 1191 1698 Quum
1220 1664 1262 1690 se
1291 1647 1353 1689 illi
1383 1647 1635 1689 idemtidem
1657 1648 1701 1690 in

205 1712 331 1754 silvas
352 1710 407 1754 ad
428 1726 525 1752 suos
547 1709 792 1767 reciperent
813 1724 861 1750 ac
882 1724 1031 1750 rursus
1053 1724 1105 1749 ex
1127 1707 1234 1749 silva
1253 1707 1296 1748 in
1315 1714 1480 1749 nostros
1501 1706 1702 1764 inpetum

207 1771 415 1820 facerent,
438 1785 579 1827 neque
601 1768 733 1810 nostri
755 1767 940 1824 longius,
965 1782 1095 1825 quam
1119 1781 1249 1824 quem
1271 1765 1326 1808 ad
1349 1764 1475 1808 finem
1496 1774 1701 1824 porrecta

209 1903 306 1935 milia
318 1903 452 1934 tradunt
465 1900 583 1932 Strabo
599 1902 629 1931 ιι.
649 1910 682 1940 p.
705 1900 775 1929 194.
791 1903 822 1928 et
835 1897 918 1928 Cur-

206 1948 275 1979 tius
287 1947 322 1987 6,
337 1951 369 1978 5.

257 1993 469 2032 sentibusque
484 1990 666 2029 interjecti&

208 2038 362 2072 terteoete's,
380 2034 472 2075 quod
488 2043 603 2064 verum
625 2036 717 2073 putat
745 2031 833 2061 (jud,
859 2031 916 2061 sed

206 2081 376 2120 *interjectis
388 2077 552 2119 repetitur
567 2086 645 2107 mox
662 2086 692 2106 c.
709 2079 763 2106 22.

257 2125 332 2156 Non
346 2123 439 2155 ‘modo
452 2123 586 2154 intrari.
613 2120 735 2160 Vulgo,
749 2128 809 2150 non
825 2118 919 2155 morlo

209 2178 276 2199 ‘non
290 2169 423 2204 intrari,
439 2171 554 2197 contra
569 2165 668 2195 codd.
703 2162 840 2194 Scilicet
856 2162 918 2192 La-

209 2211 269 2243 tini
286 2212 441 2243 solebant
455 2221 516 2251 pro
530 2219 594 2240 non.
605 2208 698 2239 morlo
713 2218 779 2239 ‘non
794 2216 918 2248 pont-ro.

210 2265 276 2288 mm
290 2256 397 2293 morlo,
412 2258 569 2295 sequente
585 2252 646 2283 illo
656 2251 710 2282 sml
724 2261 764 2282 m>
776 2251 917 2291 quide-m.

215 2301 283 2331 Res
298 2305 347 2330 est
363 2297 542 2330 tralaticia.
571 2295 650 2327 Vid.
668 2295 738 2326 ind.
756 2300 787 2325 et
802 2299 920 2334 praeter

211 2343 300 2375 alios
322 2342 455 2374 Ernesti
479 2342 574 2373 Clau.
599 2339 673 2370 Cic.
699 2338 731 2369 in
750 2349 827 2370 non.
868 2338 918 2368 M.

212 2388 307 2419 Adde
330 2386 545 2418 Perizonium
575 2385 617 2416 ad
642 2382 767 2414 sanctii
792 2381 919 2413 Minci·-

211 2441 287 2463 vam
301 2432 333 2468 4,
350 2432 382 2461 7.
408 2441 442 2471 p.
460 2432 534 2461 694.

258 2475 531 2507 AEstimaverunt.
575 2472 629 2503 Sic
657 2471 745 2502 Oud.
775 2481 793 2500 e
820 2468 919 2500 bonis

212 2519 311 2550 codd.
348 2518 449 2558 vulgo
485 2519 763 2548 &istimaverunffi
824 2512 918 2544 Alibi

212 2572 346 2604 quoque
360 2560 507 2593 restituit
522 2560 675 2591 Oudcnd.
704 2558 780 2589 Vid.
791 2562 823 2587 et
836 2557 920 2587 Bur-

214 2617 326 2638 mann.
353 2607 395 2637 ad
410 2603 549 2643 Quinct.
580 2609 611 2641 5,
643 2606 693 2635 10.
725 2607 757 2633 et
788 2601 920 2632 Plimdr.

235 2675 244 2690 ⁵
261 2697 366 2730 Quem
381 2695 497 2725 Iocum.
531 2691 734 2731 Frequenter
750 2688 808 2719 tali
826 2699 918 2729 repe-

213 2739 332 2771 titione
348 2738 452 2769 utitur
466 2740 590 2773 noster,
619 2740 652 2764 ut
683 2736 710 2764 1.
739 2735 770 2763 6.
800 2734 848 2763 16.
867 2734 918 2763 29.

215 2786 267 2815 31.
279 2790 343 2815 etc.
379 2783 470 2813 Bene
485 2790 563 2820 ergo
577 2788 694 2808 vocem
704 2777 805 2817 vulgo
819 2776 920 2808 omis-

213 2838 284 2859 sam
300 2825 448 2868 reposuit
464 2823 616 2855 Oudend.

261 2871 459 2913 Aunalicen
472 2869 528 2907 ita,
540 2872 576 2898 ut
584 2876 690 2906 neque
700 2864 922 2896 eminentiora

214 2927 320 2957 neque
336 2913 544 2956 depressiora
559 2912 634 2942 loca
651 2909 800 2941 haberet.
815 2910 864 2940 M.

263 2961 399 3000 Infima,
425 2957 537 2999 quoad
566 2955 678 2986 intima
702 2953 787 2989 loca,
809 2953 921 2994 quoad

216 3003 355 3038 radices.
397 3002 449 3036 Sic
467 3012 506 3035 1:-
523 3003 554 3035 8.
569 3000 717 3043 frontem
731 2998 926 3041 fastigata&

714 1986 809 2017 Leid.
825 1987 851 2017 1.
866 1988 917 2016 in-

989 1897 1063 1927 lIoc
1095 1898 1211 1936 infima.
1241 1897 1394 1928 Oudend.
1424 1907 1465 1928 ex
1496 1906 1562 1927 una
1586 1896 1702 1935 (Peta-

988 1940 1104 1979 viano)
1134 1940 1251 1971 codice
1280 1946 1367 1971 recto
1396 1939 1557 1979 restituit3
1596 1939 1701 1971 ceteri

988 1995 1105 2016 omues
1132 1984 1283 2025 syntaxim
1308 1984 1463 2015 rariorem
1488 1984 1576 2015 male
1591 1990 1700 2015 muta-

988 2035 1060 2060 rant
1090 2028 1122 2059 in
1146 2030 1291 2069 infimus,
1314 2030 1445 2068 infimis,
1470 2027 1622 2069 inferius:
1645 2030 1698 2065 (in

980 2075 1077 2113 fine).
1109 2073 1158 2103 M.
1206 2072 1416 2103 Burmannus
1445 2071 1517 2103 haec
1548 2082 1620 2103 esse
1649 2071 1701 2103 vi-

986 2117 1071 2148 tiosa
1088 2121 1245 2147 senserat.

1030 2162 1070 2192 In
1081 2159 1637 2201 apei·to‚11ullisarboribusvcstito.
1646 2161 1697 2191 M.

1034 2206 1122 2235 Altit.
1146 2205 1266 2245 pedum
1289 2206 1415 2236 circiter
1437 2206 1552 2236 trium.
1597 2203 1698 2235 Ciac-

986 2249 1103 2279 conius
1133 2247 1319 2288 suspicatur
1354 2249 1529 2289 legendum
1557 2249 1696 2280 latitudo

988 2293 1108 2333 pedum
1125 2291 1208 2322 CCC
1225 2292 1275 2322 vel
1290 2293 1424 2324 altitudo
1436 2292 1556 2332 peilam
1574 2293 1697 2323 XXX.

985 2336 1063 2377 quia
1080 2346 1110 2368 c.
1130 2338 1182 2366 2⁸1.
1207 2337 1347 2367 transire
1367 2338 1440 2367 αιικὶ
1454 2334 1605 2367 dicantur
1618 2337 1694 2377 flu·-

985 2391 1060 2412 men
1072 2381 1267 2412 latissimum
1278 2385 1308 2411 et
1321 2381 1524 2411 aluminum.
1565 2379 1693 2410 Verum

987 2424 1037 2455 ibi
1060 2426 1223 2455 altissima.)
1241 2424 1322 2464 ripae
1345 2423 1512 2460 dicuntur,
1538 2433 1604 2454 non
1618 2425 1695 2465 ⁴flu-

984 2478 1070 2505 mero,
1099 2468 1190 2508 quod
1214 2473 1302 2498 certe
1331 2468 1437 2499 altum
1464 2467 1566 2498 XXX
1590 2467 1691 2508 pedes

983 2511 1123 2543 transire
1140 2521 1206 2542 non
1223 2511 1331 2542 forent
1344 2511 1428 2542 ausi.

1033 2557 1124 2590 Quod
1137 2556 1182 2586 ml
1197 2557 1292 2587 hostis
1309 2554 1349 2593 (i.
1363 2566 1393 2585 e.
1410 2555 1541 2594 hostes)
1553 2555 1693 2596 adprop.

986 2600 1067 2631 Haec
1085 2605 1133 2630 est
1149 2599 1247 2630 unius
1262 2598 1402 2636 codicis,
1419 2604 1451 2629 et
1466 2605 1576 2629 tamen
1593 2598 1693 2629 unice

985 2655 1063 2674 vera
1088 2643 1204 2675 lectio.
1251 2643 1375 2683 Vulgo,
1401 2642 1486 2683 quoi-Z
1511 2644 1607 2674 hostis
1633 2643 1694 2674 ad-

980 2690 1111 2729 propin.
1157 2687 1219 2718 Sed
1237 2686 1344 2717 hostis
1359 2695 1425 2715 non
1441 2686 1692 2727 adpropinqua-

987 2732 1055 2765 bat,
1085 2729 1301 2771 exspectabat
1328 2729 1416 2760 enini
1446 2735 1535 2761 trans
1565 2730 1691 2762 flumen

985 2776 1163 2806 adventum
1184 2775 1424 2804 Romanorum.
1439 2783 1472 2804 v.
1486 2784 1515 2804 c.
1531 2775 1580 2805 16.
1615 2774 1694 2806 Mo—

986 2823 1126 2850 nuerunt
1141 2818 1291 2855 Ursinus,
1302 2816 1418 2848 Davis.
1430 2822 1461 2848 et
1473 2817 1626 2850 Oudend.
1640 2820 1691 2850 M.

987 2863 1092 2894 Codd.
1120 2861 1256 2903 quidam
1281 2861 1404 2892 liabent
1428 2862 1548 2902 quoad.
1594 2862 1693 2893 Faer-

988 2918 1061 2944 nus,
1091 2907 1144 2937 cui
1175 2904 1295 2937 vitium
1323 2904 1530 2944 suboluerat,
1561 2907 1693 2949 legebat

987 2953 1077 2985 lios-ti.

1034 2996 1202 3030 Proxime.
1246 2993 1298 3028 Cf.
1314 3003 1344 3027 c.
1362 2998 1394 3028 2.
1417 2994 1488 3072 M'E
