1946 3261
219 208 315 254 230
643 211 730 256 DE
762 211 966 258 BELLO
999 213 1298 258 GALLICO.

282 340 328 381 8.
364 339 473 388 Quae
492 338 639 384 Caesar
656 340 1028 386 consentientibus
1049 342 1253 402 pluribus
1271 357 1408 402 quum
1427 342 1716 401 cognovisset,

222 405 358 456 atque
376 413 442 448 ea,
460 414 559 457 quae
573 410 943 460 proponerentur,
962 403 1140 446 consilia
1155 402 1285 461 plena
1302 401 1547 462 prudentiae
1567 402 1715 462 longe-

220 472 310 515 que
329 472 357 499 a
376 458 625 502 temeritate
645 460 935 504 barbarorum
956 471 1123 504 remota
1143 478 1230 505 esse
1254 462 1486 521 judicaret,
1515 460 1715 506 omnibus

221 514 357 559 rebus
391 515 716 562 inserviendum
753 521 926 569 statuit,
968 536 1059 579 quo
1095 521 1279 565 celerius
1316 520 1465 570 hostis,
1497 528 1717 564 contemta

219 589 401 619 suorum
422 577 664 635 paucitate,
684 579 884 638 prodiret
905 580 948 624 in
965 581 1120 624 aciem:
1155 579 1387 640 singularis
1405 579 1519 623 enim
1539 579 1718 624 virtutis

220 633 480 679 veterrimas
513 636 704 696 legiones
738 638 844 690 VII,
886 639 1000 683 VIII
1035 648 1081 683 et
1113 639 1252 684 VIIII
1286 638 1500 689 habebam
1540 654 1718 683 summae

217 693 314 752 spei
347 693 619 756 delectaeque
653 698 897 756 juventutis
926 698 1009 750 XI,
1043 716 1157 758 quae,
1196 708 1354 744 octavo
1383 699 1470 757 jam
1500 697 1717 758 stipendio

217 751 388 805 funeta,
420 762 566 799 tamen
586 757 831 801 conlatione
854 758 1125 817 reliquarum
1142 759 1337 803 nondum
1357 757 1554 801 eamdem
1571 766 1717 802 vetus·

219 811 324 856 tatis
340 829 392 856 ac
408 813 588 859 virtutis
604 827 783 876 ceperat
801 818 1065 877 opinionem.
1114 818 1211 878 Itaq
1219 836 1271 862 ue
1291 817 1470 861 consilio
1487 817 1716 868 advocato,

218 871 353 918 rebus
373 872 440 923 iis,
461 889 560 932 quae
579 876 634 919 ad
654 893 698 920 se
719 886 862 921 essent
881 877 1054 928 delatae,
1089 879 1289 921 omnibus
1309 877 1529 936 expositis,
1551 877 1716 919 animos

216 931 515 977 multitudinis
545 935 787 979 confirmat.
853 937 901 980 Si
924 937 1039 981 forte
1067 937 1210 981 hostes
1238 937 1374 980 trium
1396 935 1615 994 legionum
1635 950 1717 978 nu-

216 1004 340 1035 mero
361 1001 508 1050 posset
529 994 686 1038 elicere
707 996 759 1039 ad
781 996 1090 1048 dimicandum,
1113 997 1296 1056 agminis
1317 995 1516 1039 ordinem
1535 995 1598 1037 ita
1616 1009 1716 1038 con-

216 1049 382 1102 stituit,
415 1061 467 1096 ut
498 1053 613 1111 legio
637 1055 744 1106 VII,
779 1055 910 1105 VIII,
946 1056 1083 1099 VIIII
1114 1066 1216 1099 ante
1247 1055 1391 1100 omnia
1412 1055 1526 1097 irent
1549 1054 1715 1112 inpedi-

216 1118 386 1161 menta;
417 1111 577 1156 deinde
598 1115 789 1158 omnium
812 1115 1205 1173 inpedimentorum
1226 1129 1381 1173 agmen
1411 1113 1547 1171 (quod
1569 1122 1713 1157 tamen

215 1176 313 1212 erat
344 1170 582 1223 mediocre,
618 1182 668 1215 ut
703 1174 746 1217 in
767 1174 1122 1233 expeditionibus
1149 1190 1237 1217 esse
1257 1173 1501 1230 consuevit)
1535 1181 1716 1231 cogeret

215 1227 458 1280 undecima,
496 1247 550 1274 ne
583 1232 758 1288 majoris
784 1232 1082 1276 multitudinis
1107 1233 1271 1291 species
1291 1231 1488 1274 accidere
1518 1230 1715 1275 hostibus

211 1295 376 1387 Sosset,
413 1304 547 1346 quam
582 1291 664 1348 ipsi
695 1290 1065 1349 depoposcissent.
1133 1292 1229 1334 Hac
1261 1290 1430 1334 ratione
1460 1305 1580 1348 paene
1607 1306 1714 1348 qua-

246 1354 343 1388 rato
383 1347 558 1405 agmine
600 1350 830 1398 instructo,
874 1349 917 1391 in
957 1359 1241 1409 conspectum
1286 1349 1491 1400 hostium,
1529 1348 1716 1395 celerius

211 1404 420 1464 opinione
440 1421 610 1458 eorum,
630 1407 874 1451 exercitum
893 1408 1088 1452 adducit.

259 1567 375 1601 Hostis
384 1567 599 1611 -prodirea
623 1567 677 1601 Sic
693 1569 783 1601 Oud.
797 1580 816 1601 e
829 1570 931 1603 codd.

209 1607 328 1654 Vulgo
345 1614 451 1645 hostes
465 1630 511 1637 --
523 1613 622 1656 procli
632 1616 729 1645 irem.

262 1657 474 1689 Velm-rimas.
523 1657 635 1697 Vulgo
651 1664 826 1691 veteranae
844 1669 927 1692 con-

209 1704 264 1732 tra
278 1701 381 1733 codd.
398 1701 450 1733 M.
496 1702 541 1734 Et
558 1703 634 1734 cdd.
652 1709 718 1734 vet.

257 1745 392 1778 Fmaeta
421 1745 519 1778 abest
549 1756 570 1777 a
605 1746 776 1789 plerisque
808 1747 922 1781 libris:

209 1794 318 1821 exstat
346 1795 458 1822 tamen
490 1789 524 1822 in
551 1789 666 1823 bonis.
698 1792 746 1822 M.
794 1792 922 1825 Eadem

208 1833 389 1866 locutione
415 1845 494 1867 usus
522 1834 650 1868 Seneca
673 1845 730 1877 ep.
746 1838 802 1868 93.
822 1838 926 1878 func-

206 1881 280 1911 tum
293 1880 450 1912 omnibus
467 1881 542 1912 vitoe
557 1881 721 1913 lmmanae
741 1882 924 1923 stipendiiv.

257 1924 409 1956 Consilio.
457 1923 572 1956 Davis.
589 1925 718 1957 mavult
733 1927 878 1957 concilio.

255 1968 340 2000 Ante
375 1969 492 1999 omnia
528 1970 626 2001 irent.
698 1968 811 2011 Vulgo
849 1972 923 2002 iret.

208 2010 416 2044 Emendavit
430 2012 592 2044 Clarkius
608 2017 686 2055 post
699 2013 801 2045 alios.

256 2057 410 2088 Accidere
452 2058 609 2097 hostibus,
650 2068 769 2089 eorum
812 2058 923 2091 oculis

207 2099 335 2132 offerri.
374 2100 502 2133 Notum
518 2107 580 2141 est,
595 2113 663 2133 rem
679 2102 749 2134 dici
766 2103 923 2135 accidere

206 2145 250 2176 ad
264 2153 376 2183 aures,
393 2145 557 2180 animum.
575 2147 708 2186 oculos,
721 2158 799 2189 qua:
818 2147 923 2179 afficit

207 2188 329 2221 oculos
343 2189 430 2231 (agit
447 2190 478 2220 in
496 2190 644 2231 oculos).
690 2191 750 2223 Est
766 2192 921 2224 Graecum

207 2233 414 2278 προσπίπτων.
440 2235 489 2265 M.

253 2279 538 2320 Depoposcisoent.
565 2278 727 2312 Dixerant
742 2281 856 2313 hostes
870 2281 921 2320 (v.

205 2332 239 2353 c.
252 2324 300 2362 7),
317 2332 352 2354 se
369 2323 457 2354 velle
472 2323 647 2358 dimicare..
671 2324 697 2356 si
713 2325 824 2357 Caesar
843 2336 921 2356 cum

205 2365 530 2409 tribuslegionibus
543 2368 687 2400 veniret.
718 2370 801 2402 llaec
820 2369 921 2408 igitur

205 2409 388 2452 promissio
428 2411 623 2444 certaminis
658 2423 737 2444 cum
763 2414 918 2445 'hostium

205 2465 348 2488 numeru
358 2462 452 2487 certo
466 2462 517 2489 est
531 2466 618 2488 nunc
634 2456 731 2496 illud,
747 2458 921 2500 deposcere

205 2509 383 2532 numerum
398 2506 541 2532 certum.
567 2502 618 2533 M.

253 2545 430 2580 Quadrato
447 2547 596 2586 aqmine.
634 2545 711 2578 Non
729 2556 846 2577 omnes
863 2557 922 2578 oo-

203 2589 283 2620 dem
315 2589 418 2621 modo
456 2589 652 2622 describunt
689 2590 755 2622 hoc
786 2601 920 2631 agmen.

206 2633 324 2675 Adjeci
339 2643 422 2676 ergo
437 2633 542 2665 verba
558 2634 712 2667 Salmasii
729 2635 787 2674 (de
806 2646 839 2666 re
857 2635 920 2666 mi-

204 2677 294 2709 litari
312 2678 412 2709 Rom.
442 2689 474 2710 c.
497 2680 548 2710 10.
575 2690 608 2720 p.
629 2682 690 2712 103
710 2678 792 2711 edit.
809 2679 917 2721 Lugd.

204 2732 238 2752 a.
260 2723 370 2762 16⁵7),
391 2722 465 2765 qui,
486 2722 696 2761 Quadratum
713 2734 849 2765 agmen,
867 2724 917 2755 in-

205 2765 294 2806 quit,
305 2777 372 2798 non
387 2767 522 2806 dicitur,
536 2768 632 2810 cujus
645 2769 788 2802 latitudo
804 2778 920 2809 aequa-

204 2809 250 2841 lis
262 2810 304 2842 sit
319 2810 353 2842 in
367 2822 486 2843 omnes
497 2812 678 2854 adspectus
692 2812 895 2854 longitudini
907 2825 917 2852 3

205 2855 267 2886 sed
293 2855 384 2896 quod
409 2856 554 2888 frontem
584 2857 687 2890 habet
711 2862 802 2889 recta
824 2856 916 2889 linea

205 2905 416 2940 exaequatam
431 2906 464 2931 et
478 2901 521 2932 ad
533 2901 762 2936 extremitates
773 2901 917 2943 angulos

206 2947 318 2976 rectos
386 2944 482 2978 Hauc
517 2946 721 2981 sententiam
761 2945 916 2981 salmasii

995 1572 1132 1615 repetiit
1155 1571 1390 1605 Guischardus
1418 1569 1620 1612 (Mamoires
1635 1569 1714 1605 crit.

995 1624 1029 1649 ot
1047 1617 1166 1649 histor.
1183 1627 1238 1648 sur
1254 1617 1300 1648 les
1322 1616 1508 1659 antiquites
1530 1615 1712 1649 militaires

995 1660 1038 1693 T.
1056 1662 1082 1692 l.
1100 1673 1132 1703 p.
1154 1662 1241 1701 195),
1263 1667 1297 1692 et
1317 1662 1369 1693 his
1386 1661 1500 1693 verbis
1519 1660 1709 1703 expressit:

998 1706 1049 1737 La
1058 1708 1133 1746 fiyu
1139 1718 1173 1738 re
1186 1706 1384 1738 ressembloie
1397 1707 1418 1737 ὰ
1429 1717 1477 1738 un
1489 1703 1711 1748 pamlede'ln-

994 1761 1154 1790 „qramme
1185 1751 1387 1792 quelwnque
1408 1751 1429 1781 ὰ
1450 1751 1568 1791 angles
1596 1749 1710 1783 draus.

997 1793 1123 1825 Probat
1136 1794 1256 1826 deiude
1270 1805 1353 1833 rem,
1367 1793 1580 1836 illustratque
1594 1793 1710 1826 multis

992 1838 1172 1880 exemplis,
1199 1838 1327 1880 quibus
1360 1838 1477 1877 efficit,
1504 1838 1708 1879 quadratum

993 1893 1114 1920 agmon
1132 1894 1204 1914 esse
1222 1883 1311 1914 idem
1329 1882 1424 1921 illud,
1438 1883 1530 1924 quod
1546 1881 1709 1924 Polybius

995 1927 1043 1966 (6.
1062 1928 1120 1967 38)
1135 1926 1331 1968 descripsit,
1353 1938 1373 1959 a
1389 1927 1513 1966 verbis,
1533 1928 1664 1971 Χςῦυτιι
1681 1924 1710 1958 >i

995 1972 1046 2002 καὶ
1063 1970 1148 2015 ὶτίςῳ
1171 1970 1242 2012 γένει
1260 1971 1386 2016 τοξείας,
1411 1982 1515 2013 usque
1538 1972 1579 2001 ad
1595 1970 1710 2009 verba,

994 2016 1082 2046 Οὕτω
1120 2015 1145 2046 δὲ
1180 2016 1384 2054 συντάξαντες.
1432 2015 1594 2047 Nostrum
1618 2014 1709 2047 huuc

993 2060 1109 2092 locum
1126 2060 1371 2097 Guischardus,
1392 2071 1427 2102 p.
1441 2061 1507 2091 22⁷
1521 2065 1657 2099 tractat,
1673 2065 1708 2091 ot

993 2105 1034 2134 do
1066 2104 1126 2135 illo
1150 2115 1245 2146 poene
1273 2105 1442 2146 quadrato
1468 2106 1606 2146 «tymim»
1633 2103 1706 2136 haec

992 2149 1103 2180 addit:
1147 2152 1286 2181 Commo
1314 2149 1350 2179 la
1382 2149 1566 2191 quati-ihme
1596 2145 1706 2190 Ιέρέοπ

992 2195 1156 2224 marchan
1170 2191 1304 2235 κύρω-ἐρ
1321 2193 1377 2224 des
1391 2198 1502 2225 autres
1522 2197 1553 2225 et
1568 2203 1628 2225 mr
1640 2203 1709 2225 une

989 2239 1079 2269 seule
1104 2239 1250 2274 calonne,
1276 2238 1311 2269 Ia
1327 2239 1442 2277 fimare
1463 2237 1546 2269 ‘Fun
1568 2234 1707 2278 quar-re}

991 2293 1054 2323 que²
1076 2283 1111 2313 la
1130 2283 1270 2313 marche
1291 2281 1456 2323 parallelo
1477 2282 1535 2313 des
1553 2283 1633 2313 trois
1649 2291 1706 2312 co-

988 2327 1102 2357 lonnes
1114 2324 1296 2368 rvpre‘sem
1309 2326 1584 2362 ordinem-emen«,
1594 2322 1707 2358 n'c‘toie

987 2381 1052 2412 pas
1077 2372 1234 2412 parjfaite.
1282 2369 1421 2401 Evincit
1444 2380 1595 2412 quoque,
1619 2379 1704 2410 qun-

991 2415 1086 2446 drato
1113 2415 1248 2455 agmine
1271 2419 1305 2445 et
1330 2413 1459 2455 triplici
1484 2413 1561 2446 acie
1589 2412 1706 2445 venire

990 2459 1076 2498 (vid.
1091 2459 1160 2490 Iud.
1177 2458 1207 2490 in
1221 2460 1324 2495 aries)
1337 2461 1495 2490 eamdem
1505 2468 1576 2491 rem
1590 2457 1706 2499 expri-

990 2514 1095 2536 mere.
1112 2510 1145 2535 οι
1174 2502 1356 2535 utilitatem
1377 2502 1526 2546 agminis
1549 2501 1702 2544 quadrati

992 2547 1096 2579 fuisso
1117 2549 1217 2586 hanc,
1235 2554 1283 2580 ut.
1296 2547 1324 2579 si
1341 2547 1512 2579 exercitus
1530 2545 1564 2578 in
1583 2546 1703 2578 itinere

991 2591 1178 2633 improviso
1196 2592 1241 2623 ab
1260 2591 1417 2623 hostibus
1441 2590 1704 2633 opprimeretur,

987 2647 1107 2678 agmen
1125 2636 1315 2669 consistens
1332 2636 1426 2672 illico
1438 2642 1527 2667 esset
1539 2635 1635 2667 acics
1649 2633 1701 2666 in-

989 2688 1127 2715 structa.
1139 2692 1215 2722 quae
1228 2686 1261 2711 ot
1276 2680 1349 2722 ipsa
1360 2680 1455 2712 diem
1466 2686 1518 2712 est
1527 2679 1701 2721 quadrata.

987 2724 1148 2757 Ceterum
1158 2736 1237 2757 curu
1251 2724 1302 2756 his
1309 2724 1472 2756 omnibus
1482 2733 1548 2756 uon
1557 2722 1702 2755 consun-

987 2770 1131 2801 dendum
1157 2774 1207 2801 est
1231 2771 1267 2801 in
1291 2769 1405 2801 orbem
1428 2778 1595 2811 plastrum-e.
1630 2766 1699 2799 vid.

987 2814 1058 2845 lnd.
1091 2813 1125 2845 in
1152 2815 1250 2846 orbi-s.
1299 2813 1349 2845 De
1374 2813 1537 2855 quadrato
1562 2812 1698 2853 agmine

985 2859 1063 2891 add.
1095 2857 1331 2890 Schwebelius
1360 2858 1406 2890 ad
1438 2856 1556 2898 vaget.
1588 2857 1630 2888 de
1663 2865 1698 2888 me

985 2903 1086 2935 milit.
1104 2905 1136 2940 3,
1155 2905 1208 2934 90.
1235 2903 1285 2934 Μ.

1033 2948 1077 2980 ln
1099 2952 1319 2990 conspectum.
1363 2944 1474 2980 Codd.
1497 2943 1638 2987 quidam
1662 2950 1700 2978 et
