1946 3261
627 204 746 252 LIB.
778 203 861 250 IV.
923 203 1062 248 CAP.
1099 201 1224 247 1—3.
1618 198 1683 243 79*

186 335 220 359 ⁶⁶
240 332 379 377 vicem
411 350 524 379 anno
615 343 655 378 st
688 335 732 378 in
763 332 893 379 armis
920 339 1042 379 sunt;
1073 329 1137 372 illi
1158 329 1277 374 domi
1303 334 1542 372 remanent.
1605 325 1681 369 Sic

187 397 218 417 ‘⁶
241 407 382 451 neque
403 351 690 462 agricullilm,
712 410 789 437 nec
809 392 923 436 ratio
945 399 1076 447 atque
1098 405 1196 431 usus
1214 388 1337 438 belli,
1357 385 1679 430 intermittitur.

189 456 219 476 ‘⁶
244 452 334 495 Sed
370 454 534 513 privati
575 470 624 496 ac
660 451 851 512 separati
885 449 982 508 agri
1018 447 1135 506 apud
1173 464 1244 490 eos
1278 447 1384 490 nihil
1413 456 1498 495 est;
1542 460 1683 503 neque

190 512 415 571 “longius
447 528 560 556 anno
593 527 818 555 remanere
850 525 937 553 uno
967 508 1011 550 in
1031 507 1128 550 loco
1151 505 1366 548 incolendi
1397 520 1544 548 caussa
1564 504 1683 547 licet.

191 575 220 594 ‘⁶
246 571 403 628 Neque
422 571 609 614 multum
629 571 865 619 frumento,
885 567 961 611 sed
982 565 1214 609 maximam
1234 574 1405 622 partem
1421 564 1534 606 lacte
1552 572 1685 621 atque

190 633 220 653 ‘⁶
243 644 400 687 pecore
421 630 575 672 vivunt
597 629 869 686 multumque
889 635 988 670 sunt
1018 627 1063 667 in
1082 623 1405 666 venationibus:
1439 638 1534 679 quae
1552 638 1621 665 res
1642 629 1689 664 et

190 692 221 712 ⁶⁶
244 686 332 730 cibi
393 703 522 731 enere
557 697 601 731 et
636 687 894 746 quotidiana
930 683 1242 728 exercitatione
1278 691 1322 724 et
1352 681 1559 724 libertate
1586 681 1688 724 vitae

191 751 221 770 ⁶⁶
242 704 398 803 (quotf,
432 763 458 789 a
480 747 626 806 pueris
647 747 768 790 nullo
791 745 932 790 officio
958 752 1034 786 aut
1055 741 1284 801 disciplina
1305 738 1561 788 adsuefacti,
1581 739 1688 782 nihil

191 811 221 830 ‘⁶
246 806 421 850 omnino
450 816 604 850 contra
625 806 898 849 voluntatem
921 803 1104 859 faciant)
1133 811 1177 844 et
1198 801 1311 844 vires
1342 799 1422 842 alit
1452 806 1497 840 et
1529 797 1689 840 inmani

192 870 222 890 ‘⁶
244 879 478 924 corporum
514 865 814 924 magnitudine
845 863 1037 908 homines
1067 861 1213 904 efficit.
1278 861 1426 916 Atque
1458 858 1501 899 in
1532 873 1627 899 eam
1648 872 1692 899 se

193 929 223 949 ‘⁶
245 924 601 968 consuetudinem
637 924 933 973 adduxerunt,
973 930 1023 969 ut
1064 920 1168 964 locis
1207 918 1513 977 frigidissimis,
1553 931 1694 975 neque

192 989 222 1008 ‘⁶
246 984 444 1033 vestitus,
463 992 624 1042 praeter
643 984 784 1042 pellis,
801 983 991 1026 habeant
1010 979 1267 1038 quidquam,
1287 979 1491 1035 (quarum
1510 984 1695 1035 propter

193 1049 222 1068 ⁶⁶
245 1042 313 1085 exi
379 1043 532 1086 itatem
568 1058 727 1102 magna
763 1052 827 1086 est
863 1040 1059 1099 corporis
1088 1054 1190 1097 pars
1210 1039 1384 1096 aperta)
1416 1045 1462 1079 et
1491 1034 1696 1078 laventur

193 1108 223 1127 ⁶⁶
246 1100 290 1145 in
348 1102 578 1145 uminibus.

253 1162 296 1204 2.
333 1169 361 1188 ⁶⁶
388 1160 713 1204 Mercatoribus
749 1168 814 1202 est
853 1159 910 1202 ad
948 1175 1020 1202 eos
1055 1156 1200 1200 aditus
1230 1155 1369 1214 magis
1399 1169 1467 1203 eo,
1504 1161 1570 1202 ut,
1601 1166 1697 1210 quae

197 1225 227 1245 “
250 1220 368 1264 bello
388 1221 601 1280 ceperint,
633 1219 791 1278 quibus
812 1219 1022 1267 vendant,
1058 1216 1266 1264 habeant,
1301 1229 1432 1272 quam
1452 1228 1540 1271 quo
1561 1211 1698 1254 ullam

199 1285 229 1304 “
253 1295 345 1322 rem
361 1279 415 1322 ad
433 1296 477 1322 se
497 1279 713 1337 inportari
731 1277 1001 1321 desiderent:
1037 1275 1142 1334 quin
1160 1275 1291 1317 etiam
1303 1273 1525 1332 jumentis,
1541 1269 1700 1329 quibus

200 1344 230 1363 ‘⁶
253 1338 437 1381 maxime
462 1338 612 1380 Gallia
631 1338 895 1386 delectatur,
927 1351 1110 1393 quaeque
1140 1334 1318 1391 inpenso
1349 1341 1508 1391 parant
1537 1330 1698 1390 pretio,

201 1403 232 1423 ‘⁶
258 1397 468 1440 Germani
490 1396 776 1455 inportatitiis
808 1411 893 1438 non
916 1403 1119 1437 utuntur:
1153 1392 1227 1434 sed
1248 1408 1344 1449 quae
1368 1400 1467 1433 sunt
1489 1388 1606 1449 apud
1629 1404 1702 1431 eos

203 1463 233 1483 ‘⁶
256 1465 376 1505 nata,
407 1471 544 1514 prava
567 1465 699 1513 atque
726 1454 958 1503 deformia,
987 1453 1075 1496 haec
1096 1450 1353 1509 quotidiana
1372 1446 1700 1497 exercitatione,

205 1523 234 1542 ‘⁶
258 1515 410 1559 summi
432 1523 481 1557 ut
502 1515 587 1557 sint
609 1514 797 1563 labores,
829 1513 1035 1555 efficiunt.
1100 1510 1387 1568 Equestribus
1408 1508 1574 1567 proeliis
1591 1522 1702 1566 saepe

205 1581 236 1601 ‘⁶
258 1590 311 1617 ex
334 1573 456 1631 equis
485 1572 690 1614 desiliunt
713 1588 761 1614 ae
785 1571 970 1630 pedibus
990 1567 1277 1629 proeliantu1'·;
1309 1583 1528 1625 equosque
1550 1566 1705 1610 eodem

205 1639 236 1660 ‘⁶
259 1647 483 1676 remanere
505 1631 691 1690 vestigio
710 1630 1032 1677 adsuefaciunt;
1065 1628 1120 1671 ad
1141 1644 1249 1686 quos
1269 1644 1312 1669 se
1334 1626 1551 1675 celeriter,
1571 1640 1707 1683 quum

207 1700 237 1720 ⁶⁶
258 1708 356 1736 usus
374 1699 455 1741 est,
474 1691 710 1749 recipiunt:
745 1705 885 1748 neque
903 1705 1052 1732 eorum
1072 1687 1266 1730 moribus
1282 1686 1452 1745 turpius
1469 1684 1710 1743 quidquam

207 1759 237 1779 ⁶⁶
260 1760 337 1795 aut
379 1749 559 1793 inertius
599 1749 804 1799 habetur,
847 1764 976 1807 quam
1027 1746 1243 1807 ephippiis
1289 1746 1369 1788 u'ti.
1451 1744 1607 1802 Itaque
1651 1742 1707 1785 ad

208 1818 239 1839 ⁶⁶
262 1809 458 1869 quemvis
475 1825 702 1852 numerum
734 1808 1089 1868 ephippiatorum
1111 1805 1323 1864 equitum,
1345 1804 1542 1863 quamvis
1564 1801 1708 1862 pauci,

210 1877 240 1898 ⁶⁶
263 1869 386 1913 adire
406 1868 585 1912 audent.
649 1867 811 1910 Vinum
846 1868 903 1911 ad
927 1883 971 1909 se
1002 1866 1176 1910 omnino
1208 1865 1422 1924 inportari
1443 1878 1528 1907 non
1547 1863 1709 1911 sinunt,

211 1938 241 1957 ⁶⁶
263 1927 383 1987 quod
424 1944 476 1971 ea
512 1944 559 1971 re
599 1927 655 1970 ad
690 1927 886 1971 laborem
923 1925 1149 1970 ferendum
1190 1923 1490 1968 remollescere
1519 1921 1713 1965 homines

211 1997 240 2016 ‘⁶
263 1996 395 2046 atque
416 1987 652 2030 effeminari
676 1987 964 2030 arbitrantur.

271 2048 315 2091 3.
349 2055 379 2073 ⁶⁶
403 2046 582 2090 Publice
601 2046 833 2089 maximam
854 2054 1011 2105 putant
1034 2060 1122 2087 esse
1144 2043 1331 2092 laudem,
1355 2057 1484 2100 quam
1505 2039 1710 2084 latissime

216 2113 246 2135 ‘⁶
270 2118 296 2149 a
324 2105 410 2150 suis
444 2104 602 2149 finibus
633 2121 791 2148 vacare
830 2121 977 2165 agros:
1029 2104 1109 2147 hac
1145 2119 1191 2146 re
1226 2100 1475 2161 significari,
1506 2115 1712 2160 magnum

268 2236 375 2276 Aeque
392 2242 473 2265 usus
489 2233 580 2265 belli.
622 2231 676 2264 Sic
692 2233 792 2263 codd.
808 2237 842 2263 et
856 2231 934 2263 edd.

223 2283 289 2311 vet·
307 2277 365 2310 ubi
382 2277 506 2320 Scalig.
522 2287 640 2319 neque.
658 2277 757 2308 male.

271 2323 443 2354 lutulenda*
458 2332 585 2355 mussa.
630 2321 685 2353 Sic
704 2330 794 2362 saepe
809 2326 933 2352 noster.

224 2376 256 2398 v.
272 2365 386 2397 ludex.
400 2366 459 2398 alii
476 2366 621 2398 colendi.

275 2411 439 2442 Homines
476 2412 584 2453 efficii.
623 2409 662 2440 Τὸ
701 2410 851 2440 hominm!
880 2419 939 2439 ex-

230 2452 350 2496 punxit
374 2454 524 2496 Scaliger
546 2459 661 2486 contra
683 2454 781 2484 codd.
804 2452 879 2484 1.C.
894 2453 940 2483 H.

227 2499 262 2530 in
278 2496 427 2529 Miscell.
442 2498 538 2540 Lips.
553 2498 651 2530 novis
668 2497 746 2528 Vol.
765 2501 795 2528 3.
813 2508 847 2538 p.
865 2499 939 2528 33‘2.

229 2541 367 2574 volebat
392 2552 458 2582 eos,
486 2543 621 2575 nescius
647 2541 782 2574 codices
806 2547 840 2574 et
863 2541 940 2573 edd.

228 2591 297 2619 vet.
313 2585 473 2618 exhibere
489 2587 649 2619 homines.

277 2630 367 2662 Pars
383 2636 515 2672 aperta.
538 2632 635 2663 nuda.
650 2641 681 2661 v.
701 2632 732 2667 6,
749 2632 803 2661 21.

277 2674 462 2713 Lat-entur,
474 2674 533 2706 alii
549 2676 722 2707 lavantur.

280 2718 333 2750 Aa
347 2729 410 2751 eos.
433 2720 528 2750 deest
544 2718 577 2750 in
594 2717 693 2750 variis
709 2718 810 2749 codd.

282 2762 355 2797 Quo
372 2764 485 2794 ullam
497 2774 581 2795 rem.
604 2762 664 2794 alii
681 2762 781 2803 quod.

283 2806 399 2839 Gallia
418 2808 604 2839 delectatur
617 2823 663 2829 -
675 2811 815 2847 parant.
860 2805 943 2838 Haec

234 2852 366 2885 numeri
390 2851 532 2883 variatio
557 2849 702 2883 occurrit
728 2855 763 2881 et
787 2853 819 2889 9,
839 2851 890 2881 11.
913 2852 947 2889 7,

236 2898 291 2929 ⁷2.
327 2897 404 2929 Alia
417 2896 574 2938 exempla
589 2896 645 2927 dat
656 2894 793 2926 Cottius
807 2894 851 2926 ad
866 2894 947 2928 Sall.

235 2941 312 2976 Cat.
328 2952 359 2974 c.
375 2944 430 2975 23.
452 2940 507 2975 Cf.
523 2947 556 2974 et
569 2939 681 2974 Tacit.
696 2941 738 2974 A.
755 2942 787 2978 9,
802 2940 858 2971 24.

1052 2231 1215 2262 Germani
1227 2231 1416 2271 importatis
1431 2229 1495 2260 Ιιίσ.
1518 2225 1714 2260 Deleverim

1009 2275 1172 2306 Germano·
1185 2280 1219 2305 et
1233 2275 1302 2305 his:
1327 2283 1402 2305 nam
1415 2274 1476 2312 hie,
1489 2272 1551 2304 etsi
1565 2270 1715 2313 plerique

1004 2319 1102 2350 codd.
1119 2318 1259 2357 habent,
1285 2318 1458 2355 redundat,
1480 2326 1541 2348 nec
1567 2317 1609 2347 de
1633 2315 1716 2347 Ger—

1005 2363 1113 2394 manis
1125 2363 1285 2394 omnibus
1296 2362 1435 2394 omnino
1449 2361 1513 2393 h.l.
1530 2369 1640 2393 sermo
1654 2363 1716 2396 est,

1006 2418 1066 2439 nec
1096 2407 1217 2449 legitur
1237 2408 1402 2439 (im-mam·
1427 2405 1458 2437 in
1477 2405 1644 2446 metaphr.
1659 2403 1715 2434 Gr.

1008 2453 1055 2483 M.
1086 2452 1177 2483 Oud.
1194 2451 1398 2493 suspicatur,
1421 2451 1590 2482 Caesarem
1608 2446 1716 2488 scrip-

1007 2496 1093 2528 sisse
1110 2499 1333 2538 inportabilia&
1356 2495 1451 2526 bene.

1055 2542 1184 2579 Prot-a,
1200 2540 1257 2572 alli
1273 2550 1396 2582 parra.
1425 2538 1479 2569 Sic
1495 2543 1528 2568 et
1542 2534 1718 2579 Gnmaegaeff

1008 2590 1043 2615 et
1071 2585 1179 2621 Tacit.
1203 2585 1316 2617 Germ.
1337 2595 1366 2614 e.
1386 2588 1416 2615 5.
1442 2585 1630 2623 inprocera,
1654 2589 1717 2611 nec

1009 2628 1113 2661 fuisse
1138 2629 1252 2671 inepta
1277 2629 1318 2660 ad
1338 2637 1435 2659 usum
1460 2624 1635 2668 sequentia
1658 2624 1719 2655 do-

1007 2680 1097 2705 cent.

1056 2718 1311 2759 Adsuesaciunt.
1333 2715 1392 2748 alii
1412 2714 1678 2756 admefecemm.

1059 2764 1172 2797 Quum
1194 2771 1276 2794 usus
1298 2765 1357 2792 ese.
1379 2758 1440 2791 alii
1460 2762 1578 2801 poscit.
1598 2757 1723 2801 glossa.-

1012 2806 1067 2838 Cf.
1083 2807 1116 2844 6,
1136 2807 1185 2837 15.

1059 2849 1205 2882 Audem.
1228 2848 1287 2880 alii
1301 2848 1464 2881 audeant.
1489 2847 1590 2880 male.

1067 2895 1202 2932 Vinum,
1216 2900 1283 2925 etc.
1321 2892 1374 2924 Cf.
1390 2895 1422 2930 2,
1443 2893 1492 2923 15.

1062 2939 1214 2978 Publice,
1237 2937 1367 2971 ratione
1381 2935 1593 2980 reipublicae.
1618 2935 1668 2969 M.
