1946 3261
102 2267 108 2273 ‚
169 2246 261 2278 tione
276 2250 347 2276 tum
359 2244 572 2275 vehementer
584 2246 791 2285 perturbata,
801 2245 872 2277 effi-

177 227 264 274 474
388 231 444 274 A.
480 227 682 273 HIRTII
716 227 799 271 DE
831 224 1035 270 BELLO
1068 221 1414 267 AFRICANO.

221 359 313 390 Juba
324 357 442 398 diripit
455 356 624 397 deletque.
670 356 810 386 75-77.
835 354 885 385 Ad
903 352 1072 384 Sarsuram
1091 351 1222 384 accedit
1242 351 1354 383 Caesar
1380 359 1523 391 eamque
1538 349 1642 391 capit.

222 403 307 435 Mox
320 407 353 432 et
364 399 569 432 Thabenam.
615 402 669 430 78.
694 398 855 430 Proelium
871 398 912 429 ad
927 397 1089 438 Tegeam.

179 449 261 488 Cap.
278 447 418 476 79—88.
445 444 567 482 Caesar,
581 444 623 475 ad
637 443 815 484 Thapsum
840 442 957 479 victor,
981 440 1114 472 accedit
1127 439 1171 471 ad
1188 437 1335 476 Uticam,
1360 447 1441 479 qua,
1464 437 1592 468 Catone
1609 436 1643 469 vi

219 488 286 520 sibi
301 488 404 519 inlata
418 492 563 525 mortuo,
579 486 706 528 potitur
721 497 779 527 per
793 486 831 517 L.
845 486 1023 517 Caesarem.
1069 482 1209 515 89—90.
1226 483 1300 523 Ipse
1325 481 1369 520 Q.
1384 481 1521 522 Ligario
1536 480 1641 512 vitam

218 531 385 564 concedit.
428 530 562 563 Uticam
578 531 684 568 venit,
704 530 890 562 incolarum
908 534 1035 569 partem
1050 528 1175 560 mulcta
1189 525 1317 558 adficit.
1360 527 1414 563 91,
1431 527 1485 555 92.
1515 524 1642 556 Jubam

219 577 398 608 Zamenses
411 574 539 618 oppido
553 575 745 606 excludunt.
789 573 844 605 932
865 571 1047 603 Considius
1059 571 1180 602 Tisdra
1191 570 1288 611 fugit.
1336 568 1500 609 Virgilius
1509 579 1543 599 se
1554 568 1648 600 dedit

219 619 352 651 victori.
396 622 450 651 94.
481 618 574 650 ,Iuba
586 624 620 650 et
649 616 798 649 Petreius
827 615 1018 648 voluntaria
1047 620 1153 646 morte
1183 620 1335 655 pereunt.
1381 615 1437 645 95.
1467 613 1507 644 Ρ.
1539 611 1643 644 Sitius

220 663 383 694 Saburam
408 662 574 700 interficit,
613 662 715 693 Jubae
742 660 953 692 Praefectum.
996 659 1136 691 Faustus
1161 664 1194 689 et
1223 656 1380 689 Afranius
1410 661 1559 698 pereunt.
1587 657 1642 687 96.

219 709 301 740 Item
314 706 431 748 Scipio
446 707 488 738 ad
504 706 703 748 Hipponem
720 704 878 745 Regium.
908 705 962 734 97.
974 703 1086 734 Caesar
1097 703 1210 734 Zamae
1226 707 1259 733 et
1268 700 1375 733 Uticae
1390 701 1481 732 bona
1491 699 1642 732 hostium

216 751 343 783 vendit.
389 749 585 782 Numidiam
614 748 820 791 provinciam
844 746 938 778 facit.
982 746 1210 787 Thapsitanis,
1250 744 1491 782 Adrumetinis,
1525 743 1643 785 Lepti-

217 795 317 833 tanis,
331 793 531 826 Tisdritanis
547 794 705 825 mulctam
723 791 869 833 inponit,
895 790 1049 823 civitates
1064 801 1084 822 a
1099 789 1216 832 rapina
1230 788 1388 822 defendit.
1432 791 1487 821 98.
1503 788 1639 823 Carales

217 839 251 871 in
265 838 464 875 Sardiniam,
477 848 556 869 mox
570 843 604 868 et
617 838 777 875 Romam,
789 834 922 868 transit.

173 939 414 1003 CAESAR
433 953 659 997 itineribus
686 951 811 1010 justis
838 952 1057 1003 confectis,
1093 951 1216 995 nullo
1235 950 1304 994 die
1327 950 1583 1001 intermisso,
1605 967 1645 996 a.

170 1015 214 1058 d.
237 1013 390 1057 XIIII.
430 1013 529 1056 Kal.
552 1012 651 1055 Jan.
677 1011 918 1071 Lilybaeum
948 1011 1160 1070 pervenit,
1193 1010 1425 1067 statimque
1443 1010 1646 1060 ostendit,

172 1089 262 1116 sese
299 1088 426 1115 naves
460 1070 573 1114 velle
607 1070 905 1120 conscendere,
939 1083 1075 1128 quum
1105 1085 1191 1113 non
1220 1069 1406 1127 amplius
1430 1068 1646 1127 legionem

171 1132 364 1175 tironum
380 1130 561 1173 haberet
579 1144 721 1178 unam,
744 1129 909 1186 equites
930 1129 1003 1171 vix
1018 1136 1253 1171 sexcentos.
1295 1127 1645 1170 Tabernaculum

169 1189 406 1234 secundum
424 1188 527 1231 litus
549 1188 690 1246 ipsum
711 1188 950 1237 constituit,
973 1196 1023 1230 ut
1043 1203 1179 1246 prope
1199 1187 1355 1229 fluctus
1375 1186 1646 1228 verberaret.

173 1249 272 1292 Hoc
300 1264 350 1290 eo
371 1246 547 1290 consilio
574 1246 695 1297 fecit,
730 1262 783 1288 ne
805 1247 901 1303 quis
920 1246 1001 1288 sibi
1025 1262 1156 1289 morte
1183 1245 1423 1303 quidquam
1445 1244 1536 1286 fore
1555 1261 1646 1303 spe-

169 1314 303 1356 raret,
322 1314 368 1348 et
387 1313 437 1347 ut
457 1320 600 1348 omnes
621 1304 664 1346 in
684 1304 774 1347 dies
790 1303 1003 1362 horasque
1025 1304 1168 1363 parati
1184 1311 1335 1346 essent.
1397 1302 1556 1345 Incidit
1600 1319 1648 1347 er

167 1367 213 1409 id
236 1374 421 1421 tempus,
455 1371 506 1406 ut
526 1371 804 1421 tempestates
824 1363 880 1405 ad
900 1362 1188 1420 navigandum
1221 1362 1392 1404 idoneas
1412 1376 1498 1405 non
1518 1319 1646 1406 habe·

169 1432 265 1473 ret;
294 1422 427 1466 nihilo
464 1430 608 1464 tamen
641 1422 780 1464 minus
814 1420 857 1464 in
878 1420 1059 1463 navibus
1078 1421 1261 1479 remiges
1280 1420 1524 1478 militesque
1545 1437 1645 1465 con-

165 1483 303 1526 tinere
320 1490 365 1524 et
380 1480 544 1523 nullam
561 1478 892 1539 praetermittere
908 1479 1170 1523 occasionem
1185 1478 1488 1537 profectionis;
1511 1491 1646 1536 quum

166 1540 407 1601 praesertim
426 1540 484 1583 ab
513 1539 661 1582 ineolis
680 1539 772 1597 ejus
791 1538 1025 1597 provinciae
1046 1537 1358 1582 nunciarentur
1383 1537 1648 1582 adversario-

167 1616 266 1644 rum
286 1599 438 1658 copiae‚
459 1599 678 1657 equitatus
697 1597 902 1649 infinitus,
926 1597 1118 1655 legiones
1138 1596 1289 1655 Regiae
1308 1605 1514 1654 quatuor,
1541 1598 1649 1642 levis

167 1666 398 1702 armaturae
432 1673 588 1715 magna
625 1657 704 1706 vis,
745 1656 956 1714 Scipionis
993 1656 1182 1715 legiones
1220 1655 1384 1706 decem,
1423 1655 1646 1714 elephanti

168 1717 308 1767 CXX,
341 1717 581 1773 classesque
615 1731 702 1757 esse
734 1714 1004 1773 complures3
1037 1723 1183 1758 tamen
1203 1730 1289 1757 non
1320 1715 1643 1766 deterrebatur,

167 1775 396 1832 animoque
418 1782 463 1817 et
481 1791 556 1833 spe
576 1772 836 1818 confidebat.
899 1773 1081 1816 Interim
1101 1773 1144 1816 in
1163 1772 1251 1816 dies
1271 1778 1317 1815 et
1344 1788 1471 1816 naves
1502 1773 1643 1833 longae

167 1833 377 1892 adaugeri
397 1842 441 1876 et
460 1833 667 1877 onerariae
687 1831 930 1891 complures
951 1832 1101 1876 eodem
1118 1841 1375 1876 concurrere
1391 1839 1435 1874 et
1455 1831 1644 1889 legiones

166 1893 355 1993 tironunl]
376 1892 621 1944 convenire,
642 1892 687 1935 in
706 1891 771 1934 his
789 1899 993 1934 veterana
1025 1891 1141 1950 legio
1162 1890 1331 1949 quinta,
1366 1890 1561 1948 equitum
1579 1891 1636 1936 ad

166 1951 251 1996 duo
272 1951 330 1994 mi
352 1950 407 1995 ia.
1200 1957 1203 1960 ⁴

981 2068 1183 2101 Guischardi
1213 2069 1289 2100 duae
1311 2067 1482 2100 editiones
1496 2072 1640 2107 exstant,

937 2113 1041 2145 altera
1052 2115 1167 2145 formae
1183 2113 1217 2145 in
1235 2116 1303 2145 4to.
1319 2111 1339 2144 a
1353 2114 1390 2145 la
1406 2112 1503 2154 Haye
1520 2115 1539 2143 2
1557 2113 1636 2145 Vol.

942 2160 1037 2189 1758.
1066 2158 1171 2188 altera
1200 2157 1233 2188 in
1263 2160 1340 2189 8νο.
1364 2156 1475 2189 Berlin
1507 2159 1527 2188 4
1554 2160 1638 2188 tom.

941 2204 1036 2233 1774.
1068 2202 1179 2233 Locus
1196 2200 1251 2232 hic
1268 2212 1310 2233 ex
1323 2201 1407 2234 edit.
1436 2201 1500 2232 2da
1514 2200 1639 2233 citatus

939 2245 972 2277 in
996 2245 1080 2277 edit.
1104 2245 1215 2287 priore
1241 2250 1350 2278 exstat
1373 2252 1399 2278 t.
1428 2248 1460 2275 2.
1491 2255 1527 2286 p.
1560 2247 1621 2276 1⁷9

937 2290 1080 2322 Secutus
1105 2296 1183 2321 tunc
1201 2290 1299 2331 plane
1315 2289 1380 2322 fuit
1405 2288 1636 2321 Guischardus

938 2334 1124 2372 Usserium,
1159 2334 1229 2372 sed,
1271 2343 1306 2365 re
1334 2332 1527 2366 adcuratius
1561 2343 1639 2374 per¹

938 2388 1057 2419 pensa,
1085 2379 1120 2409 in
1146 2388 1249 2418 opere
1273 2387 1306 2408 a.
1336 2380 1419 2409 1773
1443 2376 1506 2408 sub
1533 2376 1635 2408 titulo

213 2071 395 2102 Itineribus
411 2073 525 2112 justis.
550 2067 620 2102 vid.
651 2069 694 2100 ad
725 2067 765 2100 B.
782 2067 819 2099 C.
839 2069 870 2108 3,

170 2115 315 2189 ⁷6:432
347 2157 485 2188 XIIII.
518 2158 599 2188 Kac.
633 2158 712 2189 Jan.
759 2158 872 2189 Annus

171 2201 235 2234 fuit
250 2202 314 2233 707
331 2202 368 2232 Ρ.
385 2200 428 2231 U.
443 2199 483 2231 C.
527 2200 709 2242 Temporis
725 2212 805 2233 vero
820 2211 872 2232 ra-

171 2290 275 2327 citur,
305 2289 393 2319 hunc
419 2287 525 2325 diem,
564 2288 622 2330 qui
648 2299 736 2320 nunc
773 2300 805 2320 a.
837 2290 871 2320 d.

174 2334 282 2365 Xllll.
299 2333 376 2363 Kal.
394 2332 472 2363 Jan.
489 2331 625 2365 dicitur.
639 2333 741 2364 fuisse
756 2344 774 2363 e
792 2343 872 2365 vora

170 2377 301 2409 ratione
328 2375 537 2408 tricesimum
578 2377 800 2417 Septembris,
836 2383 871 2408 ut

174 2420 327 2453 Usserius
343 2419 377 2451 in
393 2420 512 2451 Annal.
537 2420 579 2451 ad
600 2430 690 2451 a.m.
718 2423 813 2452 3958.
836 2427 870 2452 et

171 2465 401 2497 Guischardus
415 2463 617 2502 (Memoires
629 2463 805 2496 militaires
815 2475 871 2496 sur

172 2511 223 2541 les
252 2509 355 2540 Grecs
385 2511 419 2538 et
448 2508 499 2539 les
526 2507 693 2539 Romains
717 2509 759 2539 T.
785 2513 816 2539 2.
835 2520 870 2550 p.

173 2553 266 2592 244),
317 2550 444 2593 aliique
497 2552 607 2593 plures
657 2558 869 2583 monuerunt.

170 2597 307 2628 Tractat
329 2601 442 2627 autem
468 2595 698 2627 Guischardus
714 2596 776 2628 illo
792 2596 868 2627 loco

169 2640 363 2672 universum
406 2640 468 2671 hoc
509 2639 635 2671 bellum
672 2639 869 2672 Africanum

171 2683 361 2725 permultis:
397 2684 579 2724 repetenda
608 2683 727 2725 partim
757 2693 868 2716 narra-

172 2728 264 2759 tione
280 2727 452 2768 scriptoris
467 2727 583 2766 nostri,
598 2727 716 2769 partim
733 2727 780 2759 ita
794 2738 868 2759 om-

172 2772 271 2803 nibus
283 2770 518 2802 examinandis
529 2782 567 2803 ac
583 2771 818 2813 dijudicandis,
833 2777 869 2803 ut

172 2815 346 2856 prudentia
369 2814 513 2846 Caesaris
537 2822 570 2846 et
598 2815 778 2847 dexteritas
808 2817 867 2847 ad-

172 2865 297 2899 pareat,
310 2863 406 2898 atque
424 2859 579 2898 pluribus
588 2860 691 2891 ctiam
706 2859 791 2894 locis
803 2860 866 2894 liu-

167 2903 222 2945 jus
236 2901 314 2935 libri
334 2901 390 2934 lux
404 2903 616 2937 adfundatur.
639 2905 689 2937 M.

937 2420 1124 2454 Memoires
1139 2421 1300 2462 critiques
1315 2428 1348 2453 et
1364 2421 1571 2462 historiques
1581 2427 1637 2452 sut

936 2466 1102 2507 plusieurs
1141 2465 1255 2507 points
1291 2463 1505 2507 d’antiquites
1544 2463 1634 2496 mili-

935 2510 1048 2550 taires,
1074 2509 1224 2541 Berolini
1240 2508 1376 2549 emisso,
1404 2520 1439 2551 p.
1457 2509 1534 2540 387.
1548 2513 1633 2539 tern-

936 2565 1051 2595 porum
1075 2554 1197 2584 horum
1220 2553 1384 2585 rationem
1414 2562 1456 2585 ex
1482 2552 1633 2594 professo

932 2598 1095 2634 tractavit,
1107 2597 1166 2629 ubi
1180 2597 1281 2629 istum
1291 2598 1382 2629 diem
1394 2608 1428 2629 a.
1441 2597 1476 2629 d.
1493 2596 1634 2628 XIIII.

936 2643 1021 2673 Kal.
1051 2643 1131 2674 Jan.
1156 2642 1199 2672 ad
1229 2641 1431 2683 vigesimum
1451 2640 1634 2672 secundum

935 2685 1097 2717 Octobris
1125 2686 1238 2717 refert.
1285 2685 1436 2727 Respice
1459 2685 1502 2715 ad
1525 2683 1633 2714 Chro-

933 2729 1105 2772 nologiam
1127 2727 1314 2771 praefationi
1338 2732 1458 2762 nost'rae
1473 2727 1632 2769 subjunc-

934 2779 1014 2805 tam.

979 2818 1178 2860 Lilyboeum.
1227 2817 1339 2859 Vulgo
1357 2819 1393 2849 in
1414 2816 1454 2847 L.

979 2863 1126 2902 Equites.
1153 2861 1264 2902 Vulgo
1278 2864 1479 2903 equitesque.

983 2906 1051 2937 Vel.
1072 2906 1156 2948 legio
1177 2907 1306 2948 quinta.
1350 2905 1432 2936 Haec
1457 2900 1560 2945 legio.
1578 2902 1631 2943 ju·
