1946 3261
251 205 309 255 98
658 202 745 246 DE
778 200 983 246 BELLO
1016 200 1313 245 GALLICO.

244 331 352 376 mius
371 330 574 378 Atrebas,
596 327 652 371 de
669 343 757 386 quo
775 336 876 371 ante
893 327 1058 371 dictum
1081 337 1161 379 est,
1183 344 1323 371 secum
1342 333 1735 388 transportaverat,

244 390 434 449 legiones
474 387 516 429 in
558 386 650 429 acie
692 402 773 446 pro
808 387 957 430 castris
995 387 1231 431 constituit.
1297 388 1532 431 Commisso
1563 384 1735 446 proelio,

243 449 405 492 diutius
421 455 666 488 nostrorum
684 446 869 490 militum
884 447 1078 505 inpetum
1097 446 1239 490 hostes
1256 446 1371 490 ferre
1392 463 1476 490 non
1498 450 1737 506 potuerunt

243 524 292 550 ac
315 515 442 563 terga
458 512 704 548 verterunt.
759 506 878 556 Quos
899 514 1021 548 tanto
1041 507 1181 565 spatio
1200 507 1354 557 secuti,
1372 514 1586 565 quantum
1608 513 1738 548 cursu

242 573 286 608 et
317 563 482 608 viribus
511 564 682 607 efficere
718 573 976 623 potuerunt,
1011 566 1254 624 complures
1291 583 1343 609 ex
1380 567 1428 610 iis
1459 562 1736 612 occiderunt;

240 623 413 673 deinde,
455 623 652 667 omnibus
689 623 818 683 longe
854 625 1031 682 lateque
1072 624 1255 668 adflictis
1292 625 1572 684 incensisque,
1609 637 1653 666 se
1693 621 1738 664 in

239 691 382 726 castra
403 691 680 741 receperunt.

298 739 370 791 36.
405 740 572 784 Eodem
605 741 675 785 die
706 741 857 801 legati,
890 742 946 786 ab
976 741 1171 787 hostibus
1202 742 1313 786 missi
1349 742 1405 787 ad
1438 742 1651 786 Caesarem
1681 739 1737 782 de

240 815 364 859 pace,
387 809 617 844 venerunt.
684 801 765 844 His
788 802 933 845 Caesar
961 817 1184 845 numerum
1205 802 1422 852 obsidum,
1456 817 1587 860 quem
1609 807 1738 842 antea

237 860 549 920 imperaverat,
581 860 823 919 duplicavit
843 877 1000 920 eosque
1034 862 1076 904 in
1100 862 1392 905 continentem
1413 859 1570 903 adduci
1593 857 1737 918 jussit,

238 918 373 979 quod,
397 919 641 980 propinqua
661 919 730 963 die
753 920 1014 979 aequinoctii‚
1048 920 1224 964 infirmis
1247 921 1444 970 navibus,
1469 918 1598 962 hiemi
1620 916 1737 961 navi·

237 977 454 1038 gationem
475 978 785 1039 subjiciendam
808 995 891 1022 non
915 979 1202 1023 existimabat.
1267 980 1383 1040 Ipse,
1412 979 1608 1022 idoneam
1631 985 1737 1020 tem-

237 1045 453 1096 pestatem
483 1047 652 1088 nactus,
690 1039 839 1098 paullo
873 1048 969 1098 post
1001 1040 1182 1082 mediam
1216 1049 1385 1083 noctem
1425 1054 1554 1082 naves
1590 1035 1737 1086 solvit,

237 1112 335 1155 quae
351 1112 495 1139 omnes
514 1097 746 1140 incolumes
767 1097 821 1140 ad
839 1099 1132 1142 continentem
1154 1106 1472 1157 pervenerunt;
1504 1095 1579 1140 sed
1602 1111 1655 1138 ex
1674 1093 1738 1136 his

237 1155 446 1198 onerariae
467 1155 565 1199 duae
582 1155 769 1206 eosdem,
790 1173 899 1214 quos
918 1158 1112 1215 reliquae,
1136 1167 1289 1216 portus
1305 1174 1460 1218 capere
1481 1171 1565 1199 non
1586 1162 1739 1214 potue-

237 1223 342 1257 runt
363 1223 407 1257 et
431 1215 581 1273 paullo
602 1215 716 1258 infra
743 1215 898 1259 delatae
919 1225 1034 1259 sunt.

294 1274 367 1316 37.
403 1273 572 1323 Quibus
594 1291 646 1317 ex
667 1275 850 1318 navibus
871 1292 1005 1333 quum
1023 1285 1162 1319 essent
1185 1275 1368 1335 expositi
1390 1273 1548 1317 milites
1567 1271 1740 1316 circiter

240 1331 380 1382 CCC,
412 1341 547 1392 atque
568 1333 609 1375 in
632 1342 774 1376 castra
798 1334 1127 1384 contenderent,
1154 1334 1335 1384 Morini,
1368 1349 1477 1392 quos
1501 1333 1664 1381 Caesar,
1695 1330 1737 1372 in

238 1390 513 1433 Britanniam
545 1391 835 1450 proficiscens,
870 1401 1042 1450 pacatos
1074 1394 1331 1453 reliquerat,
1362 1408 1438 1459 spe
1480 1390 1636 1450 praedae
1665 1387 1738 1432 ad·

237 1448 374 1498 ducti,
410 1450 551 1508 primo
584 1466 667 1493 non
690 1450 750 1492 ita
770 1466 929 1509 magno
949 1468 1123 1494 suorum
1158 1468 1335 1496 numero
1357 1455 1742 1494 circumsteterunt

234 1523 300 1558 ac,
335 1508 368 1551 si
398 1525 487 1551 sese
519 1508 703 1552 interfici
735 1510 917 1560 nollent,
951 1527 1070 1553 arma
1117 1528 1261 1554 >onere
1288 1512 1523 1568 jusserunt.
1590 1508 1739 1558 Quum

233 1566 296 1610 illi
319 1567 424 1611 orbe
454 1568 568 1609 facto
597 1585 684 1610 sese
708 1567 1011 1618 defenderent,
1044 1528 1247 1612 celeriter
1277 1568 1332 1611 ad
1354 1568 1584 1610 clamorem
1605 1564 1740 1609 homi-

236 1640 341 1668 num
362 1625 535 1668 circiter
558 1627 675 1668 milia
699 1625 762 1667 VI
786 1635 1097 1669 convenerunt.
1164 1624 1261 1676 Qua
1286 1643 1332 1669 re
1355 1626 1571 1674 nunciata,
1596 1625 1741 1668 Caesar

235 1698 406 1727 omnem
428 1698 481 1724 ex
502 1684 651 1724 castris
672 1684 918 1739 equitatum
939 1685 1023 1726 suis
1044 1684 1203 1726 auxilio
1225 1685 1352 1726 misit.
1402 1683 1582 1726 Interim
1605 1682 1740 1726 nostri

233 1742 392 1785 milites
432 1740 629 1798 inpetum
662 1739 847 1782 hostium
885 1742 1184 1784 sustinuerunt
1226 1753 1360 1801 atque
1400 1742 1584 1800 amplius
1626 1741 1741 1784 horis

236 1809 427 1859 quatuor
446 1799 676 1842 fortissime
695 1809 1002 1857 pugnaverunt
1023 1810 1082 1850 et,
1104 1801 1248 1860 paucis
1266 1801 1519 1844 vulneribus
1535 1801 1739 1860 acceptis,

237 1859 481 1918 complures
519 1874 570 1900 ex
607 1857 656 1899 iis
691 1857 958 1900 occiderunt.
1026 1860 1181 1903 Postea
1213 1877 1317 1903 vero
1351 1876 1481 1919 quam
1521 1860 1740 1919 equitatus

236 1927 382 1962 noster
411 1917 452 1959 in
474 1924 751 1975 conspectum
774 1917 908 1967 venit,
941 1917 1083 1961 hostes
1104 1920 1281 1978 abjectis
1302 1919 1430 1962 armis
1452 1928 1577 1978 terga
1598 1926 1739 1963 verte·

239 1984 344 2021 runt
365 1991 636 2035 magnusque
657 1991 804 2018 eorum
829 1992 1031 2020 numerus
1053 1987 1115 2020 est
1137 1979 1311 2022 occisus.

298 2036 370 2078 38.
418 2035 563 2078 Caesar
602 2043 777 2093 postero
818 2034 888 2077 die
925 2036 978 2078 T.
1020 2036 1256 2080 Labienum
1299 2038 1513 2095 Legatum
1552 2051 1649 2079 cum
1693 2035 1741 2078 iis

238 2094 499 2154 legionibus,
534 2110 640 2151 quas
662 2110 713 2136 ex
737 2094 962 2137 Britannia
984 2096 1234 2144 reduxerat,
1269 2097 1309 2139 in
1337 2097 1549 2143 Morinos,
1576 2094 1651 2154 qui
1673 2110 1737 2138 re-

240 2153 473 2198 bellionem
516 2153 725 2202 fecerant,
769 2152 896 2196 misit.
984 2155 1069 2204 Qui
1110 2173 1246 2213 quum
1298 2167 1482 2215 propter
1527 2155 1739 2198 siccitates

241 2211 468 2273 paludum,
500 2227 586 2268 quo
609 2229 651 2254 se
675 2212 936 2270 reciperent,
970 2229 1052 2256 non
1077 2213 1302 2264 haberent,
1335 2231 1422 2272 quo
1447 2212 1650 2272 perfugio
1673 2229 1740 2256 su-

241 2271 413 2331 periore
443 2285 554 2312 anno
586 2271 761 2312 fuerant
792 2271 870 2319 usi,
905 2288 1049 2315 omnes
1080 2273 1171 2316 fere
1201 2275 1242 2316 in
1266 2281 1526 2332 potestatem
1560 2270 1741 2314 Labieni

241 2338 471 2375 venerunt.
536 2330 598 2372 At
623 2330 677 2379 Q.
699 2329 894 2373 Titurius
915 2341 959 2374 et
984 2332 1033 2374 L.
1056 2333 1205 2383 Cotta,
1231 2332 1401 2392 Legati,
1425 2331 1499 2390 qui
1522 2331 1563 2373 in
1588 2331 1739 2373 Mena-

242 2494 248 2498 ’
291 2497 430 2529 Dictum
460 2497 519 2526 est.
558 2492 626 2524 vid.
660 2501 735 2533 cap.
766 2493 803 2522 21
841 2500 874 2524 et
902 2496 955 2526 97.
1072 2497 1191 2527 Hiemi
1237 2505 1317 2526 nar.
1367 2495 1629 2534 snbjicimdam.
1674 2494 1735 2527 alii

246 2542 297 2574 M.
1024 2541 1143 2572 hiemi<
1161 2550 1239 2570 nar.
1255 2540 1479 2571 subeundam.

293 2584 384 2627 Adfl.
399 2585 465 2614 im.
508 2582 574 2613 Pro
592 2579 645 2611 his
660 2581 764 2621 vulgo
781 2580 959 2621 legebatur
1072 2584 1138 2614 Sml
1153 2594 1195 2623 ρι’
1213 2585 1274 2616 hie,
1291 2592 1355 2615 etc.
1397 2583 1601 2615 Particulam
1617 2584 1733 2616 adver-

245 2630 394 2670 aedrficiis
418 2628 571 2659 incensis,
598 2630 633 2656 ut
660 2630 693 2655 et
722 2624 837 2665 plures
862 2625 957 2656 MSS.
1024 2627 1167 2659 sativam
1187 2628 1289 2658 Aldus
1306 2635 1337 2659 et
1355 2638 1516 2670 sequaces
1532 2634 1609 2670 post
1621 2633 1738 2670 potue-

248 2680 347 2714 atque
359 2672 416 2703 Gr.
430 2668 792 2711 metaphr.exhibent:
817 2670 873 2699 sed
887 2670 956 2710 jam
1025 2678 1104 2704 runt
1123 2672 1287 2703 locavere.

246 2715 413 2750 cellarius
428 2712 790 2751 monuit‚Gronovium
809 2712 955 2745 observ.
1072 2717 1156 2746 Orlw
1174 2717 1276 2756 sacto.
1323 2716 1375 2748 Cf.
1401 2720 1434 2755 5,
1461 2718 1514 2747 33.
1539 2721 1572 2747 et
1599 2714 1734 2746 Sallust.

248 2763 280 2794 4.
299 2763 327 2792 8.
356 2771 374 2791 e
401 2759 476 2790 cod.
502 2757 636 2789 Andiuo
666 2757 866 2794 restituisse,
895 2758 957 2788 ml-
1027 2760 1107 2801 Jug.
1127 2761 1181 2790 97.

238 2806 346 2847 flictis
376 2803 595 2844 incensisque,
624 2801 716 2842 quod
746 2799 856 2842 ipsum
887 2800 957 2831 Ou-
1073 2805 1221 2845 Amplius
1237 2805 1337 2835 horis.
1352 2803 1412 2836 alii
1425 2806 1536 2842 horas,
1549 2801 1733 2835 subaudito

247 2848 348 2880 dend.
375 2847 408 2877 in
433 2846 545 2878 Oxon.
569 2845 642 2877 MS.
670 2855 844 2876 occurrere
860 2844 957 2876 dixit.
1026 2858 1145 2890 quam.
1162 2854 1198 2878 ut
1217 2851 1248 2887 5,
1266 2851 1319 2880 53.

246 2893 298 2924 Ill.
323 2889 486 2922 Rectlora
502 2890 557 2922 dat
574 2890 597 2920 1.
609 2889 649 2920 C.
661 2890 703 2920 H.
719 2888 779 2931 qul
791 2889 839 2920 slc
855 2889 955 2931 legit:
1072 2893 1142 2926 Qut)
1157 2891 1243 2933 Jwrjf.
1254 2909 1298 2915 —-
1314 2896 1485 2924 renerum.
1531 2891 1625 2923 Adeo
1642 2890 1732 2923 mul·

247 2935 437 2967 hominibus
463 2935 561 2973 Ionae
581 2934 713 2974 lateque
739 2934 887 2975 adflictis
904 2936 956 2965 in-
1024 2934 1133 2977 tiplex·
1160 2942 1208 2966 est
1235 2936 1265 2976 in
1289 2937 1388 2968 codd.
1404 2934 1508 2967 lectio
1533 2935 1633 2967 hu‘us
1650 2933 1732 2974 loci,

245 2980 416 3021 censisque
431 2977 589 3018 aedtficiis.
605 2977 675 3010 sere
691 2982 728 3009 ut
745 2982 776 3015 5,
796 2979 845 3011 19.
1023 2985 1060 3011 ut
1083 2979 1350 3023 Oudendorpius
1372 2979 1529 3020 fateatur,
1549 2979 1577 3013 si
1605 2979 1616 3014 i
1633 2980 1676 3013 de
1691 2989 1734 3015 e·
