1946 3261
620 268 737 314 LIB.
801 272 940 316 CAP.
974 271 1160 315 65-69.
1544 260 1631 311 517'

147 393 247 461 olei,
277 395 380 447 vini,
401 395 473 440 fici
494 411 687 449 numero,
709 415 848 458 pauco
870 398 1020 448 tritici,
1042 408 1176 456 atque
1197 405 1394 442 recreato
1415 395 1629 446 exercitu,

145 453 260 496 red1t
294 454 337 497 in
374 467 530 499 castra.
592 458 740 516 Scipio
772 457 962 508 interim,
999 458 1176 515 cognito
1210 456 1392 500 Caesaris
1424 455 1629 506 discessu,

147 527 246 554 cum
273 513 481 558 universis
516 516 650 573 copiis
689 533 767 574 per
799 517 956 575 jugum
998 515 1212 559 Caesarem
1251 515 1456 573 subsequi
1496 514 1631 574 coepit

145 578 279 637 atque
300 573 357 615 ab
377 574 467 631 ejus
487 574 635 617 castris
654 575 771 617 milia
803 590 1003 633 passuum
1039 590 1112 616 sex
1144 574 1289 633 longe,
1324 574 1449 618 trinis
1479 572 1631 617 castris

145 627 384 687 dlspartitis
405 632 556 689 copiis,
579 633 786 676 consedit.

206 689 276 730 68.
312 689 540 748 Oppidum
560 701 654 733 erat
689 692 814 742 Zeta,
847 691 968 750 quod
999 690 1154 734 aberat
1184 689 1243 732 ab
1279 689 1484 747 Scipione
1511 689 1633 734 milia

142 762 349 847 passuum
368 749 534 799 decem,
557 748 614 792 ad
633 750 723 808 ejus
743 750 964 809 regionem
990 758 1035 793 et
1068 757 1240 809 partem
1270 756 1510 791 castrorum
1530 764 1632 793 con-

162 813 350 857 ocatum,
369 822 395 849 a
414 808 583 851 Caesare
601 818 748 852 autem
766 809 988 852 diversum
1004 825 1053 852 ac
1074 816 1307 858 remotum,
1324 806 1446 865 quod
1461 814 1558 850 erat
1572 807 1634 851 ab

143 880 195 907 eo
218 864 346 923 longe
373 866 492 909 milia
514 884 716 926 passuum
745 868 921 912 XVIII.
986 868 1088 911 Huc
1124 866 1272 925 Scipio
1302 866 1494 925 legiones
1523 865 1633 909 duas

143 922 437 967 frumentandi
456 927 599 983 gratia
619 928 748 970 misit.
814 926 943 978 Quod
961 935 1195 986 postquam
1214 926 1358 968 Caesar
1374 941 1427 968 ex
1442 925 1632 984 perfuga

145 983 367 1040 cognovit,
391 985 540 1027 castris
557 1002 610 1028 ex
631 1002 782 1045 campo
803 987 847 1029 in
876 986 1030 1029 collem
1063 1002 1113 1028 ac
1149 985 1316 1037 tutiora
1352 984 1449 1027 loca
1485 984 1632 1027 conlo-

143 1041 266 1090 catis,
295 1049 427 1098 atque
450 1043 510 1084 ibi
534 1045 732 1100 praesidio
752 1045 923 1093 relicto,
955 1046 1045 1101 ipse
1068 1052 1227 1099 quarta
1247 1043 1397 1100 vigilia
1417 1059 1629 1101 egressus,

143 1108 306 1158 praeter
338 1100 527 1142 hostium
563 1109 705 1143 castra
739 1101 1030 1159 proficiscitur
1060 1116 1160 1142 cum
1192 1101 1327 1157 copiis
1347 1109 1392 1143 et
1413 1100 1631 1166 oppidum

143 1158 330 1216 potitur.
394 1158 605 1217 Legiones
639 1160 855 1218 Scipionis
889 1159 1104 1216 comperit
1135 1158 1307 1215 longius
1338 1159 1381 1200 in
1401 1174 1517 1216 agris
1538 1159 1632 1201 fru-

144 1218 326 1260 mentari
361 1226 422 1267 et,
459 1234 597 1276 quum
628 1235 680 1262 eo
721 1218 980 1260 contendere
1016 1225 1264 1266 conaretur,
1302 1216 1632 1267 animadvertit,

144 1275 288 1334 copias
307 1275 496 1318 hostium
518 1277 567 1319 iis
588 1277 628 1320 le
665 1277 833 1320 ionibus
862 1292 1093 1319 occurrere
1127 1275 1365 1333 subpetiaS.
1430 1275 1539 1324 Quae
1563 1291 1632 1319 res

145 1336 237 1392 ejus
272 1335 471 1393 inpetum
503 1294 757 1378 retal-gavit.
821 1336 993 1393 Itaque,
1034 1344 1162 1392 capto
1187 1334 1240 1376 C.
1268 1333 1418 1376 Mutio
1440 1333 1631 1391 Regino,

146 1393 310 1450 Equite
342 1394 556 1445 Romano,
591 1394 868 1452 Scipionibus
900 1393 1245 1443 familiarissimo,
1277 1392 1355 1451 qui
1387 1393 1426 1434 ei
1466 1392 1633 1451 oppido

148 1461 350 1510 praeerat,
396 1462 440 1495 et
481 1453 531 1495 P.
567 1454 713 1502 Atrio,
757 1452 920 1510 Equite
952 1452 1150 1495 Romano
1179 1452 1232 1494 de
1270 1459 1487 1494 conventu
1531 1452 1634 1495 Uti-

148 1511 278 1562 censi,
310 1521 354 1554 et
384 1512 555 1554 camelis
577 1511 749 1555 duobus
771 1520 815 1553 et.
838 1511 993 1569 viginti
1016 1511 1150 1569 Regis
1182 1510 1399 1560 adductis,
1431 1509 1632 1568 praesidio

146 1569 208 1612 ibi
239 1586 337 1614 cum
373 1570 522 1629 Oppio
556 1571 725 1630 Legato
755 1570 924 1620 relicto,
968 1571 1061 1630 ipse
1103 1586 1146 1612 se
1183 1570 1377 1628 recipere
1408 1569 1542 1626 coepit
1572 1569 1630 1612 ad

147 1636 302 1671 castra.

207 1687 276 1731 69.
312 1687 460 1737 Quum
475 1687 566 1747 jam
586 1702 672 1731 non
693 1688 822 1747 longe
843 1704 868 1731 a
895 1687 1048 1731 castris
1076 1686 1289 1745 Scipionis
1320 1685 1504 1735 abesset,
1535 1702 1636 1744 quae

148 1763 248 1790 eum
269 1762 438 1789 necesse
469 1757 563 1790 erat
596 1747 902 1806 praetergredi,
943 1746 1160 1789 Labienus
1190 1745 1502 1802 Afraniusque‚
1533 1761 1636 1788 cum

146 1806 264 1849 omni
301 1805 504 1863 equitatu
543 1805 716 1865 levique
748 1816 974 1850 armatura
1001 1822 1053 1848 ex
1087 1803 1248 1847 insidiis
1280 1804 1442 1854 adorti,
1473 1803 1637 1861 agmini

144 1865 235 1923 ejus
256 1873 448 1908 extremo
469 1882 513 1907 se
535 1866 759 1916 obferunt,
792 1874 926 1924 atque
958 1881 1010 1908 ex
1031 1864 1214 1907 collibus
1235 1863 1384 1921 primis
1405 1863 1634 1908 exsistunt.

148 1923 277 1976 Quod
298 1932 531 1982 postquam
555 1925 700 1968 Caesar
734 1924 1061 1974 animadvertit,
1093 1922 1314 1980 equitibus
1340 1921 1425 1964 suis
1445 1920 1638 1965 hostium

147 1983 193 2026 vi
225 1983 453 2041 obpositis,
489 1984 675 2027 sarcinas
708 1983 966 2042 legionarios
984 1983 1027 2026 in
1049 1996 1256 2025 acervum
1277 1980 1407 2038 jubet
1435 1994 1637 2039 compor-

199 2138 314 2170 Pauco
338 2139 451 2169 imici.
492 2137 645 2168 Insolens
670 2134 749 2166 hoc.
773 2134 857 2166 Cod.

153 2182 257 2214 Dorv.
275 2181 378 2213 habet
390 2192 528 2223 parum,
542 2180 640 2211 Leid.
662 2182 689 2210 l.
702 2190 821 2221 parto.

196 2227 300 2258 Milia
310 2236 475 2268 passuum
497 2235 565 2256 sex.
606 2223 761 2255 Jurinius
786 2224 860 2255 vult

150 2276 218 2303 octo
236 2269 281 2301 ob
297 2281 349 2309 ea,
369 2280 445 2311 quae
472 2268 627 2310 sequenti
657 2267 770 2309 capite
794 2274 859 2299 tra-

95 2332 97 2334 ·
153 2316 298 2354 duntur;
329 2325 446 2345 verum
470 2324 538 2345 non
562 2313 607 2345 ita
629 2312 771 2354 praecise
796 2311 860 2343 ista

151 2358 338 2390 definienda
353 2363 442 2390 sunt.

200 2403 252 2434 Ad
282 2405 354 2443 ejus
389 2405 562 2443 reqionem
582 2401 859 2433 —conlocatum

156 2447 238 2478 Haec
263 2445 350 2477 mihi
374 2456 443 2478 non
470 2451 546 2477 sunt
562 2445 643 2477 satis
659 2445 861 2487 perspicua3

158 2496 241 2532 puto
268 2495 380 2522 tamen
407 2491 586 2522 commode
611 2500 706 2521 versa
728 2500 801 2520 esse
826 2488 859 2520 in

154 2535 276 2566 itinere
297 2534 479 2566 Shawiano
503 2535 544 2565 T.
574 2536 603 2566 1.
630 2545 665 2575 p.
690 2535 767 2565 265.
790 2534 859 2572 (ed.

155 2579 257 2621 Angl.
273 2590 307 2620 p.
321 2579 411 2618 116.)
428 2580 509 2611 Zeta
525 2578 598 2610 ὅίοἱί
608 2580 712 2610 silure
722 2577 798 2619 prbs
813 2578 860 2608 clu

153 2626 321 2655 territoire
350 2623 391 2654 de
423 2624 569 2664 Scipion,
596 2628 625 2654 et
646 2621 722 2664 pres
747 2622 787 2652 tle
809 2622 861 2652 la-

155 2669 263 2710 quelle
283 2669 309 2698 il
334 2677 356 2708 y
380 2669 469 2699 auoit
491 2676 540 2698 un
560 2676 654 2708 corps
668 2667 708 2698 de
722 2676 781 2697 son
802 2676 860 2696 ar-

156 2710 241 2744 mffe.
265 2711 317 2743 M.
347 2710 479 2742 Nomen
494 2720 514 2741 a
528 2712 625 2748 zeith,
640 2709 744 2747 oliva,
762 2708 860 2749 quasi

154 2755 335 2794 olivetum,
372 2755 555 2786 derivatur.
611 2753 665 2785 Cf.
702 2753 861 2785 Bochart.

156 2800 182 2830 l.
200 2810 233 2831 c.
249 2800 291 2831 ad
307 2810 339 2831 c.
357 2801 410 2830 62.
426 2804 458 2830 et
473 2809 574 2840 supra
590 2798 745 2829 c.50.1n
761 2798 860 2828 codd.

155 2845 262 2877 Zetta.

205 2890 400 2920 Οοηίοεαεὶε.
431 2886 576 2919 Rectius
587 2887 699 2918 forsan
712 2886 860 2924 cordatis,

157 2937 195 2963 ut
210 2933 265 2965 Al.
290 2934 344 2963 61.
361 2932 419 2965 ubi
445 2932 546 2964 codd.
570 2941 707 2973 quoque
734 2929 860 2962 habent

149 2979 336 3010 conlocata.

973 2133 1080 2166 Matio
1104 2133 1241 2175 Reqirzo.
1275 2131 1433 2164 Variatur
1456 2130 1515 2163 hic
1537 2129 1637 2164 mire.

927 2179 1067 2210 Mincio.
1083 2178 1228 2214 Minnio,
1254 2176 1378 2208 Ninnio
1393 2181 1461 2208 etc.
1496 2175 1639 2209 Rectius

927 2222 1041 2254 forsan
1078 2222 1214 2253 Mucius
1253 2220 1464 2252 scriberetur.
1512 2221 1638 2260 Reqim'

927 2265 1084 2297 meminit
1110 2264 1186 2296 Cic.
1217 2264 1260 2296 ad
1290 2265 1359 2295 Att.
1399 2265 1449 2302 10,
1468 2266 1520 2294 12.
1550 2263 1635 2296 alias

930 2311 1066 2342 Basilus
1098 2309 1154 2341 vel
1192 2309 1342 2341 Basillus
1378 2313 1530 2340 vocatur.
1564 2307 1636 2340 vid.

927 2353 1071 2386 Orosius
1087 2355 1186 2392 6,15.

974 2398 1146 2431 Atltlucte's.
1191 2397 1211 2428 J
1215 2395 1343 2428 urinius
1358 2395 1457 2428 malit
1472 2395 1635 2435 abductis,

926 2441 1024 2474 bene.

973 2487 1101 2519 Adorti.
1134 2485 1252 2518 Davis.
1272 2485 1423 2518 malebat
1437 2485 1553 2518 oborti.
1571 2483 1636 2515 Ju-

927 2530 1033 2563 rinius
1048 2533 1161 2563 coorti.
1177 2540 1245 2562 non
1261 2541 1359 2572 opus.

973 2577 1162 2608 Exsistunt.
1207 2574 1277 2608 Alii
1298 2579 1431 2607 exeunt.
1476 2571 1540 2604 Sed
1563 2571 1633 2604 vid.

926 2619 997 2652 Ind.

973 2664 1057 2696 Call.
1070 2665 1201 2706 primis.
1232 2663 1284 2694 An
1297 2660 1481 2704 proximis?
1513 2660 1566 2692 M.

973 2710 1146 2740 Sarcinas.
1203 2706 1359 2747 Intellige
1395 2714 1463 2736 non
1501 2703 1637 2746 inpedi-

928 2757 1049 2784 menta
1074 2751 1260 2792 legionum,
1287 2749 1414 2791 quibus
1438 2748 1471 2779 in
1497 2747 1559 2779 hac
1574 2759 1636 2780 ex-

928 2796 1101 2838 peditione
1117 2805 1183 2826 non
1199 2794 1265 2824 fuit
1280 2804 1381 2836 opus,
1404 2793 1462 2824 sed
1484 2791 1635 2825 sarcinas

928 2839 1086 2872 frumenti
1101 2845 1135 2870 et
1157 2837 1303 2870 aliorum
1318 2836 1540 2875 cibariorum,
1555 2836 1635 2878 qui-

926 2885 992 2917 bus
1008 2889 1078 2916 erat
1095 2883 1225 2925 potitus
1240 2883 1342 2914 Zetae.
1374 2881 1429 2913 Sic
1441 2880 1634 2916 Guischard

927 2927 1034 2961 Me'm.
1049 2927 1153 2960 milit.
1182 2926 1263 2959 Vol.
1279 2929 1311 2958 2.
1327 2937 1362 2970 p.
1378 2926 1455 2958 261.
