1946 3261
640 601 701 655 C.
738 601 775 655 J
784 601 939 656 ULII
979 601 1308 656 CAESARIS

480 750 539 812 F
579 749 647 812 R
689 749 761 811 A
801 749 868 813 G
906 749 992 811 M
1037 749 1101 812 E
1148 747 1220 812 N
1267 749 1326 811 '1¹
1369 747 1461 811 A.

239 1095 319 1138 EX
339 1095 543 1139 LIBRIS
565 1097 1020 1141 EPISTOLARUM
1042 1099 1127 1140 AD
1153 1098 1217 1140 M.
1234 1098 1286 1140 T.
1305 1098 1696 1146 CICERONEM.

433 1155 654 1198 CAESAR
685 1155 816 1199 IMP.
852 1157 897 1198 S.
935 1157 992 1199 D.
1029 1156 1333 1199 CICERONI
1367 1157 1496 1202 IMP.

245 1264 459 1340 QUUM
495 1281 705 1323 Furnium
738 1289 930 1324 nostrum
960 1290 1129 1324 tantum
1162 1282 1375 1333 vidissem,
1411 1299 1550 1342 neque
1580 1286 1703 1344 loqui

241 1351 381 1397 neque
416 1338 565 1381 audire
603 1355 668 1381 me
704 1340 922 1382 commode
961 1341 1183 1397 potuisset,
1233 1357 1368 1397 quum
1406 1358 1700 1402 properarem,

242 1403 373 1454 atque
394 1413 523 1439 essem
543 1397 584 1439 in
607 1397 771 1449 itinere,
806 1398 1025 1455 praemissis
1054 1399 1141 1456 jam
1171 1400 1438 1455 legionibus;
1484 1404 1703 1459 praeterire

241 1462 384 1497 tamen
403 1472 487 1498 non
507 1457 646 1513 potui,
666 1457 769 1512 quin
788 1467 830 1498 et
848 1457 1077 1500 scriberem
1096 1458 1149 1499 ad
1175 1466 1217 1499 te
1244 1465 1286 1499 et
1316 1457 1439 1500 illum
1469 1460 1701 1512 mitterem,

243 1513 486 1570 gratiasque
505 1529 689 1570 agerem.
712 1514 790 1556 etsi
812 1514 890 1557 hoc
917 1515 1102 1557 officium
1132 1524 1174 1556 et
1207 1515 1287 1556 feci
1317 1531 1446 1573 saepe,
1478 1526 1520 1560 et
1553 1520 1704 1577 saepius

242 1571 343 1613 mihi
362 1572 554 1614 facturus
574 1571 746 1615 videor:
781 1572 840 1614 ita
858 1573 912 1615 de
932 1589 997 1614 me
1016 1573 1201 1616 mereris.
1224 1573 1266 1615 in
1285 1574 1431 1630 primis
1457 1592 1482 1617 a
1509 1584 1551 1619 te
1584 1586 1702 1634 peto,

243 1630 446 1686 quoniam
464 1629 632 1672 confido
650 1646 716 1672 me
736 1631 932 1674 celeriter
952 1630 1007 1673 ad
1028 1631 1180 1674 urbem
1213 1640 1462 1682 venturum,
1494 1642 1542 1676 ut
1573 1644 1615 1678 te
1645 1636 1704 1679 ibi

241 1687 434 1736 videam;
466 1697 516 1729 ut
531 1697 609 1730 tuo
626 1689 818 1738 consilio,
836 1689 992 1746 gratia,
1012 1689 1239 1746 dignitate,
1257 1705 1338 1746 ope
1355 1691 1543 1734 omnium
1562 1708 1706 1736 rerum

244 1746 309 1788 uti
330 1747 498 1803 possim.
563 1746 634 1788 Ad
652 1747 922 1804 propositum
950 1757 1167 1790 revertar:
1207 1747 1471 1791 festinationi
1489 1766 1590 1792 meae
1609 1751 1706 1794 bre-

242 1804 454 1860 vitatique
486 1805 733 1846 litterarum
764 1806 975 1863 ignosces:
1015 1806 1182 1863 reliqua
1208 1821 1261 1848 ex
1281 1806 1444 1850 Furnio
1463 1823 1702 1866 cognosces.

247 1862 505 1906 Vale—Ea:
528 1862 618 1906 Cic.
643 1863 700 1905 ad
721 1863 851 1907 Attzc.
874 1863 917 1913 9,
939 1863 979 1905 6.

492 1995 716 2038 CAESAR
748 1996 879 2039 IMP.
916 1997 1219 2040 CICERONI
1252 1997 1381 2042 IMP.
1417 2000 1463 2041 S.

248 2100 409 2141 RECTE
436 2097 662 2155 auguraris
693 2097 744 2140 de
774 2113 840 2139 me
869 2097 993 2151 (bene
1018 2099 1131 2140 enim
1151 2098 1231 2140 tibi
1250 2100 1446 2157 cognitus
1467 2104 1578 2158 sum)
1603 2102 1709 2147 nihil

247 2172 273 2197 a
290 2173 356 2198 me
384 2156 528 2198 abesse.
560 2155 729 2213 longius
763 2155 1034 2199 crudelitate.
1077 2166 1210 2213 atque
1248 2173 1330 2214 ego
1364 2174 1499 2215 quum
1530 2176 1582 2202 ex
1615 2161 1708 2219 ipsa

247 2230 294 2256 re
311 2229 509 2272 magnam
539 2214 663 2271 capio
695 2213 985 2270 voluptatem,
1019 2223 1127 2265 tum,
1158 2231 1300 2257 meum
1334 2215 1498 2259 factum
1530 2219 1708 2276 probari

247 2273 322 2314 abs
342 2281 400 2322 te,
423 2273 644 2329 triumpho
662 2271 843 2329 gaudio:
878 2288 1015 2329 neque
1034 2273 1144 2314 illud
1162 2289 1229 2315 me
1247 2282 1407 2324 movet,
1428 2277 1544 2332 quod
1565 2277 1609 2327 ii,
1630 2279 1707 2334 qui

248 2346 272 2372 a
291 2347 357 2372 me
377 2331 534 2373 dimissi
551 2338 667 2379 sunt,
686 2331 915 2372 discessisse
934 2331 1156 2382 dicuntur,
1181 2339 1232 2373 ut
1249 2331 1352 2373 mihi
1372 2349 1519 2375 rursus
1542 2335 1707 2378 bellum

248 2388 470 2432 inferrent.
488 2388 593 2431 nihil
605 2389 715 2430 enim
727 2389 858 2439 malo,
873 2404 1002 2445 quam
1015 2398 1060 2432 et
1076 2405 1142 2431 me
1154 2389 1235 2431 mei
1248 2390 1425 2433 similem
1437 2408 1538 2441 esse,
1554 2401 1599 2434 et
1614 2393 1708 2436 illos

248 2446 325 2487 sui.
387 2447 456 2488 Tu
488 2447 615 2489 velim
648 2446 750 2488 mihi
779 2447 833 2489 ad
866 2447 1018 2489 urbem
1049 2455 1204 2504 praesto
1235 2448 1304 2498 sis,
1336 2457 1388 2490 ut
1423 2450 1506 2492 tuis
1527 2452 1709 2494 consiliis

248 2512 381 2561 atque
403 2505 575 2561 opibus,
593 2513 644 2546 ut
655 2505 870 2553 consuevi,
894 2505 936 2547 in
955 2507 1150 2548 omnibus
1170 2506 1299 2548 rebus
1317 2515 1429 2550 utar.
1477 2508 1710 2552 Dolabella

252 2570 328 2603 tuo
348 2562 451 2604 nihil
469 2563 573 2604 mihi
590 2563 698 2605 scito
717 2579 801 2604 esse
815 2562 1063 2620 jucundius,
1092 2563 1199 2606 hanc
1228 2565 1333 2607 adeo
1364 2565 1502 2607 habeo
1527 2568 1709 2623 gratiam

250 2619 313 2662 illi
331 2635 339 2661 :
373 2636 511 2678 neque
531 2620 642 2663 enim
660 2620 787 2662 aliter
807 2622 946 2663 facere
967 2622 1126 2679 potuit.
1150 2630 1273 2664 tanta
1293 2624 1382 2679 ejus
1401 2622 1655 2676 humanitas,
1676 2626 1710 2668 is

251 2693 408 2778 ξθῃῗιέε,
436 2694 484 2721 ea
516 2678 559 2722 in
585 2694 653 2721 me
676 2686 740 2721 est
758 2678 1061 2723 benivolentia.
1107 2680 1366 2723 Valeff-Eoe
1388 2679 1474 2723 Cic.
1497 2681 1554 2724 ad
1573 2683 1707 2727 Attio.

255 2768 262 2775 .
284 2767 295 2786 ‚
377 2770 385 2779 .

363 2835 562 2913 dRKpteritfflss
573 2840 606 2912 e4t
620 2836 711 2878 apud
727 2834 797 2869 Jul.
811 2836 946 2870 Celsum
961 2848 994 2881 p.
1013 2839 1086 2871 186.
1132 2838 1237 2871 Porro
1255 2838 1298 2872 cr.
1314 2839 1353 2872 C.
1373 2841 1402 2879 1,
1425 2842 1480 2880 23,
1505 2842 1558 2874 84.
1582 2849 1617 2875 et
1637 2842 1710 2877 Cic.

340 2890 359 2912 a
428 2886 498 2913 tt1c.
557 2902 567 2918 ,
605 2902 613 2912 .
