1946 3261
661 201 780 245 LIB.
840 201 979 246 CAP.
1003 202 1193 251 28—30.
1608 203 1692 248 441

283 326 367 370 29.>
388 326 508 371 Inter
537 336 677 372 castra
698 329 833 387 Regis
853 337 898 372 et
921 330 1100 373 Caesaris
1119 330 1202 373 iter
1222 329 1380 374 flumen
1401 328 1699 373 intercedebat

224 394 473 442 angustum,
502 387 715 431 altissimis
747 388 867 446 ripiS‚
901 388 1020 446 quod
1039 388 1083 430 in
1106 389 1259 431 Nilum
1281 389 1514 438 influebat;
1544 389 1698 432 aberat

224 452 369 487 autem
391 444 449 487 ab
470 446 603 504 Regis
622 447 772 490 castris
799 447 916 489 milia
942 462 1144 505 passuum
1163 447 1333 490 circiter
1361 456 1539 507 septem.
1600 446 1699 494 Rex

225 518 360 560 quum
389 503 470 547 hoc
501 504 654 547 itinere
689 506 834 548 venire
873 506 1413 562 Caesarem=comperisset‚
1452 507 1700 563 equitatum

226 577 393 604 omnem
414 562 723 620 expeditosque
744 564 932 607 delectos
950 563 1116 622 pedites
1136 563 1192 606 ad
1220 563 1265 605 id
1285 563 1442 607 flumen
1461 565 1592 614 misit,
1621 563 1699 622 qui

226 621 412 663 transitu
443 622 654 663 Caesarem
690 621 973 679 prohiberent
999 630 1044 664 et
1079 622 1242 664 eminus
1274 638 1326 664 ex
1354 623 1460 680 ripis
1494 623 1700 680 proelium

228 678 352 737 inpar
373 679 556 721 inirent:
605 679 774 722 nullum
799 684 911 723 enim
932 697 1177 740 processum
1213 680 1352 722 virtus
1384 680 1588 730 habebat,
1621 688 1700 724 aut

225 737 469 794 periculum
498 738 668 795 ignavia
697 738 889 782 subibat.
954 740 1061 789 Quae
1081 756 1147 782 res
1164 738 1357 781 incendit
1376 738 1524 781 dolore
1542 739 1700 782 milites

226 794 480 853 equitesque
501 805 684 847 nostros,
707 798 825 854 quod
849 807 937 840 tam
967 798 1043 840 diu
1074 798 1169 855 pari
1199 797 1352 855 proelio
1383 813 1482 839 cum
1513 797 1700 840 Alexan-

223 853 356 896 drinis
378 863 631 898 certaretur.
695 855 851 914 Itaque
871 857 1020 900 eodem
1049 865 1245 914 tempore
1272 856 1439 913 equites
1475 856 1699 906 Germani,

224 912 404 971 dispersi
426 914 535 956 vada
555 914 739 957 fluminis
767 925 1021 972 quaerentes,
1056 915 1216 973 partim
1248 914 1572 957 demissioribus
1593 913 1701 972 ripis

225 970 381 1014 flumen
411 979 716 1025 transnarunt;
748 982 791 1015 et
825 973 1064 1031 legionarii,
1096 974 1261 1032 magnis
1281 973 1510 1016 arboribus
1536 973 1701 1023 excisis,

224 1045 320 1087 quae
341 1030 613 1088 longitudine
635 1041 866 1090 utramque
883 1033 1022 1091 ripam
1043 1032 1360 1089 contingerent,
1393 1031 1613 1091 projectis,
1635 1047 1702 1074 re-

223 1088 490 1146 pentinoque
511 1106 673 1148 aggere
692 1091 866 1148 injecto,
898 1092 1057 1134 flumen
1078 1092 1356 1134 transierunt.
1421 1091 1619 1140 Quorum
1641 1090 1704 1133 in-

224 1155 374 1203 petum
394 1148 499 1192 adeo
522 1150 845 1207 pertimuerunt
864 1150 1019 1200 hostes,
1043 1159 1093 1192 ut
1113 1150 1156 1192 in
1178 1151 1284 1209 fuga
1303 1167 1423 1209 spem
1439 1149 1589 1192 salutis
1604 1164 1705 1193 con-

227 1205 443 1252 locarent:
468 1209 542 1251 sed
563 1209 606 1251 id
628 1209 815 1257 frustra;
847 1225 1032 1267 namque
1056 1225 1109 1251 ex
1129 1225 1178 1251 ea
1199 1209 1294 1267 fugi
1317 1209 1441 1266 pauci
1457 1208 1511 1251 ad
1535 1207 1704 1267 Regem

228 1264 500 1321 refugerunt,
524 1283 642 1324 paene
665 1268 778 1310 omni
799 1268 968 1324 reliqua
989 1267 1270 1310 multitudine
1292 1268 1534 1310 interfecta.

284 1323 355 1366 30.
391 1325 549 1374 Caesar,
573 1342 617 1367 re
639 1326 963 1384 praeclarissime
997 1335 1134 1384 gesta,
1162 1343 1299 1383 quum
1326 1326 1518 1369 subitum
1548 1326 1704 1369 adven-

227 1389 319 1424 tum
347 1399 473 1426 suum
497 1384 712 1441 judicaret
744 1400 949 1442 magnum
987 1394 1199 1428 terrorem
1236 1385 1537 1427 Alexandrinis
1578 1385 1706 1442 injec-

227 1448 392 1491 turum,
416 1443 614 1500 protinus
631 1444 772 1486 victor
793 1444 846 1485 ad
863 1451 1001 1485 castra
1019 1443 1152 1497 Regis
1165 1443 1399 1500 pertendit.
1447 1443 1554 1485 Haec
1569 1458 1706 1500 quum

227 1507 271 1540 et.
309 1516 441 1559 opere
469 1517 626 1559 magno
659 1502 834 1551 vallata,
864 1511 907 1543 et
944 1501 1026 1543 loci
1058 1498 1215 1543 natura
1244 1501 1411 1543 munita
1437 1500 1704 1551 adverteret,

227 1568 552 1616 consertamque
582 1570 849 1603 armatorum
881 1560 1204 1602 multitudinem
1231 1560 1499 1602 conlocatam
1528 1560 1572 1602 in
1592 1559 1708 1602 valla

227 1617 413 1667 videret,
441 1618 569 1661 lassos
597 1619 751 1661 itinere
787 1635 835 1660 ac
869 1617 1114 1676 proeliando
1141 1618 1299 1660 milites
1331 1618 1384 1660 ad
1413 1618 1708 1676 obpugnanda

228 1685 370 1718 castra
389 1677 614 1719 succedere
635 1677 790 1719 noluit.
836 1677 1008 1734 Itaque,
1028 1691 1113 1718 non
1127 1691 1283 1734 magno
1305 1675 1537 1719 intervallo
1555 1675 1708 1719 relicto

227 1733 284 1777 ab
304 1734 439 1785 hoste,
462 1746 601 1778 castra
623 1736 779 1793 posuit.
847 1736 1025 1778 Postero
1045 1735 1113 1777 die
1143 1735 1383 1784 castellum,
1406 1733 1527 1791 quod
1551 1734 1646 1777 Rex
1665 1735 1708 1778 in

229 1793 428 1850 proximo
451 1794 545 1837 vico
568 1809 653 1837 non
678 1795 805 1853 longe
828 1810 852 1836 a
871 1795 957 1836 suis
987 1794 1135 1836 castris
1165 1794 1406 1836 muniverat
1437 1792 1709 1852 brachiisque

230 1867 329 1894 cum
367 1869 498 1910 opere
539 1861 778 1896 castrorum
820 1853 1117 1911 conjunxerat,
1155 1852 1237 1895 vici
1279 1852 1502 1895 obtinendi
1546 1868 1708 1902 caussa,

233 1910 375 1953 Caesar
395 1911 622 1970 adgressus
644 1913 841 1955 omnibus
863 1912 998 1968 copiis
1017 1920 1256 1970 expugnat,
1279 1926 1362 1954 non
1384 1927 1472 1968 quo
1494 1911 1536 1952 id
1554 1911 1710 1954 minori

232 1984 413 2013 numero
440 1971 629 2013 militum
656 1971 858 2030 consequi
890 1970 1064 2013 difficile
1086 1971 1204 2012 factu
1226 1979 1434 2028 putaret;
1477 1968 1550 2011 sed
1579 1978 1630 2012 ut
1650 1970 1708 2012 ab

231 2026 290 2071 ea'
312 2029 510 2078 victoria,
541 2030 786 2087 perterritis
820 2029 1138 2078 Alexandrinis,
1173 2028 1373 2087 protinus
1403 2036 1542 2070 castra
1575 2027 1709 2086 Regis

235 2158 328 2191 illius
342 2158 538 2190 excelsioris
560 2158 658 2198 loci),
679 2164 715 2190 ut
730 2159 815 2190 adeo
830 2169 934 2200 cape-

234 2209 284 2234 ret
316 2208 442 2244 partem
472 2208 670 2241 castrorum,
708 2209 744 2233 ut
779 2202 828 2233 ibi
860 2214 932 2234 esse

234 2253 349 2288 posset
374 2257 449 2288 pars
471 2253 666 2278 castrorum.
711 2247 754 2278 Et
779 2256 854 2287 cap.
880 2249 934 2278 30.

235 2292 270 2322 31
299 2296 482 2322 castrorum
510 2301 586 2332 pars
610 2290 790 2332 aliquoties
816 2290 938 2322 dicitur

234 2334 268 2365 in
291 2346 421 2366 summo
447 2335 525 2366 loco
552 2335 662 2366 fuisse.
710 2335 863 2367 Fortasse
881 2334 936 2366 hie

235 2385 284 2410 est
300 2389 430 2417 sensus3
460 2380 517 2410 sed
532 2380 612 2410 nolo
627 2379 816 2410 defendere.
870 2379 933 2409 Ad·

235 2423 384 2455 scribam
396 2422 536 2454 alteram
551 2423 748 2462 lectionem,
762 2422 789 2455 si
805 2422 882 2464 quis
896 2433 937 2454 ea

233 2473 408 2498 moneatur
417 2468 458 2498 ad
473 2468 687 2509 quaerendum
702 2480 708 2498 :
728 2469 787 2500 alt.
802 2468 854 2499 ed.
867 2467 935 2498 loco

237 2512 374 2542 ductum
387 2513 422 2542 in
433 2517 528 2553 parte
541 2517 638 2543 castr.
654 2512 827 2544 obtinebat.
859 2511 937 2542 For-

235 2559 322 2586 tasse
351 2561 467 2586 auctor
497 2555 662 2596 potuisset
688 2555 855 2587 scribere:
885 2556 937 2586 al-

233 2603 342 2630 terum
368 2600 546 2631 editissimo
574 2601 640 2632 loco
672 2604 780 2631 lutam
803 2604 936 2641 panem

232 2649 418 2675 castrorum
431 2644 608 2676 obtinebat.
631 2644 681 2674 M.

282 2689 443 2719 Proele‘um
457 2690 568 2728 inpar,
595 2686 629 2718 in
647 2698 714 2729 quo
736 2687 796 2729 qui
811 2686 936 2718 virtute

235 2737 269 2763 et
286 2731 482 2763 fortitudine
501 2731 549 2763 uti
566 2731 649 2769 vult,
667 2732 857 2763 nullos‘hac
874 2742 935 2763 sua

236 2774 358 2806 virtute
377 2786 570 2816 progressus
587 2775 730 2817 insignes
743 2775 864 2813 facere,
879 2781 938 2806 aut

234 2818 359 2851 virtute
387 2820 531 2851 multum
558 2819 688 2851 efficere
709 2825 840 2862 potest3
876 2819 935 2861 qui

232 2873 312 2896 vero
336 2863 476 2899 timidus
498 2870 532 2897 et
552 2862 693 2906 ignavus
716 2869 777 2903 est,
805 2863 935 2898 nullum

1002 2162 1181 2232 ppopterea
1192 2157 1350 2188 damnum
1364 2156 1484 2189 metuit
1495 2162 1552 2188 aut
1566 2156 1709 2199 accipit.

1001 2203 1025 2232 l}
1046 2224 1053 2232 .

995 2250 998 2255 ’
1051 2246 1137 2277 Pari
1150 2246 1278 2286 praelio,
1296 2244 1367 2286 pari
1381 2244 1512 2276 fortuna
1525 2249 1559 2276 et
1573 2250 1709 2283 eventu,

1005 2294 1041 2320 ut
1055 2295 1172 2320 neutro
1189 2289 1367 2320 inclinaret
1383 2288 1535 2320 victoria.
1563 2289 1614 2319 M.

1051 2334 1194 2365 Partim.
1242 2333 1317 2364 Non
1344 2344 1415 2364 raro
1438 2332 1540 2363 semel
1559 2332 1706 2373 positum

1006 2388 1067 2408 nec
1093 2377 1287 2418 repetitum.
1330 2376 1383 2408 Cf.
1406 2377 1482 2409 Cic.
1512 2375 1589 2407 Ver.
1606 2378 1638 2413 2,
1656 2377 1706 2408 6⁵.

1005 2423 1046 2455 de
1063 2420 1142 2462 Leg.
1160 2424 1189 2458 2,
1211 2423 1260 2452 17.
1287 2421 1368 2452 Sall.
1392 2421 1468 2452 Cat.
1485 2422 1537 2452 50.
1569 2419 1653 2451 Vide
1676 2426 1711 2452 et

1005 2464 1091 2497 i'nfra
1108 2466 1160 2497 Af.
1176 2467 1228 2497 63.
1245 2466 1290 2496 H.
1309 2468 1362 2496 34.
1381 2467 1432 2497 37.

1017 2515 1020 2517 ’
1050 2511 1220 2549 Proiectis.
1262 2509 1346 2551 Leg.
1371 2515 1403 2541 et
1424 2511 1573 2550 projectis
1595 2518 1615 2539 e
1634 2507 1710 2549 qui-

1003 2553 1143 2585 busdam
1157 2554 1256 2585 codd.
1284 2554 1336 2584 M.
1380 2553 1456 2585 Non
1470 2562 1568 2594 opus,
1583 2551 1611 2582 si
1626 2555 1713 2585 exci-

1005 2600 1048 2629 sis
1063 2598 1229 2640 adjective
1245 2602 1407 2628 sumatur.

1052 2643 1192 2683 Aqqere.
1222 2641 1292 2672 vid.
1309 2641 1381 2672 [nd.
1409 2642 1459 2673 M.

1016 2685 1019 2687 ’
1055 2687 1220 2718 Brachiis.
1241 2685 1309 2716 vid.
1325 2685 1395 2716 Ind.
1422 2684 1475 2715 M.
1510 2684 1565 2716 Cf.
1581 2684 1659 2717 Liv.
1673 2688 1708 2725 4,

1004 2731 1036 2762 9.
1065 2729 1160 2771 Virg.
1178 2731 1255 2761 AEn.
1273 2731 1304 2762 3.
1322 2731 1397 2760 535.
1424 2729 1572 2761 Frontin.
1597 2731 1628 2769 3,
1655 2731 1705 2768 17,

1005 2777 1037 2805 5.
1066 2774 1195 2805 Lucan.
1214 2777 1244 2810 3,
1260 2774 1333 2804 387.

1052 2818 1127 2849 Non
1155 2828 1231 2860 quo.
1283 2817 1332 2848 Ita
1358 2817 1434 2847 cod.
1476 2817 1620 2856 Petavii,
1648 2817 1707 2859 qui

1005 2863 1109 2894 instar
1141 2861 1302 2893 omnium.
1363 2860 1433 2895 Alii
1473 2863 1575 2905 quod,
1615 2863 1706 2905 quod

1003 2906 1124 2940 Clatke
1138 2905 1280 2948 recepit.
