1946 3261
644 164 764 212 LIB.
798 163 932 213 VIII.
993 164 1137 211 CAP.
1167 165 1362 211 izo-24.
1669 165 1757 210 239

252 295 366 341 sides
397 295 649 341 conficiunt.
713 297 1001 341 Concurrunt
1027 295 1299 354 reliquarum
1326 293 1575 339 civitatium
1606 291 1762 352 legati,

252 373 354 416 quae
384 357 723 401 Bellovacorum
752 357 1095 417 speculabantur
1113 364 1334 399 eventum.
1388 353 1604 398 ‘Obsides
1637 353 1762 405 dant,

253 417 472 477 imperata
493 416 678 468 faciunt,
705 426 895 476 excepto
921 414 1138 465 Commio,
1168 431 1301 473 quem
1322 415 1454 458 timor
1476 413 1761 475 prohibebat,

255 478 515 536 cujusquam
535 476 638 520 fidei
659 493 778 520 suam
810 476 1086 520 committere
1117 474 1319 517 salutem.
1386 475 1504 518 Nam
1535 473 1763 533 superiore

255 552 370 580 anno
406 536 460 579 T.
499 535 737 586 Labienus,
774 537 945 580 Caesare
975 535 1019 578 in
1055 533 1203 589 Gallia
1232 533 1436 577 citeriore
1471 534 1541 592 jus
1571 534 1761 586 dicente,

252 612 392 654 quum
424 595 673 638 Commium
705 596 985 655 comperisset
1015 593 1253 637 sollicitare
1283 593 1482 636 civitates
1501 602 1547 636 et
1567 593 1765 653 conjura-

252 656 417 700 tionem
453 663 609 698 contra
649 655 865 698 Caesarem
894 656 1055 705 facere,
1086 652 1391 697 infidelitatem
1419 653 1512 711 ejus
1542 653 1632 696 sine
1673 652 1766 696 ulla

287 714 442 758 erfidia
460 713 677 773 judicavit
699 714 931 775 comprimi
954 730 1091 774 posse.
1157 713 1302 762 Quem
1333 711 1439 771 quia
1467 727 1552 755 non
1572 712 1763 755 arbitra-

253 731 390 818 batur
417 783 620 817 vocatum
650 775 693 818 iu
724 785 868 818 castra
899 783 1156 823 venturum,
1191 788 1245 816 ne
1275 771 1488 816 tentando
1522 771 1768 815 cautiorem

252 834 437 885 faceret,
463 834 516 877 C.
541 834 816 878 Volusenum
836 834 1114 886 Quadratum
1133 832 1265 884 misit,
1280 832 1357 890 qui
1380 847 1481 875 eum
1499 847 1579 891 per
1596 831 1767 874 simula-

252 894 419 938 tionem
455 893 677 953 conloquii
715 907 891 938 curaret
921 892 1285 937 interficiendum.
1352 891 1425 935 Ad
1451 907 1547 935 eam
1574 907 1668 934 rem
1694 891 1768 934 de-

254 953 392 998 lectos
414 953 592 998 idoneos
615 954 654 997 ei
678 954 815 998 tradit
847 954 1152 997 Centuriones.
1228 953 1379 1004 Quum
1410 951 1454 995 in
1485 950 1770 1010 conloquium

258 1023 440 1058 ventum
471 1022 582 1058 esset
613 1022 674 1064 et,
706 1023 757 1057 ut
787 1022 1068 1064 convenerat,
1099 1028 1273 1056 manum
1307 1011 1497 1056 Commii
1520 1011 1769 1055 Volusenus

255 1073 544 1133 adripuisset;
579 1074 814 1123 Centurio,
836 1073 908 1116 vel
933 1082 982 1116 ut
1003 1074 1173 1117 insueta
1206 1085 1264 1116 re
1282 1079 1527 1132 permotus,
1555 1071 1628 1114 vel
1659 1070 1770 1114 cele-

257 1134 368 1178 riter
404 1151 430 1177 a
469 1134 758 1178 familiaribus
788 1133 1041 1193 prohibitus
1073 1132 1278 1182 Commii,
1310 1131 1523 1176 conficere
1551 1130 1769 1174 hominem

257 1209 343 1238 non
362 1194 510 1253 potuit
526 1210 535 1236 :
561 1194 760 1253 graviter
781 1202 927 1236 tamen
948 1194 1092 1253 primo
1110 1193 1201 1236 ictu
1219 1191 1368 1252 gladio
1386 1200 1521 1250 caput
1539 1190 1770 1251 percussit.

262 1254 413 1304 Quum
444 1253 670 1311 utrimque
703 1253 840 1313 gladii
861 1253 1068 1296 destricti
1098 1261 1264 1302 essent;
1308 1260 1507 1295 nontam
1529 1251 1771 1311 pugnandi,

257 1329 393 1372 quam
429 1313 688 1369 diffugiendi
732 1313 817 1356 fuit
858 1321 1152 1369 utrorumque
1190 1312 1447 1355 consilium:
1501 1320 1772 1360 nostrorum,

259 1373 380 1430 quod
423 1373 655 1416 mortifero
699 1373 882 1415 vulnere
931 1372 1181 1415 Commium
1230 1371 1469 1414 credebant
1519 1371 1771 1420 adfectum3

262 1433 515 1483 Gallorum,
545 1432 682 1490 quod,
718 1431 881 1475 insidiis
903 1432 1105 1490 cognitis,
1128 1431 1274 1489 plura,
1297 1447 1431 1489 quam
1454 1429 1681 1480 videbant,
1701 1445 1773 1472 ex-

260 1492 562 1536 timescebam.
630 1493 730 1543 Quo
754 1493 871 1535 facto
893 1492 1094 1534 statuisse
1120 1491 1345 1534 Commius
1367 1490 1618 1541 dicebatur,
1649 1505 1773 1533 num-

260 1568 393 1611 quam
416 1552 459 1594 in
478 1560 761 1609 conspectum
784 1552 1043 1609 cujusquam
1068 1550 1254 1593 Romani
1278 1550 1444 1593 venire.

321 1611 394 1654 24.
431 1610 775 1654 Bellicosissimis
799 1610 1008 1669 gentibus
1025 1609 1227 1659 devictis,
1250 1610 1412 1658 Caesar,
1431 1624 1571 1667 quum
1589 1608 1777 1660 videret,

262 1671 429 1715 nullam
473 1672 564 1730 jam
604 1688 694 1714 csse
734 1671 978 1719 civitatem,
1020 1686 1119 1728 quae
1154 1668 1323 1712 bellum
1356 1677 1552 1728 pararet,
1588 1683 1678 1726 quo
1696 1668 1777 1712 sibi

262 1731 486 1775 resisteret
506 1747 515 1779 ;
549 1730 624 1773 sed
645 1716 879 1774 noniiullos
913 1746 966 1772 ex
1004 1728 1179 1789 oppidis
1199 1729 1464 1787 demigrare,
1488 1744 1541 1771 ex
1561 1727 1677 1787 agris
1697 1728 1781 1771 dif-

261 1792 438 1851 fugere,
478 1791 533 1834 ad
604 1807 758 1834 raesens
797 1790 1032 1849 imperium
1069 1788 1353 1833 evitandum:
1390 1788 1543 1848 plures
1564 1787 1606 1830 in
1633 1796 1782 1847 partes

265 1851 510 1896 exercitum
587 1850 778 1894 imittere
821 1849 1084 1898 constituit;
1133 1849 1199 1892 M.
1224 1848 1468 1892 Antonium
1505 1847 1780 1898 Quoestorem

267 1928 367 1955 cum
390 1911 563 1969 legione
594 1910 658 1954 XI
687 1911 771 1954 sibi
807 1909 1063 1969 conjungit;
1100 1909 1153 1952 C.
1192 1908 1382 1952 Fabium
1420 1907 1637 1965 Legatum
1676 1923 1777 1950 cum

266 1970 525 2015 cohortibus
567 1970 696 2014 XXV
737 1970 878 2013 mittit
916 1970 959 2013 in
999 1969 1333 2013 diversissimam
1374 1967 1532 2011 Galliae
1570 1974 1778 2026 partem;

267 2031 390 2089 quod
421 2031 482 2074 ibi
513 2030 722 2087 quasdam
755 2030 954 2073 civitates
975 2029 1018 2072 iu
1040 2030 1171 2073 armis
1194 2045 1284 2072 esse
1305 2027 1531 2077 audiebat,
1558 2042 1701 2085 neque
1721 2027 1776 2070 C.

267 2090 502 2134 Caninium
528 2089 755 2140 Rebilum,
780 2089 1015 2148 Legatum,
1036 2089 1113 2148 qui
1132 2090 1175 2132 in
1193 2089 1277 2132 illis
1297 2086 1552 2147 regionibus
1571 2095 1780 2146 praeerat,

314 2196 495 2228 Eventum.
527 2193 589 2227 alii
605 2199 748 2226 eremum

317 2241 529 2273 Prohibebat.
557 2239 619 2271 alii
635 2239 813 2270 cohibebat.

314 2287 493 2328 Superiore
523 2295 628 2317 mmo.
689 2285 733 2316 Et
764 2290 879 2314 tamen
919 2281 987 2314 Dio

268 2329 408 2362 Cassius
433 2330 505 2369 (40,
525 2330 584 2369 43)
606 2329 679 2360 liaec
699 2328 743 2360 ita
761 2334 883 2366 narrat,
907 2334 943 2360 ut
959 2326 988 2359 si

267 2385 357 2406 nunc
374 2374 594 2406 accidissent.
626 2375 676 2405 M.

316 2420 457 2451 Idoneus
471 2421 515 2450 ei.
565 2419 648 2450 Haec
670 2417 774 2460 vulgo
798 2416 942 2458 absunt3
971 2427 991 2449 e

270 2463 439 2506 plerisque
451 2463 600 2495 restituit
612 2463 783 2495 Davisius.
813 2461 878 2493 Sed
894 2467 991 2504 puto,

269 2510 400 2541 idoneos
415 2518 489 2539 esse
507 2507 735 2550 superfluum,
750 2518 810 2539 nec
829 2512 940 2538 exstat
958 2506 991 2538 in

272 2553 408 2585 duobus
426 2551 526 2584 libris
541 2551 694 2594 optimis.
727 2553 779 2584 M.
821 2552 912 2583 Tum
929 2561 991 2593 pro

269 2598 374 2631 tradit
390 2596 448 2628 alii
465 2597 620 2636 tradiclit,
635 2597 830 2629 transdidit.

325 2643 382 2674 Vel
395 2647 432 2674 ut
447 2643 537 2674 insu.
551 2653 582 2673 r.
598 2647 778 2684 permotus,
793 2641 994 2680 simulabat,

271 2699 307 2720 se
326 2685 519 2730 permoveri
537 2696 572 2718 re
589 2685 740 2725 insueta3
771 2686 871 2727 quasi
889 2685 995 2718 Com-

273 2731 364 2764 mius
389 2729 593 2773 arripuisset
620 2731 847 2769 Volusenum,
869 2730 939 2762 vim
961 2730 993 2762 ei

273 2777 452 2809 inlaturus.
478 2773 534 2807 M:
571 2774 748 2808 Clarkium
765 2785 900 2816 sequor,
917 2786 996 2817 pro-

272 2821 391 2854 batum
421 2821 465 2853 ab
498 2819 590 2851 Oud.

273 2867 338 2899 ita:
371 2871 401 2899 et
424 2867 592 2904 Centurio,
613 2866 701 2897 velut
719 2866 810 2896 insu.
832 2875 870 2897 re
882 2875 989 2907 per-m.

269 2913 364 2946 vellet
380 2911 568 2946 Commium
577 2911 762 2953 interficere
769 2921 784 2949 ;
799 2910 858 2943 cel.
869 2920 891 2942 a
898 2909 989 2952 fam.

643 2819 708 2851 Hic
737 2818 832 2861 prius
859 2820 998 2852 dederat

1056 2198 1123 2224 etc.
1151 2191 1211 2224 ubi
1245 2191 1360 2225 otiosa
1387 2190 1552 2235 repetitio
1582 2192 1781 2233 interficere,

1055 2239 1223 2278 confictu-e.

1106 2285 1216 2325 Caput
1246 2284 1421 2324 pmcussit.
1485 2283 1597 2324 Capul
1620 2281 1717 2312 deest
1744 2279 1777 2311 in

1059 2328 1162 2359 codd.
1177 2332 1210 2358 et
1226 2327 1304 2358 edd.
1329 2333 1398 2358 vet.
1424 2325 1516 2358 Oud.
1541 2330 1639 2369 putat
1663 2323 1781 2367 potius

1058 2373 1177 2414 ylmlIo
1194 2372 1390 2403 delendum.

1106 2419 1276 2450 Destricci.
1325 2415 1440 2459 Vulgo
1457 2415 1549 2448 male
1567 2414 1720 2447 districti.

1107 2463 1218 2497 Quam
1232 2461 1400 2494 videbant.
1423 2461 1486 2493 alii
1503 2460 1669 2492 viderant.

1107 2506 1152 2539 In
1177 2511 1402 2548 compectmu.
1442 2505 1505 2538 alii
1535 2507 1570 2536 in
1596 2509 1780 2546 conspectu.

1061 2551 1214 2594 Respice
1230 2551 1273 2582 ad
1290 2562 1322 2582 c.
1341 2552 1372 2581 8.

1111 2596 1297 2637 Diffuqere.
1314 2595 1422 2635 vulgo
1439 2593 1595 2634 qffnsyere.

1113 2641 1258 2681 Leqmne
1277 2640 1347 2672 XI.
1374 2638 1490 2680 Vulgo
1511 2638 1604 2669 XII.
1621 2637 1681 2669 sed
1705 2637 1779 2670 haec

1065 2696 1145 2718 cum
1163 2684 1321 2716 Labieno
1337 2689 1424 2721 erat,
1440 2687 1477 2713 ut
1493 2692 1572 2713 mox
1590 2681 1733 2717 dicitur.

1114 2732 1180 2766 Qui
1196 2747 1241 2752 —
1252 2733 1401 2772 praeerat
1414 2726 1491 2758 scil.
1507 2725 1708 2768 legionibus
1722 2739 1730 2758 :
1744 2738 1783 2758 er

1066 2776 1158 2807 hatte
1190 2774 1252 2805 dus
1289 2771 1498 2805 Commamlo
1527 2771 1685 2805 daselbsc.
1729 2772 1782 2804 De

1069 2817 1192 2851 Rebili
1225 2816 1384 2850 hibernis
1407 2816 1499 2850 conf.
1516 2816 1549 2856 7,
1562 2818 1618 2850 90.
1649 2817 1702 2851 Ia.
1741 2817 1781 2850 In

1066 2863 1147 2898 aliis
1163 2868 1214 2896 est
1228 2867 1315 2896 erat.
