1946 3261
323 229 407 277 146

730 225 816 270 DE
848 223 1052 270 BELLO
1085 223 1381 271 GALLICO.

389 355 456 398 17.
489 360 518 380 ‘⁶
543 352 689 397 Deum
705 352 892 400 maxime
913 353 1189 398 Mercurium
1213 351 1388 398 colunt:
1427 347 1555 408 hujus
1580 354 1682 394 sunt
1701 346 1799 408 plu-

324 422 355 442 “
378 413 486 458 rima
512 411 756 463 simulacra,
785 411 899 461 hune
928 413 1119 456 omnium
1147 411 1418 454 inventorem
1446 409 1608 453 artium
1635 407 1800 459 ferunt,

327 480 357 501 ‘⁶
378 471 492 513 hunc
508 470 678 514 viarum
696 479 829 529 atque
850 471 1053 515 itinerum
1070 471 1242 519 ducem,
1259 469 1375 512 huno
1395 467 1452 511 ad
1468 475 1655 525 quaestus
1671 481 1802 525 pecu-

327 537 357 557 “
382 528 462 573 niae
482 537 834 588 mercaturasque
853 529 1014 573 habere
1031 530 1120 573 vim
1134 527 1363 571 maximam
1378 526 1667 569 arbitrantur.
1699 523 1806 567 Post

326 595 357 616 “
380 587 511 639 hune,
537 587 791 646 Apollinem
813 596 859 631 et
890 589 1084 633 Martem
1112 595 1158 630 et
1186 586 1215 629 J
1220 601 1345 629 ovem
1365 593 1411 628 et
1440 585 1716 628 Minervam:
1747 582 1804 625 de

325 654 356 674 ‘⁶
378 646 444 690 his
463 646 658 692 eamdem
678 646 787 697 fere,
809 663 940 705 quam
959 647 1137 703 reliquae
1157 653 1323 704 gentes,
1350 643 1514 687 habent
1533 641 1778 702 opinionem
1795 656 1810 691 ;

326 713 358 735 “
383 705 638 765 Apollinem
674 706 850 751 morbos
884 704 1128 764 depellere,
1167 704 1417 748 Minervam
1454 717 1640 762 operum
1673 708 1810 759 atque

337 857 430 891 ante,
455 851 589 895 publice
611 862 671 884 eos
698 851 844 883 humana
872 847 1038 881 sacrificia

337 896 493 929 instituta
523 895 696 929 habuisse.
758 895 787 926 E
811 903 877 935 qua
901 893 1040 935 quidem

336 940 539 973 crudelitate
559 945 668 972 tamen
689 939 806 979 aliqua
821 938 1039 970 humanitatis

337 983 490 1017 scintilla
499 983 636 1021 emicat,
648 981 809 1023 quoniam
823 981 948 1022 capitis
962 992 1038 1013 reos

340 1027 559 1070 potissimum
603 1026 818 1065 inmolamnt,
862 1035 953 1066 quos
988 1025 1039 1056 sic

337 1081 476 1113 qnoque
487 1070 642 1111 publicae
651 1069 837 1101 securitatis
848 1079 950 1101 causa
961 1069 1042 1101 sub-

341 1115 459 1158 pliciis
473 1113 615 1145 adficere
632 1123 769 1144 necesse
785 1112 912 1143 suisset.
945 1115 996 1145 Μ.

389 1161 515 1190 Deum.
575 1157 658 1188 Sunt
683 1157 743 1198 qui
776 1156 887 1188 Dessm
918 1157 1043 1198 legant,

341 1203 433 1244 quod
449 1201 608 1243 inprobat
632 1201 791 1239 Vossius;
829 1201 978 1232 solemne
992 1206 1044 1232 est

342 1247 379 1278 in
410 1245 585 1287 lapidibus
614 1245 726 1286 legere
757 1246 830 1276 Deo
860 1245 1042 1276 Mercurio.

340 1289 483 1322 Tacitus
504 1295 616 1320 tamen
640 1288 743 1320 etiam
765 1299 798 1318 c·
812 1289 844 1319 9.
891 1290 1042 1321 Deorum

342 1336 490 1366 maa-ime
505 1334 712 1364 Mercurium
726 1332 848 1363 colunt.

387 1378 611 1408 Mercurium.
659 1375 727 1406 Vix
747 1373 950 1405 admonendi
967 1378 1045 1404 sunt

343 1420 484 1459 tirones,
498 1419 665 1450 Caesarem
674 1417 883 1450 Numinibus
893 1416 1049 1455 Gallicis,

344 1469 484 1506 propter
500 1462 652 1504 aliquam
671 1472 748 1493 cum
763 1461 891 1493 Graecis
905 1460 1050 1492 Latinis-

341 1519 408 1550 que
420 1506 496 1539 Diis
505 1506 774 1544 similitudinem,
783 1505 923 1537 nomina
933 1505 1049 1537 Graeca

344 1557 379 1584 et
405 1550 524 1582 Latina
548 1550 763 1592 imposuisse,
787 1549 923 1580 omissis
946 1559 1048 1580 voca-

344 1595 438 1628 bulis
468 1593 623 1626 Gallicis.
690 1593 929 1625 Allaborarunt
968 1602 1047 1634 ergo

345 1638 413 1671 viri
440 1638 533 1669 docti
559 1637 592 1668 in
617 1648 671 1676 eo,
700 1642 738 1668 ut
761 1636 950 1677 reperirent
973 1635 1049 1676 ipsa.

347 1681 490 1716 nomina
505 1680 650 1713 Gallica.
682 1681 719 1712 In
734 1691 802 1721 quo
819 1679 930 1710 studio
945 1679 1050 1720 adjuti

350 1731 429 1759 sunt
443 1725 566 1766 partim
582 1723 813 1756 monumentis
828 1722 961 1763 priscis,
978 1732 1053 1763 par-

348 1770 414 1802 tim
423 1768 512 1800 locis
519 1768 660 1806 Lucani,
667 1766 843 1805 Lactantii,
853 1766 1023 1797 Herodian
1030 1766 1038 1796 i
1045 1789 1053 1802 ‚

349 1813 568 1856 pluriumque
591 1817 741 1843 veterum
763 1810 973 1851 scriptorum,
993 1809 1053 1850 qui

350 1856 491 1890 nomina
506 1855 693 1887 domestica
713 1854 888 1885 numinum
904 1852 1055 1884 Gallico-

351 1911 426 1933 rum
437 1904 619 1932 servarunt.
627 1898 712 1936 Quae
719 1898 852 1939 quidem
862 1896 997 1928 nomina
1006 1902 1054 1927 et-

353 1944 383 1977 si
401 1944 562 1984 deinceps
572 1941 740 1979 indicabo,
749 1941 831 1982 quia
842 1940 988 1972 dubitari
999 1950 1057 1971 ne-

354 1988 442 2030 quit,
459 1988 535 2019 illos
552 1986 733 2027 scriptores
747 1995 826 2016 vere
844 1984 979 2015 Gallica
993 1994 1055 2016 no-

354 2032 446 2064 mina
462 2031 598 2073 cognita
614 2029 795 2061 habuisse:
819 2033 929 2059 tamen
947 2028 1057 2059 omnis

353 2083 407 2109 res
444 2075 531 2107 mihi
560 2075 719 2105 hactenus
744 2072 876 2103 videtur
913 2072 1059 2111 lubrica,

352 2120 436 2161 quia
451 2118 580 2149 definiri
592 2117 719 2159 ubique
732 2116 861 2157 nequit,
882 2125 943 2147 nec
965 2117 1058 2157 quod

355 2162 573 2206 potissimum
587 2161 719 2192 Numen
735 2160 904 2192 Gallicum
927 2160 1057 2191 dictum

357 2207 395 2239 fit
424 2207 595 2243 Taramrs,
622 2206 755 2242 Hesus;
783 2214 845 2235 nce
860 2214 935 2244 quae
951 2204 1058 2236 forma

358 2249 522 2283 vocabuli
546 2247 670 2279 Gallici
692 2249 804 2285 fuerit,
826 2258 925 2288 quam
950 2248 1058 2289 scrip-

362 2300 453 2327 tores
475 2291 587 2323 Latini
611 2291 645 2322 in
662 2291 766 2322 aliam
784 2291 974 2323 latiniorem
991 2292 1059 2322 for-

359 2348 450 2370 mam
481 2341 660 2367 mutarunt.
718 2336 795 2366 Hoc
824 2336 878 2366 vel
901 2336 1061 2377 exemplo

361 2380 526 2414 Mercurii
555 2379 641 2410 disci
674 2385 796 2420 potest.
855 2379 951 2410 Alius
980 2390 1059 2410 eum

360 2431 460 2469 putat
474 2425 601 2456 dictum
615 2433 689 2454 esse
717 2423 849 2454 lVodan
871 2423 956 2460 (vid.
975 2423 1062 2454 Vos-

364 2469 437 2502 sius
452 2469 495 2499 ad
510 2468 545 2499 h.
562 2468 620 2507 l.):
649 2466 738 2498 alius
759 2466 864 2498 Thmt
881 2474 914 2496 et
939 2468 1063 2499 Teuta-

363 2519 430 2546 tem
450 2513 498 2551 (v.
523 2512 597 2543 intt.
620 2511 663 2542 ad
691 2510 817 2541 Lucan.
849 2509 1001 2541 Pharsal.
1034 2512 1064 2549 1,

366 2560 444 2595 445,
460 2562 492 2587 et
507 2557 550 2588 ad
565 2555 638 2587 Liv.
654 2557 707 2593 26,
721 2555 775 2591 44,
789 2552 849 2584 ubi
866 2553 949 2584 salsa
963 2554 1063 2585 lectio

362 2606 415 2632 est
424 2600 642 2642 quarumdam
652 2597 853 2635 editionum,
864 2607 962 2638 quem
977 2599 1066 2629 Mer-

365 2647 498 2676 curium
519 2645 678 2675 Teutaten
689 2642 889 2683 adpellant).
913 2640 1067 2673 Conscrri

368 2689 470 2720 etiam
488 2692 599 2729 potest
622 2685 787 2717 Schedius
813 2685 853 2715 de
881 2683 958 2715 Diis
986 2685 1068 2716 Ger-

366 2731 473 2763 manis
489 2742 522 2772 p.
539 2731 636 2770 (107)
654 2731 726 2765 155,
739 2735 773 2759 et
788 2727 909 2759 Ritteri
925 2727 1069 2761 historia

369 2776 544 2807 Gallorum
568 2785 604 2815 p.
631 2775 708 2811 261,
735 2771 794 2803 ubi
822 2772 932 2802 multo
957 2772 1068 2812 plures

371 2819 553 2860 scriptores
567 2816 695 2849 laudati
713 2821 801 2847 sunt.
846 2815 910 2846 Sed
931 2826 973 2846 ex
997 2826 1070 2846 om-

368 2861 473 2894 nibus
501 2863 653 2903 adparet,
688 2869 750 2892 nos
783 2859 928 2896 nescire,
961 2868 1070 2900 neque

367 2911 478 2937 utrum
510 2905 682 2946 peculiare
715 2904 848 2935 Numen
884 2902 996 2941 suerit,
1025 2913 1068 2934 an

369 2949 485 2990 aliqua
511 2948 634 2997 ἔνέςγεια
659 2947 781 2979 Divina
807 2953 840 2978 et
864 2947 984 2978 modus
1013 2952 1071 2978 aut

370 3002 447 3034 pars
464 2991 690 3034 provrdentiae
706 2991 852 3028 Divinae,
873 2995 984 3022 mente
999 2995 1070 3021 tan-

367 3041 439 3070 tum
457 3041 622 3080 concepta
635 3045 655 3069 a
669 3034 780 3070 Gallis
788 3047 799 3078 3
821 3040 942 3078 neque,
957 3033 986 3068 si
999 3034 1071 3068 Nu-

1101 857 1180 880 men
1202 847 1315 886 fuerit,
1345 858 1413 889 quo
1441 846 1579 879 nomine
1608 843 1807 887 insignitum

1102 893 1205 925 fuerit
1236 903 1257 924 a
1288 892 1395 924 Gallis
1426 891 1558 923 Numen
1592 888 1809 931 illud,0quod

1103 937 1229 969 Caesari
1260 936 1390 979 placuit
1415 945 1494 968 cum
1515 933 1691 968 Mercurio
1713 942 1810 965 com-

1109 991 1242 1023 parare.
1268 981 1318 1012 M.

1126 1026 1128 1028 ’
1151 1025 1347 1067 Apollinem.
1369 1023 1469 1056 Hune
1485 1022 1669 1065 opinantur
1681 1020 1813 1053 dictum

1106 1079 1179 1100 esse
1209 1069 1379 1107 Belenum,
1407 1068 1485 1099 freti
1514 1068 1593 1099 loco
1619 1062 1810 1097 Herodiani

1105 1114 1155 1152 (8,
1188 1113 1235 1151 3),
1262 1113 1303 1143 de
1333 1111 1609 1153 Aquileiensibus
1631 1107 1813 1141 obsidione

1108 1156 1232 1198 pressis
1256 1155 1327 1187 haec
1352 1156 1535 1187 narrantis:
1567 1154 1632 1187 Θεὸς
1659 1150 1810 1195 ἐπιχώριος

1109 1201 1185 1233 νίκην
1202 1200 1382 1240 ὑπισχνεῖτο·
1407 1198 1491 1230 Βὲλιν
1514 1197 1540 1229 δὲ
1564 1197 1687 1228 καλοῦσι
1703 1195 1814 1233 τοῦτον,

1107 1243 1221 1275 σέζουσί
1244 1257 1277 1274 τε
1297 1243 1453 1285 ὑπεξφυῶς,
1472 1241 1653 1273 ’Δπὸλλωνω
1674 1238 1740 1270 εἶναι
1757 1239 1814 1269 {Ai-

1111 1294 1220 1321 λοντες.
1257 1286 1510 1327 Inscriptiones,
1527 1282 1702 1326 Apollinis
1715 1282 1815 1314 Bele-

1109 1330 1145 1362 ni
1170 1330 1377 1361 mentionem
1400 1329 1577 1369 facientes,
1603 1332 1754 1369 repertas
1778 1325 1813 1358 in

1111 1374 1237 1411 Gallia,
1253 1373 1394 1413 collegit
1407 1373 1560 1404 Ritterus
1577 1371 1612 1403 in
1627 1370 1707 1402 hist.
1723 1369 1815 1402 Gall.

1113 1429 1149 1460 p.
1177 1420 1252 1449 257.
1299 1417 1361 1448 Sed
1390 1417 1500 1448 nihilo
1530 1415 1642 1447 minus
1671 1413 1816 1446 dubium

1114 1467 1237 1500 manet,
1251 1461 1364 1502 qualis
1378 1461 1485 1493 forma
1497 1466 1530 1492 et
1540 1469 1640 1495 sonus
1655 1456 1815 1490 vocabuli

1113 1505 1236 1537 Gallici
1263 1505 1376 1544 suerit,
1401 1505 1494 1546 quod
1518 1503 1625 1536 exteri
1655 1501 1688 1534 in
1720 1500 1817 1541 Βέλις,

1115 1551 1269 1588 Βθῐεηωῐ,
1288 1550 1435 1587 Belinus,
1451 1553 1620 1579 mutarunt
1634 1559 1643 1578 :
1666 1556 1729 1577 nec
1744 1550 1817 1576 tuto

1114 1593 1301 1635 colligitur,
1325 1593 1407 1634 quia
1428 1591 1611 1633 aliquando
1638 1589 1756 1631 aliquo
1780 1588 1816 1620 in

1115 1637 1195 1668 loco
1214 1635 1404 1668 istiusmodi
1425 1639 1679 1667 monumentum
1702 1642 1818 1674 reper-

1116 1685 1188 1711 tum
1203 1685 1265 1719 est,
1280 1689 1414 1718 nomen,
1431 1680 1465 1710 in
1481 1689 1523 1710 eo
1539 1676 1693 1715 obvium,
1709 1675 1818 1707 omni-

1118 1723 1182 1755 bus
1211 1723 1425 1764 temporibus
1452 1727 1552 1763 atque
1592 1720 1626 1751 in
1661 1720 1821 1752 omnibus

1119 1767 1242 1799 Galliae
1272 1766 1471 1798 civitatibus
1498 1765 1660 1797 usitatum
1691 1763 1816 1796 fuisse:

1119 1811 1226 1842 multo
1243 1811 1354 1841 minus
1366 1809 1474 1840 ausim
1490 1808 1653 1840 adsentiri
1670 1807 1737 1846 his,
1746 1806 1819 1848 qui,

1119 1858 1256 1885 auctore
1271 1855 1424 1885 Eccardo
1440 1853 1474 1884 in
1490 1853 1532 1883 de
1552 1851 1638 1893 orig.
1661 1851 1819 1883 German.

1122 1898 1152 1936 §.
1181 1899 1233 1928 56.
1262 1898 1403 1939 'p.122,
1423 1906 1465 1927 ex
1489 1895 1663 1927 vocabulo
1693 1896 1825 1934 baluin,

1119 1942 1211 1983 quod
1226 1942 1348 1973 ferrum
1364 1946 1397 1972 et
1412 1940 1593 1981 chalybem
1609 1938 1747 1977 indicat,
1763 1949 1821 1969 ex-

1119 1986 1291 2027 sculpunt,
1307 1985 1499 2026 Apollinem
1510 1983 1722 2015 metallorum
1736 1992 1824 2024 prae-

1122 2029 1228 2060 sideni
1244 2029 1359 2061 fuisse.
1404 2029 1520 2060 Plures
1535 2028 1576 2058 de
1591 2026 1652 2057 hac
1669 2037 1702 2057 re
1715 2026 1821 2067 scrip-

1122 2080 1210 2104 tores
1223 2085 1254 2104 v.
1270 2074 1360 2115 apud
1375 2072 1557 2103 Schedium
1580 2071 1620 2101 de
1642 2069 1720 2102 Diis
1741 2070 1823 2101 Ger-

1123 2117 1233 2148 manis
1260 2128 1294 2158 p.
1317 2117 1413 2155 (112)
1444 2118 1516 2154 163,
1537 2113 1608 2156 qui,
1632 2119 1708 2156 post
1735 2112 1824 2145 alios

1123 2162 1248 2202 plures,
1265 2161 1398 2192 tandem
1410 2171 1451 2191 eo
1466 2158 1646 2196 delabitur,
1657 2157 1825 2189 utBelum

1124 2211 1157 2235 et
1172 2205 1321 2243 Baalem,
1338 2203 1476 2235 orientis
1497 2203 1629 2234 Numen
1652 2201 1707 2232 hic
1730 2211 1824 2242 repe-

1125 2248 1191 2280 rire
1206 2248 1271 2280 sibi
1287 2248 1451 2279 videatur.
1469 2248 1518 2278 M.
1564 2245 1620 2277 Sic
1636 2250 1669 2275 et
1682 2244 1825 2276 Vossius

1126 2292 1228 2323 sentit
1243 2293 1283 2323 ad
1301 2292 1335 2322 h.
1348 2292 1370 2323 l.
1388 2290 1504 2322 Beleni
1519 2289 1707 2320 sacerdotes
1721 2288 1826 2329 Apol-

1126 2336 1291 2367 linaribus
1302 2335 1413 2378 jungit
1427 2333 1577 2376 mysticis
1593 2333 1719 2364 Auson.
1743 2333 1824 2364 Pro-

1123 2381 1202 2411 fess.
1227 2384 1258 2411 4.

1174 2424 1380 2455 Minervam.
1424 2421 1603 2459 Schedius,
1623 2420 1684 2452 ubi
1701 2420 1743 2451 de
1758 2418 1824 2450 hac

1131 2468 1204 2499 Dea
1219 2466 1370 2508 loquitur
1387 2466 1436 2507 (p.
1453 2465 1549 2505 (137)
1572 2467 1649 2503 200,
1665 2465 1756 2503 201),
1779 2462 1826 2493 ita

1130 2511 1246 2542 omnia
1276 2510 1399 2549 turbat,
1429 2516 1466 2540 ut
1495 2509 1664 2547 Minerva,
1701 2507 1827 2544 Venus,

1132 2554 1236 2586 Vesta
1265 2564 1304 2585 ex
1329 2554 1400 2594 ejus
1422 2552 1586 2595 opinione
1608 2552 1741 2583 tandem
1764 2559 1827 2591 pro

1134 2609 1198 2630 una
1227 2599 1408 2638 eademque
1439 2598 1513 2628 Dea
1548 2595 1712 2627 habendae
1749 2594 1825 2625 sint.

1132 2641 1300 2683 Equidem
1322 2651 1363 2672 ne
1380 2652 1457 2672 eum
1473 2639 1588 2681 specie
1601 2639 1738 2681 quidem
1756 2637 1828 2668 veri

1134 2685 1245 2727 reperi
1261 2684 1397 2726 aliquod
1411 2693 1547 2720 nomen,
1570 2682 1737 2715 Gallicum
1758 2691 1827 2722 quo

1136 2729 1195 2760 illa
1209 2728 1363 2760 Minerva
1379 2729 1424 2759 sit
1437 2727 1617 2769 adpellata.
1660 2725 1768 2756 Tanto
1786 2724 1829 2756 li-

1133 2772 1269 2804 bentius
1304 2783 1345 2803 eo
1381 2771 1520 2810 inclino,
1557 2775 1594 2801 ut
1627 2768 1830 2806 existimem,
1861 2788 1866 2793 -

1135 2817 1253 2848 Gallos
1275 2815 1442 2857 cogitasse
1463 2815 1577 2847 animo
1592 2818 1625 2844 et
1647 2811 1831 2843 credidisse

1136 2861 1248 2901 plures
1280 2858 1497 2901 providentiae
1528 2855 1665 2900 ἐνεργείας
1696 2855 1830 2897 (opera-

1135 2903 1259 2942 tiones)
1275 2909 1310 2934 et
1325 2902 1510 2941 beneficia,
1540 2900 1598 2932 sed
1613 2909 1678 2931 non
1696 2899 1754 2930 illa
1769 2898 1831 2929 be-

1135 2946 1257 2978 neficia
1292 2946 1423 2987 singula
1460 2944 1597 2986 singulis
1634 2941 1830 2974 nominibus

1135 2999 1358 3031 nuncupasse,
1370 2994 1427 3020 aut
1443 2999 1502 3030 pro
1520 2986 1659 3031 singulis
1673 2984 1837 3023 Numini-

1133 3034 1198 3068 bus
1213 3033 1382 3068 habuisse.
1405 3033 1456 3066 M.
