1946 3261
414 466 506 552 G..
584 467 926 550 JULII
1006 465 1551 548 CAESARIS

696 653 1278 712 COMMENTARH

515 785 636 863 DE
684 809 979 863 BELLO
1034 808 1451 860 GALLIco,

735 1132 924 1179 LIBER
956 1131 1215 1177 SEXTUS.

807 1282 1160 1316 ARGUMENTUM.

241 1335 270 1366 l·
295 1336 427 1372 Morus
457 1347 497 1371 w
521 1347 615 1371 omn
645 1348 743 1372 mann
768 1339 929 1377 Gumis,
958 1338 1123 1369 Τιτυκιο
1156 1336 1398 1378 emsa—Cap.
1428 1337 1458 1368 1.
1484 1336 1721 1368 Romanorum

284 1384 393 1426 copiae
411 1384 442 1415 in
461 1383 573 1416 Gallia
585 1389 709 1416 auctae.
742 1388 773 1423 2,
788 1388 817 1415 3.
841 1383 958 1414 Motus
971 1381 1200 1413 Trevirorum.
1225 1380 1520 1422 Nerviiobpresai.
1535 1380 1722 1413 concilium

281 1427 423 1459 Lutetiae
442 1427 662 1459 Parisiorum.
709 1430 741 1459 4.
765 1426 913 1460 Senones
927 1433 959 1459 et
971 1428 1134 1458 Carnutes
1149 1425 1275 1469 pacati.
1314 1429 1347 1464 5,
1360 1428 1390 1457 6.
1409 1425 1563 1470 Menapii
1577 1424 1721 1458 subacti.

285 1475 317 1511 7,
336 1476 366 1504 8.
389 1471 519 1503 Treviri
537 1471 582 1503 ab
599 1471 752 1504 Labieno
764 1473 844 1504 dolo
862 1479 893 1503 et
912 1471 1053 1502 ratione.

238 1519 282 1552 11.
308 1517 524 1548 Exennrrro
546 1515 716 1549 Cffisuus
746 1526 783 1548 rx
806 1517 1090 1557 Suevos—Cap.
1111 1517 1141 1545 9.
1167 1515 1231 1546 Iter
1254 1513 1398 1546 Caesaris
1431 1513 1464 1545 in
1489 1513 1720 1546 Germaniam.

282 1561 450 1594 Ubiorum
476 1559 599 1601 legatio
627 1561 678 1591 sui
704 1561 869 1602 purgandi
893 1570 1023 1591 caussa.
1076 1561 1124 1590 10.
1145 1559 1314 1600 Receptus
1331 1558 1514 1589 Suevorum
1534 1558 1565 1590 in
1584 1558 1722 1590 ultimos

281 1607 363 1639 fines
379 1616 470 1637 suos.
521 1606 658 1636 11-20.
674 1605 788 1636 Mores
799 1605 989 1636 Gallorum.
1027 1605 1169 1634 21—21.
1193 1603 1448 1634 Germanorum.
1484 1606 1536 1633 25.
1554 1602 1722 1643 Hercynia

286 1653 386 1684 silva.
431 1651 573 1680 26—28.
598 1648 727 1680 Genera
747 1649 889 1680 serarum
910 1648 941 1679 in
962 1648 1133 1688 Hercynia
1150 1647 1233 1679 silva
1253 1647 1481 1678 memoranda.

239 1699 297 1732 111.
322 1697 440 1727 Poeni
467 1695 698 1724 Animorucis
729 1702 774 1723 m-
802 1694 1155 1734 ΕΒυηυκυΜ.-(“αρ.
1179 1693 1318 1722 ’29-31.
1346 1690 1486 1721 Reditus
1514 1689 1659 1722 Caesaris
1687 1690 1720 1722 in

283 1738 442 1774 Galliam.
489 1736 670 1769 Ambiorix
698 1737 894 1778 obpressus.
948 1736 1112 1767 Cativolci
1145 1735 1231 1777 regis
1266 1745 1367 1767 mors,
1425 1737 1566 1765 3‘2-34,
1592 1734 1720 1766 Partito

283 1782 434 1818 exercitu
451 1781 642 1813 Eburorum
669 1781 750 1812 fines
767 1780 943 1812 devastati.
991 1783 1131 1812 35—-42,
1155 1781 1271 1811 Castra
1302 1780 1455 1811 Romana
1485 1789 1505 1810 a
1536 1778 1724 1819 Sigambris

282 1830 491 1869 obpugnata.
515 1825 702 1866 periculum
723 1826 965 1862 Romanorum,
989 1825 1047 1865 qui
1067 1823 1290 1856 frumentandi
1309 1835 1428 1855 caussa
1446 1822 1563 1855 castris
1578 1823 1721 1865 egressi.

286 1875 521 1906 Romanorum
537 1875 644 1900 terror
668 1870 812 1901 adventu
829 1869 969 1900 Caesaris
984 1869 1147 1900 sublatus.
1193 1871 1246 1901 43.
1275 1868 1452 1899 Eburones
1467 1869 1579 1899 denuo
1596 1867 1721 1900 vexati.

284 1919 338 1951 44.
363 1913 517 1954 Quaestio
533 1915 574 1945 de
600 1913 833 1955 conjuratione
863 1914 1033 1945 Senonum
1049 1912 1214 1945 instituta.
1264 1913 1408 1944 Acconis
1430 1911 1650 1954 subplicium.
1669 1911 1723 1944 hi-

285 1961 390 1995 berna
404 1958 558 1991 Caesaris.
575 1956 635 1990 iter
652 1959 685 1990 in
703 1958 847 1990 Italiam.

247 2071 522 2136 JMULTIS
546 2084 601 2128 de
623 2084 777 2128 caussis
793 2085 953 2134 Caesar,
968 2083 1173 2143 majorem
1191 2083 1346 2128 Galliae
1363 2091 1530 2128 motum
1550 2100 1724 2145 exspec-

241 2154 351 2196 tans,
376 2160 456 2204 per
480 2145 546 2187 Μ.
570 2144 781 2193 Silanum,
815 2144 868 2187 C.
893 2144 1133 2187 Antistium
1154 2143 1389 2202 Reginum,
1427 2143 1479 2186 Τ.
1505 2145 1722 2195 Sextium,

249 2205 452 2264 Legatos,
490 2203 699 2246 dilectum
727 2203 886 2246 habere
914 2203 1121 2247 instituit:
1155 2202 1281 2245 simul
1309 2203 1366 2245 ab
1396 2202 1477 2245 Cn.
1513 2203 1721 2262 Pompeio

256 2326 257 2329 ¹
296 2314 472 2346 Dilectum.
518 2310 571 2343 Sic
595 2312 696 2342 codd.
721 2318 788 2343 vet.
812 2310 874 2344 alii
897 2312 955 2344 ‹Ie-

247 2359 380 2391 lectam.

298 2403 360 2434 Cn.
376 2401 540 2442 Pompeio.
571 2400 668 2430 Anno
687 2399 780 2430 urbis
806 2399 953 2431 conditae

251 2447 315 2479 699
333 2444 499 2486 Pompeio
523 2443 665 2475 Consuli
691 2444 822 2476 ‹lecreta
845 2451 895 2475 est
920 2444 952 2475 in

253 2489 448 2534 proximum
482 2487 752 2529 quinquennium
784 2487 953 2529 Hispania

253 2533 446 2578 provincia,
472 2543 575 2574 quani
593 2542 654 2573 pro
675 2531 823 2563 Consule
846 2532 955 2563 admi-

251 2578 420 2617 nistraret,
456 2576 736 2618 permissumque,
784 2581 820 2606 ut
856 2587 955 2616 quos,

254 2628 339 2665 quot
361 2632 514 2659 numero,
540 2627 573 2652 et
589 2621 824 2661 undecumque
840 2621 954 2653 vellet.

253 2666 381 2698 milites
395 2665 623 2697 conscriberet
638 2666 685 2703 (v.
709 2663 775 2695 Dio
791 2663 884 2694 Cass.
903 2667 954 2701 39,

256 2711 325 2749 38).
370 2707 585 2750 Conscripsit
597 2713 738 2750 ergo‚ut
751 2707 864 2739 Caesar
881 2707 911 2738 li.
932 2708 953 2738 Ι.

255 2753 365 2793 tradit,
380 2754 483 2785 etiam
500 2753 533 2784 in
549 2751 728 2794 Cisalpina
745 2751 857 2784 Gallia
874 2751 957 2789 legi-

257 2808 348 2830 ones.
395 2798 486 2829 Dum
502 2808 582 2829 vero
598 2797 730 2828 abitum
759 2795 794 2827 in
818 2795 957 2836 provin-

255 2841 344 2873 ciam
369 2848 475 2883 parat,
503 2841 659 2873 resistunt
681 2839 713 2872 ci
739 2839 876 2882 quidam
901 2839 958 2871 tri·

255 2885 340 2917 buni
359 2885 470 2927 plebis
485 2891 519 2917 et
535 2885 723 2928 perficiunt,
738 2890 787 2923 ut,
798 2882 908 2915 missis
923 2883 956 2915 in

256 2929 459 2972 Hispaniam
475 2929 606 2964 Petreio
627 2935 661 2962 et
683 2928 836 2968 Afranio,
852 2928 959 2971 Lega-

1021 2313 1077 2345 tis,
1112 2311 1184 2353 ipse
1202 2309 1389 2352 Pompeius
1406 2309 1436 2342 in
1454 2311 1550 2342 ltalia
1574 2318 1724 2345 restaret.

1022 2355 1085 2388 Cui
1102 2367 1217 2393 morae,
1247 2366 1288 2387 ne
1303 2362 1440 2386 coactus
1456 2363 1576 2388 restare
1593 2355 1725 2389 videre-

1022 2407 1085 2439 tur,
1115 2400 1199 2431 hanc
1230 2409 1364 2430 causam
1394 2399 1583 2440 priuauit,
1609 2411 1644 2432 se
1676 2401 1722 2433 rei

1021 2443 1243 2477 frumentariae
1258 2453 1361 2475 causa
1388 2444 1469 2481 (hoc
1485 2451 1536 2476 est
1549 2455 1630 2486 ergo
1648 2445 1681 2476 h.
1700 2446 1723 2477 l.

1018 2489 1110 2531 apud
1125 2488 1305 2520 Caesarem:
1330 2489 1520 2529 reipublic-12
1543 2499 1648 2521 causa
1673 2500 1725 2521 m-

1022 2534 1178 2569 mmwre)
1206 2539 1330 2563 restare
1351 2532 1434 2570 (Dio
1465 2533 1560 2564 Cass.
1583 2535 1636 2571 39,
1657 2536 1724 2573 39),

1021 2578 1118 2619 cujus
1144 2586 1223 2608 cura
1254 2575 1286 2606 ei
1315 2576 1447 2608 duobus
1469 2576 1595 2609 abhinc
1623 2577 1722 2610 annis

1022 2621 1183 2653 Cicerone
1214 2627 1351 2652 auctore
1373 2632 1456 2652 *cum
1488 2621 1723 2661 proconsulari

1025 2664 1169 2707 imperio
1195 2664 1226 2696 in
1241 2665 1511 2706 quinquennium
1527 2665 1723 2698 demandata

1022 2716 1105 2741 erat.
1141 2710 1190 2749 (v.
1212 2709 1287 2740 Cic.
1309 2720 1371 2750 pro
1397 2709 1496 2741 Doni.
1512 2720 1544 2740 c.
1560 2711 1579 2740 4
1601 2720 1673 2751 sqq.
1689 2717 1723 2742 et

1025 2754 1090 2785 Dio
1107 2753 1201 2785 Cass.
1218 2755 1271 2790 39,
1287 2755 1318 2784 9.
1342 2753 1402 2785 ubi
1419 2752 1594 2785 Fabricius
1623 2754 1723 2794 plura

1023 2797 1194 2838 collegit.)
1239 2798 1327 2829 Dum
1350 2808 1430 2838 ergo
1453 2798 1496 2829 ad
1522 2797 1637 2829 urbem
1662 2804 1725 2836 est,

1023 2841 1135 2874 Caesar
1149 2842 1194 2873 ab
1211 2852 1253 2874 eo
1273 2840 1385 2882 petiit,
1399 2847 1435 2873 ut
1450 2840 1616 2883 legionem
1628 2842 1669 2873 ad
1686 2853 1723 2874 se

1024 2886 1194 2928 proticisci
1217 2885 1250 2917 in
1268 2885 1415 2917 Galliam
1439 2891 1618 2927 pateretur.
1658 2886 1726 2918 Ad-

1025 2930 1098 2964 nuit
1120 2929 1325 2975 Pompeius:
1348 2929 1407 2963 sed
1430 2929 1494 2964 sub
1515 2929 1615 2965 initia
1640 2929 1727 2967 belli
