1946 3261
651 163 770 210 LIB.
803 163 909 211 VII.
973 166 1111 211 CAP.
1143 167 1334 217 34—36.
1665 170 1743 214 187

261 288 413 333 castris
436 290 600 349 positis,
622 309 646 335 e
667 294 844 352 regione
865 293 989 336 unius
1008 309 1158 337 eorum
1190 295 1407 354 pontium,
1432 311 1542 355 quos
1565 296 1746 341 Vercin-

263 349 434 406 getorix
454 352 754 401 rescindendos
775 361 1020 402 curaverat,
1044 362 1221 411 postero
1240 355 1309 398 die
1330 372 1429 399 cum
1449 356 1621 400 duabus
1639 358 1744 416 legi-

262 408 416 452 onibus
437 411 479 453 in
501 411 674 454 occulto
695 412 880 461 restitit;
912 412 1103 470 reliquas
1124 414 1268 470 copias
1289 431 1389 458 cum
1407 416 1604 459 omnibus
1624 417 1743 475 inpe-

260 465 479 518 dimentis,
512 478 563 513 ut
591 480 891 521 consueverat,
928 471 1061 522 misit,
1092 472 1232 529 captis
1263 473 1467 531 (quartis)
1495 475 1745 533 quibusque

260 525 531 579 cohortibus,
557 530 623 572 uti
651 545 857 573 numerus
881 530 1100 588 legionum
1123 540 1319 573 constare
1338 532 1579 577 videretur.
1646 534 1744 586 His,

260 600 392 642 quam
430 587 674 645 longissime
707 598 896 647 possent,
924 589 1132 648 progredi
1148 589 1288 647 jussis,
1318 606 1454 647 quum
1480 594 1569 650 jam
1588 610 1640 637 ex
1660 594 1747 638 diei

259 651 456 701 tempore
484 647 784 703 conjecturum
818 658 1010 707 caperet,
1040 648 1083 691 in
1112 657 1254 691 castra
1281 658 1558 707 perventum,
1592 652 1745 697 iisdem

258 703 448 754 sublicis,
481 721 667 762 quarum
697 723 797 765 pars
828 708 1006 751 inferior
1044 708 1216 766 integra
1255 708 1522 758 remanebat,
1566 721 1744 769 pontem

258 761 434 805 reficere
455 764 605 823 coepit.
678 766 895 810 Celeriter
915 767 1068 810 effecto
1098 782 1231 825 opere
1251 767 1585 827 legionibusque
1608 778 1744 814 trans-

257 820 417 872 ductis,
443 831 489 865 et
517 824 614 868 loco
650 826 799 868 castris
827 825 983 869 idoneo
1009 826 1195 875 delecto,
1227 827 1418 884 reliquas
1447 828 1595 886 copias
1621 845 1746 873 revo-

256 882 387 925 cavit.
433 882 783 942 Vercingetorix,
806 902 853 928 re
873 885 1062 943 cognita,
1084 901 1136 927 ne
1157 894 1309 928 contra
1329 901 1451 929 suam
1472 887 1746 933 voluntatem

257 939 464 985 dimicare
485 952 734 1001 cogeretur,
756 945 922 1002 magnis
942 944 1170 988 itineribus
1191 945 1432 988 antecessit.

318 1001 391 1044 36.
426 1002 570 1046 Caesar
590 1019 644 1046 ex
662 1019 714 1046 eo
734 1003 829 1046 loco
849 1004 1012 1061 quintis
1045 1004 1193 1046 castris
1226 1005 1495 1061 Gergoviam
1531 1007 1746 1064 pervenit,

259 1061 537 1119 equestrique
570 1062 727 1120 proelio
765 1078 815 1104 eo
843 1063 911 1105 die
945 1063 1030 1105 levi
1064 1064 1199 1113 facto,
1237 1059 1466 1123 perspecto
1497 1065 1617 1108 urbis
1639 1067 1743 1116 situ,

259 1136 372 1178 quae,
395 1121 535 1179 posita
556 1121 598 1164 in
617 1122 824 1165 altissimo
846 1130 1011 1172 monte,
1049 1123 1184 1165 omnis
1211 1123 1356 1166 aditus
1388 1123 1585 1166 difficiles
1617 1124 1746 1169 habe-

258 1179 350 1230 bat,
386 1180 442 1223 de
477 1182 800 1240 expugnatione
840 1181 1117 1240 desperavit:
1149 1181 1202 1224 de
1236 1183 1474 1226 obsessione
1507 1199 1593 1226 non
1622 1185 1746 1244 prius

257 1239 477 1296 agendum
498 1241 738 1290 constituit,
760 1256 891 1297 quam
915 1257 1004 1284 rem
1027 1241 1355 1284 frumentariam
1376 1242 1632 1300 expedisset.
1682 1246 1747 1287 At

262 1297 614 1356 Vercingetorix,
666 1301 815 1342 castris
862 1316 1001 1358 prope
1051 1300 1265 1359 oppidum
1308 1301 1349 1343 in
1389 1311 1537 1345 monte
1579 1304 1744 1361 positis,

257 1357 549 1401 mediocribus
580 1358 744 1401 circum
765 1375 808 1401 se
831 1359 1069 1402 intervallis
1089 1359 1326 1417 separatim
1346 1359 1619 1418 singularum
1641 1363 1745 1406 civi-

258 1417 415 1460 tatium
437 1417 584 1476 copias
605 1418 909 1460 conlocaverat
927 1433 936 1465 ς
969 1427 1103 1475 atque
1121 1418 1319 1460 omnibus
1340 1419 1431 1477 ejus
1447 1420 1542 1476 jugi
1559 1421 1745 1466 collibus

260 1476 497 1534 occupatis,
520 1492 607 1534 qua
624 1477 785 1535 despici
805 1485 995 1535 poterat,
1018 1476 1273 1519 horribilem
1290 1479 1473 1536 speciem
1495 1481 1741 1537 praebebat:

293 1535 564 1594 rincipesque
586 1552 735 1578 earum
757 1536 1016 1585 civitatium,
1036 1552 1145 1592 quos
1158 1536 1241 1578 sibi
1259 1537 1314 1578 ad
1331 1537 1556 1581 consilium
1573 1540 1744 1598 capien-

257 1551 363 1636 gum
383 1594 623 1653 delegerat,
648 1595 786 1652 prima
816 1594 911 1637 luce
935 1594 1134 1652 quotidie
1154 1595 1208 1637 ad
1226 1611 1269 1637 se
1288 1595 1476 1652 jubebat
1496 1599 1742 1652 convenire,

305 1718 664 1760 Captae—cohortibus.
734 1717 776 1748 Et
810 1717 882 1749 lia-c
915 1723 967 1749 est

259 1762 392 1796 incerta
405 1762 519 1794 lectio.
553 1763 617 1794 Pro
632 1765 735 1803 captis
748 1762 848 1804 pauci
861 1763 966 1793 codd.

256 1813 410 1839 recentes
437 1806 561 1838 habent
577 1807 714 1839 demus.-
735 1807 875 1838 verbum
903 1817 964 1837 nu-

1033 1722 1107 1750 astu
1123 1716 1264 1749 transire
1281 1727 1348 1748 non
1372 1725 1497 1760 posset,
1513 1718 1592 1752 cum
1610 1722 1742 1755 duabus

1034 1761 1230 1803 legionibus
1243 1762 1375 1801 restitit,
1391 1775 1476 1805 quas
1489 1765 1598 1797 ale-nita
1608 1777 1743 1809 quaque

1032 1815 1148 1848 quarta
1167 1807 1310 1838 cohorte
1325 1809 1471 1839 confecit
1486 1820 1492 1838 :
1519 1809 1667 1851 reliquas
1683 1823 1742 1843 co.

257 1851 343 1884 meri
361 1854 492 1893 quartis
506 1851 603 1883 abest
621 1861 640 1882 a
666 1850 832 1893 plerisque
847 1864 854 1882 :
888 1855 965 1893 qni·

257 1897 385 1938 busque
409 1906 476 1928 non
501 1895 565 1928 nisi
585 1895 618 1927 in
637 1906 704 1927 uno
726 1896 805 1927 cod.
833 1895 966 1927 videtur

258 1947 402 1979 exstare,
417 1951 479 1982 pro
494 1951 563 1981 quo
579 1940 679 1972 codd.
692 1950 810 1971 omni-s
827 1941 964 1982 quibus·

257 1985 339 2018 dam
356 1985 494 2023 habent,
512 1990 629 2026 praeter
645 1995 761 2023 unum,
783 1985 815 2016 in
829 1995 898 2026 quo
915 1990 965 2016 est

258 2030 405 2071 quidem.
459 2028 512 2059 Sic
532 2040 590 2071 per
606 2030 708 2060 codd.
725 2029 836 2060 verior
860 2029 963 2061 lectio

259 2073 346 2105 erit:
393 2076 498 2114 caplis
529 2073 730 2115 quibusdam
766 2074 965 2105 colam-tibus.

259 2117 331 2149 Etsi
361 2123 475 2149 autem
504 2128 558 2148 res
584 2123 674 2149 certa
702 2123 766 2156 est,
795 2116 963 2149 Caesarem

257 2162 390 2194 efficere
406 2161 567 2199 voluisse,
592 2172 634 2192 ne
653 2161 767 2193 hostes
793 2161 965 2199 sentirent,

257 2207 342 2239 duas
354 2206 506 2248 legiones
521 2205 682 2237 restitisse
693 2205 725 2237 in
737 2207 890 2245 occu1t03
905 2207 962 2237 sed

258 2258 294 2283 ut
315 2256 481 2292 putarent,
497 2260 618 2282 omnes
632 2261 690 2281 sex
709 2249 860 2291 legiones
876 2251 964 2290 (vid.

256 2306 288 2326 c.
321 2297 378 2335 34)
406 2306 479 2326 esse
512 2295 677 2336 integras:
724 2300 835 2326 tamen
861 2295 964 2335 quaeri

259 2345 382 2381 potest,
405 2340 489 2381 quid
507 2339 572 2370 hoc
590 2338 657 2370 sibi
675 2338 770 2377 velit,
793 2349 870 2369 euin
898 2339 963 2370 hoc

257 2383 426 2422 effecisse,
435 2386 542 2425 captis
551 2384 628 2426 quib
634 2384 750 2415 usdam
766 2384 966 2415 cohortibus.

259 2429 358 2460 Haud
373 2427 479 2460 dubie
493 2438 535 2459 ex
552 2428 606 2459 his
622 2428 807 2459 coliorthus
828 2428 966 2469 quibus-

258 2473 342 2505 dam
369 2471 519 2503 confecit
545 2472 694 2513 aliquam
719 2471 868 2503 militum
893 2482 964 2502 ma-

258 2527 353 2556 num,
376 2527 452 2558 quae
473 2515 641 2548 videretur
665 2527 740 2547 esse
764 2516 869 2547 instar
883 2516 966 2546 dua-

258 2572 332 2593 rum
348 2560 522 2601 legionum
536 2561 742 2593 relictarum.
768 2560 902 2591 Vitium
916 2566 966 2591 est

259 2605 294 2638 in
318 2605 425 2637 verbo
449 2606 563 2646 captis.
606 2604 764 2636 Ceterum
789 2614 873 2643 rem,
898 2604 963 2636 hoc

257 2650 370 2692 capite
387 2654 570 2687 narratam,
585 2648 722 2690 repetiit
738 2649 915 2689 Polyaenus
931 2647 964 2679 in

261 2694 400 2734 Strateg.
417 2696 450 2727 8,
466 2696 520 2731 23,
531 2695 565 2724 9.
603 2692 704 2724 Conf.
721 2693 788 2723 Dio
802 2692 896 2724 Cass.
910 2694 965 2732 40,

260 2742 310 2771 35.
336 2739 388 2770 M.
433 2736 600 2769 Cellarius
631 2737 754 2778 probat
782 2736 964 2768 lectionem

258 2784 378 2815 demtis
393 2784 522 2824 quartis
535 2781 721 2823 quibusque
733 2782 918 2813 cohortibus
931 2786 965 2812 et

256 2827 407 2859 admittit
416 2825 664 2867 expositionem
676 2825 717 2855 D.
732 2824 848 2857 Vossii
864 2837 872 2856 z
888 2825 964 2857 Cae-

259 2882 312 2904 sar
342 2882 401 2903 sex
429 2869 584 2913 legiones
613 2869 646 2901 in
677 2870 844 2902 Arvernos
871 2870 966 2902 duxit

255 2916 349 2958 (cap.
375 2915 446 2954 34.)
473 2915 656 2946 secundum
684 2913 809 2945 flumen
836 2914 962 2946 Elaver

256 2961 299 2994 ad
314 2959 529 3004 Gergoviam,
555 2958 647 2998 dein,
671 2969 751 2992 cum
776 2958 811 2992 id
836 2958 960 2991 flumen

1035 1851 1112 1892 pias
1142 1850 1243 1882 misit.
1289 1851 1343 1882 Sic
1372 1863 1414 1883 ex
1444 1852 1506 1884 LX
1538 1854 1739 1887 cohortibus

1033 1902 1141 1936 capue
1161 1895 1226 1926 XV
1245 1896 1395 1936 speciem
1411 1897 1548 1929 duarum
1567 1899 1743 1940 legionum

1034 1945 1065 1971 et
1094 1940 1187 1971 XLV
1207 1940 1342 1982 reliquae
1373 1952 1431 1972 sex
1465 1942 1640 1983 legionum
1667 1956 1747 1987 spe-

1033 1983 1122 2015 ciem
1136 1984 1344 2024 prabebant.

1084 2029 1317 2060 'I'1·a›1.e1lucm.
1353 2028 1436 2059 Cod·
1471 2030 1603 2062 Carrar.
1631 2037 1743 2065 trans-

1037 2074 1154 2104 missa.

1081 2118 1134 2147 De
1149 2119 1395 2158 arpnqmuione
1409 2120 1637 2152 —conscicaie.
1660 2121 1745 2153 Sen-

1033 2171 1090 2191 sus
1111 2166 1160 2191 est
1183 2161 1402 2202 perspicuus:
1434 2161 1534 2200 vidit,
1560 2172 1625 2195 non
1645 2175 1743 2206 posse

1033 2205 1152 2236 urbem
1171 2204 1262 2246 capi,
1287 2205 1349 2237 etsi
1377 2205 1607 2239 obsideretur:
1633 2211 1741 2242 voluit

1032 2255 1146 2280 tamen
1161 2260 1238 2281 cam
1249 2249 1433 2281 obsidione
1443 2249 1651 2292 aliquamdiu
1665 2266 1742 2296 pre-

1032 2303 1137 2330 mere,
1168 2294 1226 2325 sed
1249 2301 1446 2330 „commeatu
1467 2302 1565 2327 antea
1590 2299 1741 2338 proviso}

1033 2338 1078 2368 Et
1093 2336 1147 2369 hic
1164 2349 1282 2370 sensus
1309 2338 1343 2370 in
1370 2339 1540 2380 metaphr.
1557 2340 1664 2374 Graec.
1681 2354 1742 2374 ex-

1034 2392 1168 2422 pressus
1184 2390 1246 2414 est.
1271 2382 1356 2414 Cum
1372 2388 1487 2415 autem
1500 2385 1740 2428 codd.aliquot

1033 2436 1100 2457 non
1140 2427 1283 2459 habeam
1323 2427 1438 2465 verba,
1472 2428 1527 2459 des
1554 2433 1669 2469 muru,
1701 2432 1742 2463 de

1032 2471 1317 2512 obsessi0110,.quae
1335 2480 1368 2502 et
1385 2471 1501 2503 Julius
1515 2440 1632 2505 (gelsus
1649 2475 1738 2506 omi-

1032 2514 1075 2546 sit
1092 2527 1100 2546 z
1124 2526 1269 2556 cunique
1283 2515 1343 2547 alii
1368 2526 1482 2547 rursus
1498 2518 1742 2560 obpuynatz'one

1031 2569 1093 2600 pro
1131 2563 1376 2601 eaepufflmtione
1414 2560 1597 2592 exhibeant
1616 2573 1624 2592 ε
1668 2573 1737 2596 non

1032 2604 1120 2635 male
1149 2604 1343 2645 suspicatur
1366 2604 1644 2646 Oudendorpius,
1662 2607 1740 2639 Cae-

1032 2658 1140 2679 sarem
1171 2648 1370 2690 simpliciter
1398 2648 1595 2689 scripsisse:
1621 2651 1663 2682 cle
1682 2653 1740 2683 ob-

1027 2695 1237 2733 puqmate'one
1252 2703 1320 2725 non
1342 2694 1438 2734 pria-s·
1461 2694 1634 2731 (mendum
1659 2705 1738 2728 con-

1029 2739 1146 2768 stituit.
1173 2738 1222 2767 M.
1270 2736 1305 2767 Si
1333 2736 1442 2777 proba
1456 2742 1506 2767 est
1531 2737 1634 2770 lectio
1663 2740 1739 2772 vul-

1029 2786 1118 2821 gata.
1164 2780 1379 2822 intelligenda
1431 2786 1481 2811 est
1531 2787 1736 2825 expuynatio

1028 2826 1152 2857 subita.

1075 2871 1184 2911 Prope
1194 2869 1364 2910 oppidum.
1381 2868 1427 2900 al.
1440 2880 1501 2911 pro
1514 2872 1644 2912 oppido.

1077 2915 1154 2948 Qua
1178 2913 1302 2955 despici
1325 2919 1457 2954 poterat
1482 2914 1516 2947 in
1539 2921 1645 2949 castra
1663 2918 1734 2950 Ro·-

1031 2968 1140 2992 mana.
1164 2957 1218 2990 Cf.
1234 2968 1265 2989 c.
1282 2958 1336 2989 45.
1360 2958 1411 2990 M.
