1946 3261
0 1010 2 1023 «Α
0 886 4 1002 ᾗ,
0 745 10 872 —..V;-

679 217 799 263 LIB.
833 216 890 261 V.
954 217 1093 262 GAP.
1124 215 1316 261 29-32.
1650 219 1732 262 117

303 343 377 387 30.
412 344 512 390 Hac
531 345 576 391 in
597 353 829 404 utramque
851 352 1022 405 partem
1041 344 1335 403 disputatione
1354 341 1520 395 habita,
1541 359 1680 403 quum
1702 362 1732 390 a

248 402 386 447 Cotta
420 405 657 464 primisque
692 406 916 449 ordinibus
947 403 1106 447 acriter
1130 404 1420 453 resisteretur,
1456 411 1485 430 “
1509 403 1730 455 Vincite,''

243 459 403 520 inquit,
427 473 458 491 ‘⁶
480 465 515 508 si
534 465 597 508 ita
617 464 794 514 vultis,''
818 464 1023 514 Sabinus,
1040 470 1085 505 et
1103 461 1149 504 id
1165 462 1345 504 clariore
1366 478 1487 514 voce,
1503 470 1554 505 ut
1569 479 1728 522 magna

242 535 342 577 pars
358 523 546 567 militum
566 523 825 567 exaudiret:
860 530 890 550 ‘⁶
905 537 1045 579 neque
1066 520 1100 563 is
1121 522 1258 569 sum,”
1293 520 1452 577 inquit,
1476 529 1506 548 “
1529 521 1607 580 qui
1629 538 1728 581 gra-

243 585 272 604 “
295 579 465 624 vissime
485 598 539 624 ex
565 581 687 625 vobis
718 581 867 624 mortis
899 579 1097 639 periculo
1116 586 1309 620 terrear:
1343 577 1388 620 hi
1409 580 1594 638 sapient,
1622 589 1668 623 et
1689 581 1728 625 si

242 643 272 663 ‘¹‘
295 639 472 696 gravius
501 639 611 697 quid
636 632 861 690 acciderit,
884 641 960 683 abs
992 648 1037 682 te
1057 637 1271 681 rationem
1290 646 1540 694 reposcent:
1574 639 1667 697 qui,
1689 640 1727 684 si

240 702 270 722 “
293 712 373 754 per
393 705 438 741 te
473 698 618 749 liceat,
655 698 894 756 perendino
924 697 995 741 die
1028 712 1126 740 cum
1161 695 1367 754 proximis
1399 695 1588 739 hibernis
1625 714 1725 742 con-

238 761 269 781 “
290 755 450 814 juncti,
485 772 755 800 communem
791 772 890 800 cum
926 756 1106 814 reliquis
1136 754 1244 797 belli
1279 769 1427 796 casum
1466 755 1724 809 sustineant,

237 819 267 840 ‘⁴
292 829 370 857 nec
388 816 539 875 rejecti
561 824 606 859 et
628 815 813 874 relegati
834 816 962 874 longe
983 817 1040 860 ab
1063 813 1218 857 ceteris
1245 820 1323 855 aut
1351 812 1469 856 ferro
1497 820 1576 856 aut
1608 814 1723 860 fame

235 879 266 899 ‘⁶
289 872 550 918 intereant.”

291 933 365 975 31.
398 932 692 992 Consurgitur
712 949 766 976 ex
785 932 988 981 consilio;
1020 929 1394 989 comprehendunt
1415 936 1656 988 utrumque
1676 940 1723 976 et

234 999 378 1042 orant,
412 999 442 1018 ‘⁶
463 1008 518 1036 ne
553 1007 631 1035 sua
666 991 926 1035 dissensione
964 998 1009 1034 et
1043 988 1287 1049 pertinacia
1322 1004 1413 1032 rem
1443 988 1489 1030 in
1509 1005 1722 1034 summum

234 1057 264 1077 “
287 1051 532 1109 periculum
551 1049 798 1093 deducant:
831 1050 1004 1094 facilem
1035 1064 1124 1091 esse
1156 1063 1264 1098 rem,
1295 1063 1372 1090 seu
1392 1056 1611 1099 maneant,
1644 1066 1723 1093 seu

234 1117 264 1137 “
288 1110 633 1168 proficiscantur,
666 1109 702 1152 si
721 1109 849 1152 modo
887 1124 1023 1152 unum
1052 1123 1198 1150 omnes
1217 1106 1408 1149 sentiant
1429 1121 1479 1148 ac
1501 1108 1722 1164 probent;

234 1176 264 1196 ‘⁶
288 1177 442 1212 contra
469 1170 513 1212 in
534 1168 793 1213 dissensione
815 1168 978 1211 nullam
1009 1183 1053 1210 se
1072 1165 1258 1209 salutem
1279 1164 1573 1224 perspicere.’'
1634 1166 1724 1210 Res

231 1227 527 1286 disputatione
568 1227 625 1271 ad
664 1227 852 1271 mediam
873 1234 1046 1270 noctem
1089 1223 1362 1284 perducitur.
1425 1223 1625 1268 Tandem
1643 1225 1725 1270 dat

235 1286 371 1329 Cotta
393 1295 614 1346 permotus
637 1302 814 1336 manus;
846 1293 1028 1345 superat
1050 1283 1265 1327 sententia
1290 1282 1457 1327 Sabini.
1523 1283 1723 1328 Pronun-

231 1344 392 1394 ciatur,
428 1345 567 1404 prima
594 1345 692 1388 luce
724 1346 886 1388 ituros:
921 1343 1188 1387 consumitur
1218 1341 1375 1399 vigiliis
1412 1340 1585 1398 reliqua
1618 1359 1722 1402 pars

232 1404 384 1454 noctis,
408 1420 547 1462 quum
577 1420 654 1446 sua
675 1404 860 1461 quisque
892 1403 1013 1445 miles
1045 1401 1414 1458 circumspiceret,
1443 1400 1552 1457 quid
1575 1417 1721 1446 secum

231 1471 411 1522 portare
432 1471 590 1522 posset,
626 1462 734 1521 quid
772 1478 826 1505 ex
861 1462 1147 1504 instrumento
1169 1458 1453 1502 hibernorum
1474 1459 1723 1517 relinquere

229 1530 476 1580 cogeretur.
542 1522 700 1564 Omma
738 1521 1063 1578 excogitantur,
1102 1533 1241 1575 quare
1282 1532 1361 1559 nec
1395 1516 1485 1559 sine
1521 1519 1722 1576 periculo

227 1589 457 1623 maneatur
480 1587 524 1623 et
542 1580 752 1638 languore
772 1579 960 1621 militum
983 1586 1028 1620 et
1044 1576 1204 1635 vigiliis
1220 1575 1462 1633 periculum
1481 1585 1719 1634 augeatur.

229 1639 377 1682 Prima
398 1639 495 1682 luce
514 1639 574 1681 sic
595 1654 648 1681 ex
669 1637 819 1680 castris
842 1636 1195 1695 proficiscuntur,
1224 1642 1275 1675 ut
1296 1634 1457 1690 quibus
1488 1642 1599 1676 esset
1620 1652 1718 1693 per.

225 1714 415 1748 suasum,
449 1713 535 1741 non
557 1698 615 1742 ab
637 1697 775 1747 hoste,
813 1695 887 1739 sed
916 1696 972 1739 ab
992 1694 1160 1738 homine
1183 1692 1437 1735 amicissimo
1459 1691 1719 1753 Ambiorige

224 1757 449 1800 consilium
486 1757 655 1807 datum,
702 1755 947 1814 longissimo
1004 1753 1174 1813 agmine
1221 1751 1503 1809 maximisque
1548 1751 1717 1812 inpedi-

222 1824 450 1919 m‘igis'At
470 1874 629 1925 hostes,
653 1881 940 1933 posteaquam
961 1888 1014 1915 ex
1033 1878 1249 1914 nocturno
1266 1868 1444 1912 fremitu
1462 1869 1715 1930 vigiliisque

221 1935 276 1978 de
297 1934 567 1994 profectione
586 1950 735 1977 eorum
749 1939 990 1982 senserunt,
1005 1930 1239 1974 conlocatis
1254 1927 1417 1972 insidiis
1435 1928 1648 1987 bipartito
1671 1931 1716 1976 in

220 1995 337 2038 silvis
357 1995 607 2054 obportuno
621 2002 756 2052 atque
769 1992 944 2036 occulto
956 1991 1069 2039 loco,
1086 2005 1112 2033 a
1127 1988 1302 2033 milibus
1317 2003 1524 2048 passuum
1539 1989 1716 2035 circiter

266 2149 394 2181 Primis
415 2148 598 2187 ordinibus,
616 2146 639 2179 i.
656 2157 688 2178 e.
709 2145 929 2178 Centurioni-
1002 2142 1145 2174 Vossius
1163 2151 1339 2184 perperam
1365 2142 1408 2173 ad
1423 2141 1542 2174 locum
1556 2149 1709 2177 nostrum

219 2192 284 2225 bus
315 2192 503 2234 primorum
530 2192 702 2224 ordinum.
751 2191 805 2222 Sic
839 2193 869 2229 6,
895 2192 927 2222 7.
996 2193 1146 2229 spectare
1180 2192 1287 2229 putat,
1311 2186 1533 2229 reprehensus
1557 2189 1632 2231 jure
1659 2189 1705 2222 ab

224 2237 364 2270 Tribuni
404 2239 551 2269 militum
587 2241 617 2268 et
653 2237 758 2278 primi
787 2236 928 2270 ordines,
996 2232 1086 2264 Oud.

219 2281 255 2313 h.
271 2293 302 2313 e.
347 2281 575 2313 Centuriones
602 2291 651 2322 pr.
676 2279 747 2311 ord.
773 2278 833 2310 ubi
855 2278 923 2310 vid.
1043 2277 1165 2308 Omnia
1180 2276 1420 2317 excoqitantur‚
1448 2273 1596 2317 quilibet
1609 2275 1708 2309 mili-

219 2324 396 2358 Davisius.
418 2326 456 2358 In
479 2331 620 2367 utroque
650 2325 729 2356 loco
758 2323 927 2364 metaphr.
991 2325 1077 2360 tum,
1104 2325 1140 2352 ut
1161 2319 1206 2351 sit
1235 2319 1269 2351 in
1301 2318 1453 2350 dissensu
1477 2324 1511 2350 et
1525 2321 1701 2361 perturba-

218 2369 274 2401 Gr.
304 2372 431 2411 primos
474 2371 603 2403 ordines
640 2367 755 2405 vertit,
789 2366 924 2411 πρώτων
987 2364 1092 2403 tione,
1143 2363 1314 2405 excogitat
1348 2367 1384 2394 et
1430 2363 1703 2398 comminiscitur

218 2413 410 2457 ταξιάρχους,
455 2413 509 2445 Cf.
536 2415 598 2446 Int.
628 2413 672 2444 ad
702 2410 824 2443 Vellei.
849 2412 922 2442 Pat.
988 2410 1159 2450 speciosas
1187 2417 1319 2446 causas,
1349 2417 1410 2439 cur
1438 2407 1505 2439 hoc
1536 2413 1596 2440 aut
1625 2409 1699 2441 alio

217 2460 250 2495 9,
267 2459 321 2488 92.
336 2463 369 2488 et
391 2457 542 2490 Gronov.
562 2458 606 2489 ad
626 2456 706 2488 Liv.
730 2458 783 2493 30,
801 2457 833 2486 4.
880 2456 923 2487 Et
986 2455 1093 2486 modo
1107 2458 1195 2495 agat,
1209 2452 1446 2493 agendumque
1461 2456 1567 2493 putet.
1597 2453 1695 2485 Alius

217 2502 360 2533 fortasse
371 2501 438 2534 hoc
448 2502 603 2542 exemplo
619 2498 921 2540 defendataliquis‚
985 2507 1066 2539 ergo
1090 2502 1187 2540 putat
1210 2496 1433 2528 festinandum
1459 2506 1533 2527 esse
1562 2495 1634 2535 iter,
1658 2501 1696 2528 et

214 2545 455 2577 centurionem
471 2545 573 2587 primi
591 2545 653 2587 pili
671 2543 821 2586 potuisse.
839 2543 920 2574 sim·
982 2546 1091 2573 totam
1118 2547 1254 2574 noctem
1269 2540 1500 2581 adparandum
1516 2551 1526 2579 ;
1551 2549 1645 2578 nam,
1659 2540 1688 2572 si

212 2589 350 2631 pliciter
364 2589 434 2621 dici
450 2590 596 2631 primum
610 2589 731 2631 pilum,
742 2589 859 2629 dequo
876 2589 920 2619 ad
979 2592 1180 2618 cunctentur
1193 2590 1226 2616 et
1240 2589 1410 2622 maneant,
1429 2593 1496 2615 non
1512 2582 1585 2614 sine
1601 2583 1692 2624 peri-

213 2638 246 2673 2,
263 2637 305 2666 25
319 2633 449 2666 dictum
464 2640 526 2666 est.
549 2635 599 2665 M.
980 2631 1059 2662 culo
1077 2629 1223 2662 maneri:
1246 2627 1333 2660 alius
1348 2632 1464 2659 contra
1478 2632 1577 2668 negat
1598 2627 1691 2660 festi-

260 2679 345 2710 Bella·
367 2688 492 2710 casum.
531 2678 570 2708 Τδ
591 2679 664 2710 belli
686 2675 916 2718 proscriptum
979 2676 1127 2706 nandum
1169 2674 1252 2712 iter3
1290 2682 1369 2704 nam
1408 2671 1573 2719 adparatu
1611 2672 1688 2713 ejus

209 2722 254 2754 ab
271 2723 491 2754 Hotomanno
501 2722 626 2753 delevit
648 2721 809 2762 Scaliger,
824 2730 918 2752 revo-
981 2718 1178 2761 vigiliisque
1194 2717 1228 2749 in
1238 2717 1435 2757 languorem
1446 2715 1570 2763 conjici
1583 2725 1687 2756 posse

207 2766 302 2799 cavit
319 2766 408 2797 Oud.
431 2766 545 2797 Habet
561 2773 594 2797 et
608 2766 757 2797 Graecus.
978 2763 1105 2795 milites
1135 2768 1168 2794 et
1198 2762 1263 2792 hoc
1294 2761 1456 2800 languore
1493 2759 1684 2799 penculum

257 2811 326 2843 Nec
338 2812 458 2851 rejecti.
472 2810 518 2841 al.
532 2820 611 2842 non.
973 2806 1101 2849 augeri.
1130 2807 1181 2838 M.
1225 2804 1319 2836 Male
1335 2804 1423 2834 hunc
1442 2802 1557 2834 locum
1572 2803 1685 2836 reddi·

257 2855 548 2896 Comprehemlunt
582 2858 777 2895 utrumque.
838 2853 910 2885 Nu-
971 2852 1021 2883 dit
1036 2852 1184 2883 Graecus.

209 2908 303 2930 mum
332 2898 476 2930 Tituriae
503 2898 625 2939 gemui,
657 2908 726 2939 quo
763 2897 910 2938 Tarpeia
1020 2896 1180 2928 Maivz'mz's
1210 2890 1420 2934 (permultis)
1440 2891 1681 2934 inpedimentis.

207 2941 304 2985 virgo
319 2953 340 2975 a
354 2942 491 2975 Sabinis
508 2943 630 2975 obruta
646 2940 750 2974 scutis
765 2941 909 2973 exhibe·
972 2942 1014 2974 M
1014 2961 1021 2969 ·

208 2990 260 3024 tur
282 2987 330 3027 (v.
350 2986 510 3026 Vaillant.
525 2986 604 3021 NN.
620 2987 701 3021 sani.
724 2996 765 3019 ea
779 2987 908 3028 gente),
1019 2984 1206 3029 Obporttmo
1227 2985 1327 3025 atque
1348 2981 1472 3014 occulto
1484 2980 1562 3015 loco.
1578 2980 1681 3026 code¹
