1946 3261
556 290 674 337 ΠΒ.
708 286 789 337 VI.
852 287 992 334 CAP.
1029 288 1097 334 17.
1150 286 1153 289 ’

104 427 134 448 “
156 421 442 466 artificiorum
462 420 584 466 initia
604 419 857 469 transdere;
902 418 933 461 J
937 431 1062 462 ovem
1090 416 1322 477 imperium
1349 417 1585 466 caelestium

103 487 134 507 ‘⁴
156 489 305 526 tenere
326 498 336 531 ;
371 483 564 525 Martem
585 481 701 525 bella
720 493 889 538 regere.
952 477 1088 527 Huic,
1110 492 1248 534 quum
1274 478 1434 538 proelio
1457 478 1585 523 dimi·
1638 489 1642 492 ’

103 547 134 566 “
157 556 254 584 care
295 541 632 590 constituerunt,
668 555 734 589 ea,
775 553 874 596 quae
908 535 1030 579 bello
1069 535 1285 593 ceperint,
1323 537 1587 597 plerumque

106 606 136 625 ‘⁶
158 599 392 643 devovent.
467 600 576 649 Quae
604 595 925 657 superaverint,
955 593 1158 638 animalia
1187 603 1317 652 capta
1346 595 1585 649 inmolant;

107 663 140 684 “
160 658 352 715 reliquas
372 674 440 701 res
454 657 500 700 in
522 672 658 700 unum
676 657 821 699 locum
836 654 1082 698 conferunt.
1149 653 1311 696 Multis
1329 653 1373 696 in
1395 653 1585 700 civitati-

104 724 136 744 “
156 715 238 760 bus
258 716 413 760 harum
434 732 584 760 rerum
604 722 852 760 exstructos
871 712 1065 757 tumulos
1083 711 1190 756 locis
1209 713 1472 757 consecratis
1493 730 1595 760 con.

151 827 281 860 Jovem.
324 827 427 859 Hunc
447 827 567 859 volunt
580 826 709 859 dictum
732 836 809 859 esse

111 873 281 909 Tamum,
289 872 344 903 vel
362 873 541 911 Taramm,
552 872 608 903 vel
624 873 813 910 Taranum,

112 927 147 948 v.
163 914 289 947 Ritteri
303 915 384 947 hist.
400 915 489 947 Gall.
506 926 583 957 pag.
599 916 660 947 241
680 920 714 947 et
736 917 811 946 250.

108 959 314 1002 Confugiunt
329 959 431 992 etiam
446 961 488 991 ad
507 959 633 991 Lucan.
658 959 814 991 Pharsal.

116 1005 146 1044 1,
169 1006 248 1043 446,
272 1003 333 1036 ubi
362 1005 523 1043 Taranis,
543 1014 667 1036 nomen
690 1002 815 1035 Gallici

110 1048 282 1088 Numinis,
297 1048 467 1080 occurrit:
490 1048 548 1079 sed
572 1049 660 1080 unde
683 1052 816 1080 consta-

112 1092 167 1125 bit
180 1098 287 1131 certo,
301 1092 391 1125 hunc
407 1102 480 1124 esse
496 1092 640 1124 Jovem?
664 1092 715 1123 M.

125 1152 127 1154 ·
154 1138 313 1169 Martem.
357 1137 459 1168 Hunc
478 1147 553 1168 esse
576 1138 720 1175 Heswm,
742 1135 816 1168 sive

112 1181 233 1220 Eswm,
251 1186 439 1220 autumant,
457 1182 550 1222 quod
574 1191 699 1212 nomen
725 1181 816 1221 apud

112 1227 242 1258 Lucan.
258 1225 283 1257 1.
298 1235 328 1257 c.
343 1230 377 1257 et
390 1226 543 1257 Lactant.
555 1224 660 1256 divin.
672 1224 816 1256 institut.

119 1272 148 1308 1,
176 1271 232 1300 21.
261 1269 384 1301 dicitur
410 1279 484 1301 esse
506 1279 631 1300 nomen
656 1267 816 1300 Numinis

112 1313 254 1345 Gallici:
277 1323 482 1355 quamquam
495 1313 575 1345 aliis
589 1312 733 1355 placuit,
747 1314 818 1344 He-

110 1368 188 1390 sum
211 1367 286 1388 esse
311 1357 447 1388 Jovem.
507 1357 560 1388 De
592 1358 684 1388 Heso
710 1355 819 1388 tribus

114 1401 202 1434 locis
221 1400 373 1432 Ritterus
388 1400 422 1432 in
442 1400 523 1432 hist.
549 1400 636 1432 Gall.
660 1399 759 1431 dixit.
783 1411 819 1441 p.

115 1448 192 1477 226.
207 1447 284 1477 241.
302 1448 379 1477 252.
423 1446 517 1476 Idem
539 1444 665 1486 profert
692 1454 712 1474 e
733 1443 820 1475 Gru-

118 1489 195 1520 terii
212 1489 378 1530 inscriptt.
401 1489 492 1527 (XL,
510 1490 541 1520 9.
557 1489 642 1519 adde
658 1488 750 1526 LVI,
770 1489 819 1518 11.

124 1534 191 1573 12.)
207 1543 393 1575 cognomen
406 1532 577 1564 Gallicum
588 1531 719 1567 Martis,
729 1532 822 1573 quod

117 1583 168 1609 est
193 1579 366 1609 Camulws.
427 1576 529 1608 Aliud
552 1583 821 1613 monumentum,

123 1621 267 1653 Parisiis
283 1626 469 1662 repertum,
485 1619 645 1651 exhibuit
660 1619 718 1651 aeri
736 1618 823 1650 inci-

119 1676 193 1697 sum
218 1665 389 1696 Eccardus
411 1665 453 1695 de
476 1663 563 1705 orig.
585 1664 700 1695 Germ.
723 1664 766 1694 ad
787 1674 822 1704 p.

122 1712 196 1741 123.
211 1708 245 1740 in
258 1719 325 1750 quo
338 1708 400 1748 vir,
411 1713 539 1749 vegetae
551 1707 672 1746 aetatis,
684 1706 824 1748 inguina

115 1754 223 1785 linteo
245 1753 388 1791 cinctus,
410 1758 521 1784 cetera
544 1753 665 1789 nudus,
690 1757 826 1793 praeter-

115 1808 215 1840 quam
221 1797 312 1838 quod
319 1808 337 1828 e
344 1796 478 1828 sinistro
488 1796 630 1828 humero
638 1805 699 1837 per
706 1801 826 1837 pectus

118 1843 161 1874 ad
183 1840 390 1873 umbilicum
409 1851 513 1882 usque
528 1840 649 1872 defluit
666 1841 823 1881 quaedam

119 1886 218 1927 quasi
234 1885 342 1917 fascia
363 1884 472 1916 laxior
493 1890 527 1917 et
548 1894 684 1926 rugosa,
707 1883 825 1924 (quem

120 1941 196 1962 esse
211 1936 296 1972 puto
311 1939 456 1971 pannum
471 1930 701 1965 convolatum,
723 1926 825 1968 palli-

123 1975 182 2006 olo
198 1973 357 2012 similem,
367 1972 426 2015 qui
440 1969 776 2013 potueritexplicari,
790 1975 825 2000 et

121 2017 256 2060 corpori
273 2015 509 2055 circumvolvi,
532 2015 560 2047 si
577 2026 597 2047 a
612 2013 826 2056 tempestatis

122 2062 256 2104 injuriis
270 2061 488 2093 muniendum
504 2066 591 2091 esset
604 2058 755 2100 corpus)
775 2057 827 2090 vir

123 2117 206 2148 ergo
237 2106 295 2138 ille
324 2110 430 2146 caput
459 2104 563 2136 ramis
592 2103 766 2135 redimitus
793 2101 826 2133 in

123 2151 267 2182 sormam
305 2159 438 2181 coronae
474 2147 650 2190 oleaginae,
691 2147 826 2188 qualem

127 2195 254 2236 Apollo
284 2199 412 2235 gestare
441 2193 538 2231 solet,
566 2193 676 2223 adstat
703 2190 829 2229 arbori,

125 2239 259 2270 sinistra
289 2248 420 2269 ramum
451 2236 676 2278 prehendens,
712 2236 830 2266 dextra.

124 2282 271 2315 securim
282 2282 455 2319 attollens,
468 2280 598 2322 quippe
610 2290 741 2311 ramum
755 2289 831 2310 suc-

125 2328 270 2365 cisurus,
296 2336 383 2368 genu
412 2325 547 2357 sinistro
577 2323 677 2355 nixus
713 2329 830 2354 trunco

127 2370 271 2402 arboris.
309 2369 512 2411 Inscriptum
527 2374 578 2400 est
591 2377 714 2399 nomen
730 2369 832 2398 Esus.

128 2414 260 2446 Scimus
274 2424 367 2456 ergo,
384 2415 491 2445 Esum
505 2412 609 2444 fuisse
625 2410 738 2442 εἴδωλον
752 2411 833 2442 Gal-

128 2459 233 2490 licum
247 2470 256 2498 3
280 2468 322 2489 an
340 2459 425 2490 Esus
440 2457 543 2489 suerit
557 2457 662 2494 Mars,
674 2455 734 2498 qui
751 2455 832 2486 defi-

131 2503 224 2534 niat?
268 2503 420 2533 Addatur
444 2501 606 2533 Schedius
631 2511 710 2542 pag.
735 2500 833 2539 (111)

134 2549 208 2585 161,
233 2546 331 2587 cujus
353 2545 465 2577 editor
484 2545 620 2577 Jarkius
643 2545 684 2576 de
712 2553 835 2575 monu-

131 2595 247 2622 mento
258 2589 411 2621 Parisino
426 2590 539 2630 plures
550 2590 728 2630 scriptores
739 2598 835 2619 com-

134 2633 349 2667 memoravit.
394 2632 541 2664 Omnino
558 2634 600 2664 de
617 2632 835 2669 Numinibus,

130 2679 296 2711 hactenus
310 2676 526 2715 enumeratis,
548 2676 596 2708 sic
620 2677 834 2708 statuendum

132 2724 275 2761 videtur,
298 2722 417 2753 Gallos
438 2720 660 2759 existimasse,
690 2730 837 2761 corpora

135 2768 295 2805 humana,
311 2776 408 2807 opes,
423 2765 569 2806 negotia,
586 2764 718 2802 itinera,
732 2764 835 2802 bella,

136 2810 303 2843 contineri
320 2815 422 2851 atque
437 2808 616 2850 gubernari
635 2809 679 2840 ab
695 2818 762 2839 una
778 2817 837 2839 na-

138 2861 224 2894 tura,
251 2860 311 2886 aut
341 2853 497 2895 pluribus
525 2853 666 2884 fortasse
701 2851 838 2889 naturis,

137 2900 225 2931 ultra
242 2900 427 2930 humanam
441 2895 671 2928 conditionem
685 2895 770 2935 vita,
790 2895 839 2933 vi,

140 2943 313 2985 dignitate,
339 2943 440 2983 longe
467 2940 614 2980 evectis3
652 2940 733 2972 illos
759 2950 838 2971 vero

139 2987 308 3025 homines,
324 2987 358 3018 in
374 2987 525 3018 Deorum
539 2995 715 3016 numerum
727 2994 843 3025 recep-

139 3035 204 3069 tos,
226 3041 403 3072 rerumque
426 3030 581 3062 omnium
605 3030 843 3066 moderatores,

138 3075 257 3117 quales
282 3075 418 3117 Jupiter
440 3080 474 3109 et
495 3074 623 3116 Apollo
653 3073 846 3107 Graecorum

877 824 1146 866 Latinorumque
1173 823 1322 863 fuerunt,
1350 823 1461 856 Gallis
1488 824 1592 866 plane

878 869 982 902 fuisse
996 869 1140 911 ignotos.
1178 869 1229 900 An
1245 867 1391 910 singulis
1405 869 1524 901 mundi
1541 880 1595 900 re-

876 924 1019 955 rumque
1043 913 1267 945 humanarum
1293 911 1450 954 partibus
1473 911 1593 955 singu-

876 957 929 990 las
952 957 1120 999 ejusmodi
1145 962 1284 989 naturas
1313 956 1474 989 celsiores
1503 968 1592 999 prae-

879 1002 1043 1042 fecerint3
1078 1012 1123 1034 an
1153 1002 1275 1033 eadem
1302 1000 1351 1040 vi,
1379 1011 1450 1042 qua
1478 1001 1591 1033 Graeci

880 1046 1007 1078 Jovem
1022 1051 1056 1078 et
1070 1045 1281 1088 Apollinem,
1294 1045 1457 1087 praeditas
1471 1045 1594 1077 existi-

881 1090 1024 1130 marint3
1050 1100 1094 1122 an
1110 1100 1153 1122 eo
1169 1090 1288 1125 modo,
1301 1100 1369 1130 quo
1385 1089 1509 1129 Graeei,
1520 1089 1592 1121 dis-

877 1134 1054 1173 tinxerint,
1074 1140 1112 1166 ut
1133 1135 1218 1166 adeo
1241 1134 1396 1166 Gallicus
1417 1139 1590 1165 mercatu-

879 1189 925 1211 rae
940 1189 1064 1220 praeses
1077 1190 1098 1210 a
1118 1178 1251 1210 Gallica
1274 1177 1495 1220 opificiorum
1515 1187 1591 1209 ma·-

878 1223 982 1265 gistra
996 1224 1116 1255 eodem
1132 1223 1233 1264 plane
1247 1223 1362 1262 modo,
1386 1221 1437 1253 uti
1453 1222 1592 1254 Mercu-

879 1268 950 1300 rius
978 1268 1157 1299 Romanus
1181 1277 1205 1298 a
1230 1266 1390 1298 Minerva
1421 1267 1592 1305 Romana„

881 1312 1030 1344 differret
1041 1324 1052 1352 3
1081 1313 1122 1344 de
1136 1310 1192 1343 his
1207 1310 1370 1343 omnibus
1383 1320 1592 1352 magnopere

881 1355 1032 1388 dubitari
1060 1361 1185 1397 potest.
1240 1354 1390 1387 Romani
1419 1361 1456 1386 et
1483 1354 1596 1386 Graeci

882 1399 1049 1441 quidquid
1058 1398 1237 1441 religionis
1249 1404 1371 1431 exterae
1385 1403 1594 1440 repererunt,

885 1443 920 1474 id
935 1444 1035 1485 plane
1049 1454 1092 1474 ex
1107 1453 1167 1474 sua
1181 1442 1348 1484 religione
1371 1443 1594 1480 aestimarunt,

884 1493 999 1529 atque,
1024 1486 1054 1518 si
1081 1487 1216 1528 quando
1239 1485 1358 1518 Gallos
1380 1495 1441 1528 pro
1465 1495 1593 1517 merca-

884 1539 969 1564 turae
985 1531 1183 1573 opificiique
1199 1540 1358 1562 successu
1373 1535 1456 1561 vota
1470 1529 1596 1567 facere,

887 1576 932 1607 ab
959 1575 1067 1616 iisque
1091 1575 1156 1605 has
1182 1585 1235 1605 res
1263 1575 1338 1605 Deo
1362 1573 1596 1605 commendari

886 1619 1055 1657 viderunt,
1079 1618 1177 1649 illico
1201 1617 1242 1649 iis
1268 1618 1480 1649 obtruserunt
1503 1617 1596 1648 Mer-

887 1663 1021 1694 curium
1040 1667 1073 1693 et
1098 1661 1303 1700 Minervam,
1329 1660 1454 1692 incurii
1478 1661 1520 1692 de
1543 1670 1597 1691 re-

888 1707 995 1748 liquo,
1016 1705 1134 1738 anille
1158 1707 1252 1737 Deus
1274 1710 1364 1737 esset
1387 1705 1492 1736 homo
1519 1705 1597 1735 ἄπο-

888 1751 1005 1789 θεωθεὶς,
1021 1761 1065 1782 an
1081 1760 1170 1781 unus
1185 1754 1285 1788 esset,
1301 1760 1344 1781 an
1360 1749 1485 1792 plures.
1514 1747 1567 1780 M.

935 1796 1036 1827 Bella
1056 1805 1183 1837 reyere.
1239 1793 1348 1825 Codd.
1372 1799 1406 1825 et
1428 1793 1506 1824 edd.
1528 1795 1599 1823 vet.

890 1840 981 1871 male
996 1849 1123 1881 yerew.
1171 1838 1362 1881 Vulgatum
1378 1837 1506 1870 habent
1528 1846 1602 1868 me-

889 1884 1006 1916 liores.

938 1929 1021 1962 Quae
1035 1927 1121 1959 bello
1135 1928 1290 1968 ceperint.
1319 1924 1399 1957 Vid.
1415 1924 1602 1956 Athenaeus

891 1973 925 2002 4.
943 1981 1022 2012 pag.
1043 1972 1114 2001 160.
1132 1981 1209 2011 cap.
1228 1973 1281 2001 51.
1303 1968 1385 2000 edit.
1409 1967 1601 2008 Schweigh.

889 2014 1000 2046 Tacit.
1017 2014 1103 2044 Ann.
1124 2017 1174 2050 13,
1189 2016 1242 2044 56.

940 2060 1021 2092 Quae
1051 2058 1294 2098 superaverint.
1357 2055 1485 2087 Verum
1516 2054 1602 2087 vidit

891 2101 1061 2139 Clarkius,
1092 2111 1171 2132 cum
1196 2100 1375 2141 legendum
1407 2109 1480 2131 esse
1503 2099 1601 2138 dixit,

896 2148 1009 2181 Quum
1024 2150 1280 2186 superaverunt,
1290 2143 1315 2175 i.
1330 2155 1361 2175 e.
1375 2154 1481 2185 quum
1494 2142 1605 2174 victo-

891 2190 980 2222 riam
994 2190 1229 2230 deportarunt.
1253 2189 1344 2229 Ergo
1355 2194 1433 2219 ante
1441 2187 1603 2229 proelium

894 2235 1062 2265 devovent
1072 2232 1175 2264 Marti
1185 2232 1333 2274 praedam
1343 2231 1493 2263 futuram
1503 2243 1512 2271 3
1526 2236 1606 2272 post

896 2277 1071 2320 proelium,
1101 2282 1196 2318 parta
1227 2276 1387 2315 victoria,
1426 2275 1606 2307 immolant

897 2328 1025 2364 partem
1039 2322 1173 2363 praedae,
1188 2320 1351 2353 animalia
1366 2332 1376 2360 3
1404 2325 1537 2361 partem
1553 2329 1606 2350 re-

897 2366 1025 2407 liquam
1050 2370 1219 2406 reponunt
1244 2364 1278 2396 in
1303 2369 1505 2407 perpetuam
1534 2373 1606 2395 me-

898 2410 1053 2442 moriam.
1080 2410 1128 2441 M.
1175 2408 1344 2451 Intellige,
1367 2418 1445 2450 qvae
1467 2418 1605 2449 supera-

897 2456 1004 2486 verint
1018 2463 1060 2485 ex
1073 2454 1183 2491 clade,
1199 2453 1326 2494 proelio
1342 2453 1447 2485 facto.
1486 2452 1606 2492 Itaque

897 2497 1137 2530 emendatione
1158 2507 1225 2528 non
1249 2508 1352 2539 opus.
1394 2496 1536 2528 Habent
1558 2500 1608 2525 ta-

899 2553 976 2574 men
1001 2547 1246 2584 swperavemm
1268 2542 1346 2573 edd.
1374 2541 1479 2572 Rom.
1507 2538 1607 2570 vent.

898 2587 997 2619 Med.
1012 2592 1050 2617 ut
1064 2591 1142 2617 ante
1158 2591 1326 2628 ceperunt.

948 2632 1092 2662 Harum
1112 2640 1231 2662 rerum
1255 2634 1432 2662 eoestructos
1452 2626 1610 2659 tumulos.
1666 2657 1675 2661 β

901 2674 993 2707 Hinc
1022 2673 1134 2706 ausim
1170 2673 1381 2715 interpretari
1418 2671 1609 2702 Diodorum

902 2719 971 2751 Sic.
988 2722 1020 2758 5,
1039 2721 1093 2757 27,
1108 2717 1169 2759 qui
1185 2719 1227 2749 de
1241 2720 1441 2749 coacervato
1465 2714 1499 2745 in
1520 2713 1610 2745 locis

904 2762 1009 2795 sacris
1023 2773 1044 2793 a
1060 2762 1168 2794 Gallis
1182 2772 1279 2800 auro,
1300 2761 1392 2801 quod
1413 2768 1517 2789 nemo
1536 2763 1613 2788 tan-

903 2817 982 2849 gere
1007 2807 1142 2845 audeat,
1163 2805 1324 2846 loquitur.
1382 2803 1535 2835 Praedam
1560 2801 1614 2832 di-

905 2861 982 2883 cere
996 2850 1157 2888 debebat,
1179 2859 1247 2880 non
1269 2858 1390 2880 aurum
1405 2851 1614 2878 tantummo-

906 2897 950 2926 do
964 2907 972 2926 :
988 2894 1085 2926 auxit
1099 2894 1190 2925 enim
1200 2902 1270 2924 rem
1281 2892 1370 2923 ultra
1378 2891 1491 2922 fidem.
1516 2890 1613 2921 Idem

907 2938 996 2971 mihi
1010 2938 1145 2969 videtur
1158 2937 1200 2967 de
1215 2937 1294 2968 loco
1310 2934 1488 2968 Strabonis
1511 2934 1560 2973 (4.
1576 2944 1612 2975 p.

914 2983 1003 3022 188),
1018 2982 1078 3023 qui
1092 2992 1111 3012 e
1121 2979 1307 3012 Posidonio
1323 2990 1384 3012 sua
1399 2978 1514 3010 hausit
1527 2990 1534 3008 :
1552 2978 1613 3010 sed

911 3026 1116 3059 Posidonius
1142 3026 1183 3056 de
1205 3024 1340 3057 Gallica
1363 3024 1489 3066 praeda,
1511 3020 1616 3053 Marti

913 3076 1054 3111 sacrata,
1080 3075 1116 3103 ut
1137 3070 1179 3102 de
1203 3065 1512 3144 ϊὴθεαυπίεΙ-ξεὲηρίἰ
1534 3065 1618 3098 Del-
