1946 3261
268 259 356 304 352
726 259 809 302 DE
843 258 1046 302 BELLO
1079 257 1292 303 CIVILI.

267 385 403 444 portis
423 384 574 426 clausis
592 383 801 441 oppidum
822 384 1053 427 defendere
1071 401 1080 433 ;
1118 401 1251 443 quum
1275 385 1451 428 Graecos
1471 400 1644 427 murum
1664 383 1738 426 ad-

266 443 466 486 scendere
503 451 635 500 atque
666 457 784 484 arma
822 460 974 500 capere
1001 445 1202 501 juberet;
1242 443 1305 485 illi
1334 453 1481 486 autem
1513 460 1554 485 se
1587 451 1737 485 contra

266 501 492 559 imperium
525 500 684 558 Populi
711 500 896 544 Romani
929 511 1200 559 pugnaturos
1222 519 1309 544 esse
1347 511 1578 560 negarent;
1616 500 1739 558 oppi-

266 559 365 602 dani
392 567 536 600 autem
564 559 694 601 etiam
726 576 802 602 sua
828 569 980 617 sponte
1007 562 1214 603 Caesarem
1236 561 1428 618 recipere
1450 569 1736 608 conarentur;

265 616 498 674 desperatis
530 617 726 659 omnibus
758 619 939 668 auxiliis,
973 628 1121 676 portas
1148 619 1320 677 aperuit
1351 628 1394 661 et
1425 636 1467 662 se
1496 627 1629 677 atque
1661 632 1737 675 op-

267 674 418 733 pidum
441 675 597 716 Caesari
617 675 781 718 dedidit
800 677 1108 733 incolumisque
1129 679 1185 720 ab
1207 694 1258 720 eo
1279 685 1552 720 conservatus
1571 684 1649 719 est.

332 733 395 774 12.
430 732 626 790 Recepto
650 734 792 776 Caesar
827 736 973 784 Orico,
1009 736 1127 777 nulla
1149 736 1403 794 interposita
1431 752 1568 785 mora,
1605 734 1740 793 Apol-

266 791 423 834 Ioniam
444 791 744 849 proficiscitur.
805 793 909 851 Ejus
930 794 1117 836 adventu
1138 794 1303 843 audito,
1328 794 1378 835 L.
1404 794 1646 844 Staberius‚
1667 793 1740 850 qui

268 850 327 892 ibi
349 858 548 906 praeerat,
574 867 730 907 aquam
764 861 1034 910 comportare
1064 852 1106 894 in
1135 868 1276 894 arcem
1304 862 1437 910 atque
1460 869 1551 895 eam
1572 853 1739 894 munire

268 908 520 965 obsidesque
540 910 596 952 ab
618 910 969 966 Apolloniatibus
990 912 1162 968 exigere
1184 910 1329 968 coepit.
1393 911 1463 953 Illi
1485 927 1589 953 vero
1616 918 1644 936 ‘⁶
1667 911 1740 952 da-

271 973 299 992 “
324 975 442 1008 turos
463 983 504 1008 se
527 983 699 1025 negare,
731 984 871 1026 neque
893 977 1041 1027 portas
1064 967 1241 1012 Consuli
1265 968 1571 1027 praeclusur0s3
1603 983 1740 1025 neque

271 1032 300 1051 “
322 1025 402 1067 sibi
426 1025 634 1083 judicium
671 1037 886 1069 sumturos
924 1036 1088 1077 contra,
1127 1036 1258 1085 atque
1287 1027 1422 1070 omnis
1442 1027 1570 1069 Italia
1599 1027 1742 1084 Popu-

271 1090 298 1109 “
322 1083 476 1141 Iusque
498 1084 716 1127 Romanus
731 1086 1050 1143 judicavisset.”
1090 1087 1289 1135 Quorum
1309 1085 1482 1143 cognita
1502 1086 1744 1134 voluntate,

268 1141 377 1183 clam
397 1142 597 1199 profugit
617 1144 852 1201 Apollonia
878 1145 1115 1188 Staberius.
1178 1144 1249 1186 Illi
1270 1145 1323 1186 ad
1346 1145 1558 1186 Caesarem
1577 1143 1740 1200 legatos

267 1201 450 1242 mittunt
485 1200 731 1257 oppidoque
770 1204 999 1260 recipiunt.
1064 1203 1157 1245 Hos
1185 1210 1424 1259 sequuntur
1459 1201 1742 1251 Bullidenses,

268 1258 517 1300 Amantiam
539 1267 582 1299 et
604 1260 780 1317 reliquae
809 1259 1015 1303 finitumae
1045 1262 1254 1309 civitates,
1289 1269 1468 1316 totaque
1494 1260 1650 1316 Epiros
1676 1270 1736 1309 et,

268 1316 422 1374 legatis
455 1317 509 1359 ad
548 1317 761 1361 Caesarem
789 1320 934 1369 missis,
967 1335 1063 1376 quae
1101 1320 1350 1377 imperaret,
1388 1321 1577 1360 facturos
1617 1318 1743 1376 polli-

268 1383 433 1417 centur.

333 1434 396 1474 13.
431 1433 493 1475 At
516 1434 762 1492 PompeiuS,
785 1436 966 1493 cognitis
985 1436 1032 1478 iis
1055 1436 1199 1486 rebus,
1219 1452 1314 1492 quae
1331 1442 1454 1477 erant
1475 1434 1594 1477 Orici
1611 1444 1742 1493 atque

271 1491 515 1549 Apolloniae
537 1503 681 1550 gestae,
707 1493 978 1551 Dyrrhachio
1000 1495 1166 1544 timens,
1189 1495 1353 1537 diurnis
1372 1510 1421 1536 eo
1441 1494 1745 1550 nocturnisque

269 1549 494 1593 itineribus
530 1552 764 1594 contendit.
831 1553 927 1601 Quo
960 1554 1086 1595 simul
1124 1570 1173 1595 ac
1213 1554 1359 1595 Caesar
1391 1552 1745 1609 adpropinquare

268 1607 512 1657 dicebatur,
535 1618 680 1652 tantus
696 1619 838 1652 terror
857 1611 1007 1653 incidit
1022 1612 1112 1669 ejus
1129 1612 1349 1661 exercitui,
1373 1610 1492 1668 quod
1510 1626 1745 1669 properans

269 1676 439 1708 noctem
465 1667 551 1708 diei
585 1669 885 1725 conjunxerat,
920 1686 1056 1727 neque
1089 1671 1170 1712 iter
1203 1670 1507 1716 intermiserat,
1546 1679 1594 1711 ut
1624 1684 1744 1727 paene

269 1740 412 1766 omnes
435 1725 478 1766 in
510 1726 647 1783 Epiro
670 1724 967 1784 'finitumisque
998 1729 1245 1785 regionibus
1279 1730 1397 1785 signa
1429 1728 1740 1784 relinquerent,

268 1783 510 1840 complures
547 1800 665 1826 arma
702 1785 962 1843 projicerent
992 1803 1041 1827 ac
1076 1788 1189 1844 fugae
1223 1787 1357 1827 simile
1388 1786 1470 1827 iter
1502 1787 1737 1828 videretur.

271 1841 372 1889 Sed,
403 1857 538 1898 quum
569 1859 702 1900 prope
736 1844 1053 1901 Dyrrhachium
1093 1844 1322 1902 Pompeius
1361 1843 1618 1886 constitisset
1655 1860 1742 1886 cas—

271 1907 424 1955 traque
446 1902 598 1942 metari
615 1901 816 1958 jussisset,
841 1903 1075 1959 perterrito
1104 1902 1232 1944 etiam
1263 1912 1355 1944 tum
1384 1902 1590 1951 exercitu,
1624 1905 1741 1960 prin-

270 1972 369 2014 ceps
405 1957 616 2001 Labienus
649 1960 845 2017 procedit
878 1961 1099 2018 juratque,
1135 1978 1177 2002 se
1213 1977 1310 2002 eum
1347 1976 1431 2003 non
1469 1959 1741 2003 deserturum

270 2015 553 2074 eumdemque
586 2034 727 2061 casum
755 2019 1016 2068 subiturum,
1050 2035 1363 2076 quemcumque
1394 2019 1433 2060 ei
1465 2018 1641 2060 fortuna
1669 2020 1744 2061 tri-

270 2073 441 2115 buisset.
506 2076 603 2118 Hoc
634 2076 747 2118 idem
778 2077 934 2133 reliqui
952 2078 1102 2135 jurant
1127 2077 1302 2135 Legati:
1337 2078 1411 2119 hos
1433 2076 1617 2119 Tribuni
1636 2078 1744 2120 mili-

272 2138 365 2173 tum
396 2133 769 2192 Centurionesque
800 2146 1058 2193 sequuntur,
1088 2144 1218 2193 atque
1242 2135 1355 2178 idem
1376 2136 1509 2178 omnis
1530 2136 1743 2178 exercitus

323 2260 436 2292 Quum
457 2261 776 2298 G1·oecos—-j2‹.be1·ec.
815 2262 864 2292 lta
885 2261 976 2293 Oud.

279 2312 297 2332 e
325 2302 424 2332 codd.
449 2303 593 2333 restituit
620 2303 745 2334 locum.
796 2305 903 2345 Vulgo
929 2307 977 2337 lc-

278 2345 417 2383 gebatur
451 2347 581 2377 (ἰν-(8603
592 2349 756 2387 —J'w'tet;
790 2350 838 2379 illi
855 2356 977 2387 autom,

279 2398 384 2427 quum
399 2399 441 2420 se.

325 2435 448 2464 Comi-a
474 2435 649 2474 imperium
675 2435 794 2475 Populi
820 2437 978 2474 Romani,

280 2482 397 2507 contra
411 2476 589 2515 Caesarem,
614 2478 810 2516 Consulem,
825 2480 882 2519 qui
900 2491 977 2511 cum

282 2519 424 2560 imperio
441 2527 522 2551 erat.
567 2521 620 2552 Cf.
636 2531 667 2552 c.
689 2523 737 2551 19.
765 2524 812 2553 M.

328 2565 441 2595 Etiam
463 2574 525 2596 sua
547 2571 667 2605 sponte.
727 2566 815 2597 Oud.
841 2566 897 2597 hic
920 2568 978 2597 ad-

283 2606 367 2637 didit
379 2610 477 2638 etiam
496 2619 514 2637 o.
531 2609 628 2639 codd.

328 2651 474 2682 Dedido't.
500 2651 565 2682 Alii
584 2653 683 2683 (ledit.

329 2696 501 2735 Apollonia
528 2697 714 2727 Staberius.
768 2697 823 2728 Sic
849 2698 936 2728 Oud.
960 2711 978 2727 υ

283 2738 381 2767 codd.
398 2743 429 2767 et
446 2739 521 2768 edd.
543 2745 609 2769 vet.
658 2740 766 2781 Vulgo
790 2748 859 2771 erat
888 2743 981 2782 Apul-

284 2781 422 2811 laniatos
451 2783 496 2812 (1ιί
521 2784 603 2813 Ctes.
651 2784 778 2814 Nomen
810 2785 980 2815 Staium-ius

282 2833 396 2897 {erupi
421 2831 480 2863 est,
506 2836 567 2866 pro
589 2837 655 2867 quo
680 2828 767 2858 male
794 2829 981 2860 Sti-uberius

300 2876 360 2898 effe
388 2874 471 2899 atur.

1092 2265 1252 2294 Facturus
1265 2263 1345 2304 poll.
1390 2261 1459 2293 Alii
1477 2263 1684 2303 praemittunt
1699 2273 1743 2294 xe.

1094 2308 1162 2340 (Qun
1193 2308 1303 2338 simul.
1366 2305 1421 2336 Sic
1457 2307 1554 2337 codd.
1589 2306 1740 2347 quidam,

1047 2350 1144 2381 bene.

1094 2394 1226 2425 Incidit.
1271 2392 1326 2424 Sic
1342 2395 1397 2424 ira
1410 2395 1522 2426 incidit
1539 2393 1640 2426 Ovid.
1656 2394 1744 2425 Met.

1047 2440 1079 2476 7,
1096 2440 1168 2468 593.

1098 2483 1136 2511 Ut
1148 2491 1244 2521 paene
1260 2490 1370 2511 omnes
1383 2498 1426 2504 --
1440 2483 1556 2522 relinq.
1587 2481 1741 2512 Nimium

1047 2525 1111 2555 hoc
1128 2525 1256 2554 videtur
1273 2524 1487 2565 Jur'mio.qui
1506 2526 1546 2555 de
1561 2525 1601 2555 iis
1618 2525 1741 2556 intelli-

1046 2570 1190 2609 gendum
1209 2572 1314 2607 putat.
1325 2568 1383 2608 qui
1399 2569 1613 2609 supplenwnli
1627 2570 1696 2599 loco
1708 2571 1743 2600 in

1045 2614 1185 2652 leqinnes
1198 2612 1365 2643 distributi
1375 2612 1529 2642 dicuntur
1538 2622 1566 2642 c.
1581 2614 1612 2642 4.
1629 2613 1744 2652 Itaque

1048 2655 1113 2695 legi
1130 2655 1199 2685 vult
1216 2665 1257 2685 er
1276 2656 1378 2695 Epiro
1398 2656 1452 2686 vel
1467 2655 1543 2686 addi
1567 2657 1742 2696 conscripti.

1048 2701 1178 2732 milites.
1191 2704 1225 2728 ut
1243 2709 1272 2728 c.
1289 2700 1339 2728 61.

1096 2743 1273 2773 Labienus.
1317 2741 1459 2772 Caesaris
1490 2741 1522 2773 in
1550 2742 1641 2773 bello
1665 2742 1742 2772 Gal-

1048 2785 1114 2816 lico
1133 2785 1283 2825 Legatos,
1293 2785 1469 2825 quinuper
1484 2786 1524 2816 ad
1542 2786 1743 2826 Pompeium

1048 2829 1230 2860 transierat.
1275 2828 1374 2860 Conf.
1397 2829 1435 2860 B.
1451 2829 1491 2860 G.
1509 2831 1539 2868 8,
1557 2833 1610 2860 52.
1633 2830 1683 2860 M.
