1946 3261
539 181 657 226 LIB.
722 182 862 227 CAP.
893 183 1068 230 (so-62
1569 189 1657 235 513

168 308 429 367 Sagittarios
462 311 579 353 varie
618 311 876 371 passimque,
907 311 1011 355 locis
1042 312 1170 355 certis
1202 314 1474 375 maximeque
1503 316 1548 360 in
1568 334 1663 362 cor-

164 368 307 420 nibus,
329 369 644 413 conlocaverat.
1064 393 1067 394 ν

223 426 292 469 61.
330 427 401 469 Sic
425 439 714 487 utrorumque
737 429 951 471 exercitus
975 429 1190 481 instructi,
1223 447 1308 475 non
1334 433 1433 490 plus
1454 449 1656 491 passuum

162 493 458 530 trecentorum
489 488 727 546 interjecto·
748 488 905 545 spatio,
936 488 1055 545 quod
1082 489 1262 533 forsitan
1296 499 1395 534 ante
1417 492 1461 535 id
1482 501 1655 552 tempus

160 544 378 589 acciderat
415 562 652 604 nunquam,
704 547 822 604 quinv
851 546 1148 597 dimicaretur,
1190 565 1378 592 a'mane
1419 567 1557 608 usque
1597 552 1655 595 ad

161 604 314 648 horam
345 602 554 647 decimam.
586 605 672 647 diei
702 605 1003 663 perstiterunt.
1066 606 1255 664 Jamque
1291 608 1435 651 Caesar
1455 610 1561 652 dum
1581 627 1654 654 ex-

159 665 344 706 ercitum
365 663 568 706 reducere
589 664 704 706 intra
724 664 982 707 munitiones
1005 681 1100 708 suas
1135 665 1351 723 coepisset,
1385 668 1530 711 subito
1560 671 1654 713 uni-

160 738 308 765 versus
338 722 559 778 equitatus
593 722 778 765 ulterior
827 723 1121 766 Numidarum
1157 724 1522 783 Gaetulorumque
1562 729 1653 771 sine

156 782 288 824 frenis
326 780 380 822 ad
421 781 622 824 dextram
663 790 833 839 partem
873 798 917 824 se
951 799 1125 826 movere
1167 782 1436 841 propiusque
1477 785 1656 829 Caesaris

157 849 313 889 castra,
337 856 434 896 quae
453 849 576 883 erant
599 841 643 884 in
670 841 795 890 colle,
818 858 861 883 se
883 843 1080 884 conferre
1101 842 1261 900 coepit;
1295 842 1487 885 frenatus
1505 852 1654 887 autem

160 899 339 942 Labieni
381 916 511 956 eques
556 901 598 942 in
646 899 741 942 loco
787 915 1041 957 permanere
1088 901 1365 959 legionesque
1417 901 1651 945 distinere:

158 975 293 1016 quum
334 959 479 1000 subito
522 975 620 1016 pars
662 959 884 1016 equitatus
927 960 1106 1002 Caesaris
1149 976 1246 1002 cum
1287 960 1372 1002 levi
1412 970 1651 1011 armatura,

155 1025 306 1060 contra
331 1017 527 1060 Gaetulos
547 1018 709 1076 injussu
739 1035 788 1060 ac
811 1027 970 1061 temere
991 1018 1162 1077 longius
1192 1019 1405 1078 progressi
1428 1020 1652 1078 paludem-

155 1093 243 1135 que
275 1077 542 1134 transgressi,
578 1077 907 1119 multitudinem
940 1077 1126 1120 hostium
1160 1080 1286 1137 pauci
1323 1079 1533 1122 sustinere
1566 1095 1651 1123 non

156 1145 427 1195 potuerunt;
472 1137 643 1195 levique
676 1146 900 1179 armatura
937 1137 1096 1180 deserti
1126 1154 1175 1179 ac
1214 1138 1328 1196 pulsi
1368 1139 1653 1181 convulnera-

155 1197 294 1253 tique,
318 1212 405 1238 uno
426 1196 573 1254 equite
594 1197 764 1246 amisso,
790 1195 937 1238 multis
958 1197 1080 1253 equis
1100 1197 1268 1246 sauciis,
1293 1196 1398 1239 levis
1420 1206 1653 1242 armaturae

155 1254 333 1298 XXVII
369 1255 530 1305 occisis,
560 1255 616 1297 ad
648 1271 746 1297 suos
779 1256 1052 1313 refugerunt.
1118 1256 1217 1305 Quo
1251 1255 1439 1299 secundo
1461 1258 1655 1314 equestri

156 1314 314 1373 proelio
353 1313 485 1363 facto,
525 1315 672 1371 Scipio
711 1314 835 1357 laetus
872 1316 913 1356 in
950 1322 1092 1357 castra
1120 1323 1244 1357 nocte
1277 1315 1422 1372 copias
1459 1315 1649 1358 reduxit.

158 1373 288 1424 Quod
311 1373 539 1431 proprium
574 1373 781 1431 gaudium
818 1374 1082 1415 bellantibus
1117 1374 1294 1416 fortuna
1333 1374 1528 1417 tribuere
1568 1389 1654 1417 non

154 1431 352 1476 decrevit
373 1447 381 1472 τ
416 1448 601 1490 namque
624 1440 798 1490 postero
820 1432 890 1474 die
916 1433 1059 1475 Caesar
1081 1448 1179 1474 cum
1197 1442 1323 1490 parte
1345 1433 1566 1490 equitatus
1586 1434 1653 1477 sui

155 1492 345 1550 Leptim,
368 1491 577 1534 frumenti
599 1492 755 1549 gratia,
778 1491 908 1534 misit.
953 1490 1002 1533 In
1025 1491 1178 1533 itinere
1199 1491 1465 1549 praedatores
1481 1491 1650 1549 equites

154 1550 370 1595 Numidas
401 1550 685 1607 Gaetulosque
727 1567 779 1592 ex
821 1550 1042 1608 inproviso
1069 1549 1214 1592 adorti
1252 1550 1426 1593 circiter
1474 1559 1649 1593 centum

150 1610 314 1670 partim
345 1608 615 1657 oeciderunt.
646 1610 808 1667 partim
840 1611 1041 1651 vivorum
1073 1609 1203 1666 potiti
1236 1620 1351 1651 sunt.
1417 1609 1561 1651 Caesar
1592 1609 1652 1651 in-

148 1669 279 1713 terim
312 1668 511 1726 quotidie
552 1668 740 1726 legiones
780 1669 822 1710 in
868 1684 1069 1726 campum
1109 1668 1324 1710 deducere
1367 1676 1499 1724 atque
1541 1683 1649 1726 opus

148 1730 292 1772 facere
329 1727 582 1783 vallumque
621 1735 664 1769 et
703 1728 859 1769 fossam
892 1743 972 1784 per
1008 1726 1200 1768 medium
1232 1742 1434 1784 campum
1466 1726 1647 1776 ducere,

144 1785 576 1841 adversariorumque
599 1785 926 1829 excursionibus
953 1785 1036 1826 iter
1059 1783 1247 1826 obficere
1269 1800 1355 1827 non
1376 1785 1645 1828 intermittit.

149 1845 301 1904 Scipio
323 1844 427 1886 item
449 1843 688 1885 munitione
710 1852 863 1886 contra
885 1842 1027 1884 facere
1048 1850 1107 1890 et,
1141 1857 1192 1883 ne
1208 1843 1316 1899 jugo
1334 1859 1359 1883 a
1383 1844 1552 1886 Caesare
1574 1860 1647 1887 ex-

144 1905 415 1952 cluderetur,
437 1901 746 1960 adproperare.
816 1900 885 1943 Ita
920 1902 1067 1943 Duces
1099 1900 1276 1957 utrique
1300 1908 1344 1942 et
1371 1901 1413 1943 in
1436 1903 1645 1959 operibus

144 1962 345 2021 occupati
376 1970 500 2003 erant
530 1969 573 2003 et
610 1960 744 2004 nihilo
776 1960 917 2003 minus
948 1960 1221 2018 equestribus
1251 1960 1417 2017 proeliis
1448 1961 1562 2004 inter
1598 1978 1644 2004 se

145 2021 344 2082 quotidie
366 2020 647 2063 dimicabant.

206 2081 275 2123 62.
311 2079 492 2122 Interim
537 2078 678 2120 Varus
720 2077 913 2127 classem,
955 2093 1087 2135 quam
1127 2084 1256 2119 antea
1298 2077 1442 2119 Uticae
1493 2076 1643 2121 hiemis

143 2141 286 2201 gratia
322 2137 607 2187 subduxerat,
642 2137 817 2195 cognito
852 2136 1030 2195 legionis
1058 2135 1147 2178 VII
1183 2143 1228 2179 et
1263 2135 1376 2178 VIII
1406 2152 1458 2178 ex
1492 2137 1642 2180 Sicilia

924 2270 987 2309 (sic
1000 2269 1141 2312 quidam
1157 2269 1276 2306 codd.)
1296 2272 1465 2312 equitatus
1478 2287 1521 2293 —
1532 2271 1641 2301 misis-

191 2278 362 2310 Forsitan.
391 2272 445 2304 Sic
462 2272 560 2304 codd.
591 2270 813 2312 Vulgoforte.

924 2321 969 2347 set
993 2315 1057 2353 (sic
1084 2325 1170 2345 unus
1192 2314 1286 2353 cod.)
1309 2317 1347 2345 in
1372 2316 1554 2346 ‘e’tinere——-⁸
1588 2313 1640 2345 M.

192 2323 331 2353 Horam
343 2318 518 2350 decimam.
536 2318 595 2347 Est
608 2315 743 2346 circiter
757 2314 857 2345 tertia

141 2371 201 2398 aut
211 2369 333 2407 quarta
342 2361 587 2404 pomeridiana.
600 2361 685 2392 Mox
697 2370 758 2402 pro
772 2361 856 2390 dum

145 2410 324 2453 legendum
339 2413 390 2439 est
404 2417 522 2449 quum.
549 2407 597 2437 JI.

191 2455 373 2495 Equiculus
387 2453 538 2488 ulterior,
563 2460 678 2492 quem,
703 2454 738 2480 ut
755 2454 804 2480 est
820 2459 852 2479 c.

145 2500 198 2538 59,
224 2496 343 2538 Scipio
377 2495 510 2536 longius
539 2504 558 2524 a
589 2493 709 2525 ceteris
739 2492 854 2534 copiis

144 2544 370 2585 promoverat.
396 2541 445 2571 M.

190 2588 279 2619 Pars
308 2584 719 2625 equitatus—pr097·essi.
770 2581 853 2622 Syn-

141 2630 260 2663 thesis.
284 2630 388 2659 Plane
402 2627 451 2658 sic
468 2627 604 2658 Sallust.
640 2627 720 2667 Jug.
740 2628 792 2657 60.

189 2675 371 2715 Proprium
393 2671 571 2713 yautlc’um.
597 2670 668 2702 vid.
685 2671 727 2700 ad
745 2680 776 2701 c.
800 2671 850 2700 32.

141 2720 194 2751 M.
225 2716 440 2750 Praemissum
454 2715 550 2749 Quod
562 2725 735 2756 perperam
753 2715 850 2745 dam-

139 2769 197 2795 nat
220 2761 373 2803 Scaliger
383 2772 392 2799 3
429 2759 520 2790 valet
549 2758 636 2789 idem
664 2759 753 2799 quod
781 2759 850 2797 sed,

136 2807 253 2850 judice
280 2804 436 2837 Davisio.
473 2803 599 2834 Verum
625 2813 685 2833 nec
708 2803 771 2833 hoc
789 2813 849 2833 ne—

140 2862 245 2883 cesse.
271 2849 465 2882 Relativum
478 2852 527 2879 est
539 2852 573 2878 et
584 2847 670 2878 bene
681 2846 845 2888 positum.

187 2898 274 2930 Cum
279 2899 378 2937 parte
388 2894 489 2935 equit.
516 2891 710 2933 Leg.qaum
718 2895 853 2933 partem

924 2360 1016 2391 Idem
1035 2360 1145 2400 placet
1163 2359 1319 2390 Davisio.
1355 2357 1543 2400 Vulgatum
1559 2356 1639 2388 reti-

923 2410 980 2435 net
992 2404 1126 2441 Clarke,
1137 2403 1321 2434 subaudito
1332 2404 1463 2434 milites.
1480 2402 1636 2433 Oudend.

922 2447 1151 2489 subintelligit
1176 2448 1451 2488 fmmmztatores.
1520 2444 1637 2476 Verba

913 2493 1080 2534 frumenti
1094 2494 1209 2534 qratia
1224 2502 1243 2523 a
1260 2492 1359 2522 codd.
1375 2491 1477 2522 variis
1486 2490 1635 2521 exulant.

968 2538 1040 2569 Iter
1055 2537 1206 2576 obficere.
1262 2536 1325 2566 Vel
1349 2538 1411 2566 iter
1434 2534 1545 2570 deleo,
1576 2534 1631 2565 vel

919 2583 969 2612 ita
985 2581 1072 2622 lego,
1113 2582 1284 2612 Davisius.
1313 2580 1405 2610 Idem
1424 2576 1524 2609 sentit
1540 2576 1632 2608 Oud.

921 2624 1003 2656 item
1026 2625 1134 2657 Bentl.
1168 2625 1288 2656 Itinere*
1315 2626 1460 2654 hostium
1484 2621 1630 2659 objicere.

920 2669 1002 2701 Sall.
1033 2669 1137 2700 habet
1159 2678 1191 2698 e.
1224 2671 1277 2698 52.
1340 2665 1532 2697 Transitive
1558 2665 1629 2697 dici

920 2724 1021 2754 posse
1042 2717 1156 2744 censet
1181 2711 1362 2747 cellarius,
1382 2710 1463 2750 quia
1496 2709 1631 2749 passive

917 2759 1008 2799 apud
1027 2757 1161 2789 Lucret.
1186 2758 1218 2793 2,
1245 2757 1318 2786 155.
1348 2752 1537 2793 officiuntur
1559 2763 1630 2785 cor-

912 2803 1065 2844 puscula.
1097 2805 1130 2832 et
1151 2801 1183 2838 4,
1215 2800 1290 2831 767.
1332 2799 1488 2840 Corporis
1515 2795 1629 2836 offevzsi

916 2856 1029 2880 Sensus
1034 2870 1041 2877 .

1386 2929 1458 2964 2L
