1946 3261
167 225 253 271 236
579 221 664 267 DE
698 218 903 264 BELLO
937 216 1234 261 GALLICO.

167 369 316 397 caussa
336 349 493 394 initum
510 347 822 407 suspicaretur,
847 344 1036 404 legiones
1058 349 1304 402 promovet,
1334 348 1499 384 turmas
1520 340 1658 384 mittit

164 412 222 455 ad
246 408 554 468 insequendum
571 422 580 449 ε
614 407 706 465 ipse
726 405 892 449 veritus
915 402 1102 452 insidias,
1121 418 1174 445 ne
1192 402 1305 444 forte
1325 400 1368 443 in
1389 400 1537 443 eodem
1559 400 1655 442 loco

164 471 418 514 subsisteret
439 466 573 510 hostis
589 474 724 524 atque
744 465 899 507 elicere
922 470 1091 505 nostros
1110 461 1152 503 in
1165 461 1311 503 locum
1327 468 1559 502 conaretur
1575 458 1653 501 ini-

164 545 318 587 quum,
351 527 520 570 tardius
548 524 764 584 procedit.
827 522 1009 580 Equites
1038 536 1177 579 quum
1208 520 1371 562 intrare
1406 519 1575 560 fumum
1610 525 1656 560 et

163 589 377 631 flammam
410 584 700 629 densissimam
726 583 956 630 timerent;
988 596 1054 630 ac,
1081 579 1113 622 si
1142 580 1218 637 qui
1243 577 1441 636 cupidius
1466 577 1654 620 intrave-

164 654 280 697 rant,
314 647 389 690 vix
418 660 597 688 suorum
626 643 706 701 ipsi
729 642 895 701 priores
925 650 1072 699 partes
1105 639 1383 682 adverterent
1412 651 1654 694 equorum;

163 706 335 750 insidias
371 704 517 754 veriti,
545 703 725 746 liberam
757 700 1010 743 facultatem
1041 699 1105 741 sui
1141 697 1375 755 recipiendi
1412 695 1654 739 Bellovacis

163 766 393 809 dederunt.
457 762 526 806 Ita
548 762 670 820 fuga,
694 760 860 803 timoris
880 758 1007 802 simul
1028 757 1364 813 calliditatisque
1387 756 1531 814 plena,
1563 755 1653 797 sine

162 825 257 868 ullo
285 825 546 867 detrimento
576 821 696 864 milia
724 834 810 862 non
842 818 1030 877 amplius
1059 817 1099 858 X
1130 815 1348 875 progressi
1371 814 1527 863 hostes,
1559 814 1654 857 loco

162 883 448 927 munitissimo
476 889 617 924 castra
646 887 901 938 posuerunt.
967 875 1091 925 Inde,
1123 891 1259 934 quum
1285 890 1398 932 saepe
1425 873 1469 916 in
1496 873 1655 918 insidiis

160 943 332 1003 equites
364 941 616 1000 peditesque
649 939 944 996 disponerent,
973 951 1128 994 magna
1160 933 1421 977 detrimenta
1452 932 1657 976 Romanis

163 1002 206 1046 in
229 1000 588 1059 pabulationibus
609 997 871 1041 inferebant.

227 1061 293 1103 17.
328 1058 460 1110 Quod
496 1073 634 1116 quum
671 1056 865 1099 crebrius
901 1053 1133 1101 accideret,
1171 1069 1224 1095 ex
1257 1051 1430 1110 captivo
1466 1051 1655 1109 quodam

161 1119 374 1178 comperit
397 1119 559 1166 Caesar,
579 1117 811 1164 Con-eum,
836 1114 1170 1157 Bellovacorum
1192 1112 1377 1159 Ducem,
1401 1110 1653 1153 fortissimo-

161 1195 260 1221 rum
282 1178 400 1221 milia
419 1177 483 1220 VI
508 1175 707 1234 peditum
727 1174 953 1231 delegisse,
983 1172 1237 1230 equitesque
1260 1187 1311 1212 ex
1334 1170 1449 1212 omni
1473 1185 1655 1213 numero

164 1239 234 1288 M,
277 1253 386 1295 quos
421 1236 464 1279 in
506 1234 667 1278 insidiis
711 1250 761 1276 eo
801 1233 898 1276 loco
937 1232 1200 1279 conlocarat,
1243 1246 1372 1287 quem
1414 1229 1456 1271 in
1495 1229 1654 1278 locum,

163 1306 348 1356 propter
382 1295 551 1353 copiam
583 1293 792 1336 frumenti
827 1308 878 1334 ac
920 1291 1090 1349 pabuli,
1135 1291 1351 1332 Romanos
1396 1287 1655 1346 pabulatum

160 1356 363 1399 missuros
382 1354 694 1412 suspicaretur.
761 1351 861 1399 Quo
882 1350 1059 1407 cognito
1081 1348 1275 1396 consilio,
1301 1347 1445 1389 Caesar
1468 1347 1659 1405 legiones

161 1415 326 1473 plureS,
347 1429 479 1470 quam
501 1412 684 1460 solebat,
715 1409 887 1457 educit;
929 1409 1281 1465 equitatumque,
1313 1422 1400 1463 qua
1429 1416 1656 1449 consuetu-

159 1474 259 1516 dine
294 1471 630 1531 pabulatoribus
667 1469 842 1511 mittere
885 1466 1084 1526 praesidia
1124 1476 1369 1514 consuerat,
1409 1466 1652 1523 praemittit.

163 1532 280 1575 Huic
302 1530 544 1590 interponit
564 1528 726 1572 auxilia
747 1528 851 1570 levis
869 1536 1102 1569 armaturae
1120 1542 1128 1567 :
1164 1527 1253 1585 ipse
1274 1541 1372 1567 cum
1394 1524 1657 1583 legionibus,

159 1608 293 1649 quam
317 1599 462 1649 potest
484 1589 682 1637 maxime,
705 1587 1049 1644 adpropinquat.

225 1652 290 1693 18.
327 1649 486 1692 Hostes
506 1649 548 1690 in
572 1647 733 1689 insidiis
754 1646 970 1703 dispositi,
995 1660 1131 1702 quum
1152 1643 1234 1686 sibi
1262 1643 1521 1699 delegissent
1543 1658 1656 1686 cam-

160 1726 267 1767 pum
299 1708 355 1752 ad
396 1724 487 1750 rem
529 1705 782 1765 gerendam,
821 1721 906 1747 nou
947 1704 1135 1762 amplius
1177 1713 1398 1761 patentem
1435 1702 1476 1744 in
1511 1718 1656 1746 omnes

162 1777 309 1826 partes
331 1767 527 1826 passibus
552 1766 620 1815 M,
642 1765 760 1807 silvis
783 1763 975 1820 undique
998 1762 1328 1820 impeditissimis,
1348 1770 1423 1803 aut
1447 1761 1658 1805 altissimo

159 1827 335 1871 flumine
373 1825 605 1874 munitum,
641 1824 764 1866 velut
793 1822 997 1881 indagine
1029 1822 1143 1864 hunc
1170 1820 1332 1863 insidiis
1365 1819 1658 1863 circumdede-

162 1895 280 1929 runt.
345 1885 590 1943 Explorato
623 1883 813 1926 hostium
849 1881 1041 1930 consilio,
1079 1882 1232 1929 nostri,
1271 1879 1326 1921 ad
1366 1879 1658 1937 proeliandum

161 1946 304 1989 animo
336 1954 470 2002 atque
503 1942 632 1986 armis
662 1942 821 2001 parati,
845 1957 983 1998 quum
1013 1939 1380 1998 subsequentibus
1415 1938 1660 1995 legionibus

162 2005 327 2047 nullam
370 2002 691 2046 dimicationem
734 2010 1000 2049 recusarent,
1043 2001 1266 2041 turmatim
1304 1998 1346 2039 in
1380 2013 1476 2038 eum
1516 1997 1658 2040 locum

162 2063 447 2106 devenerunt.
513 2062 716 2111 Quorum
738 2061 930 2103 adventu
963 2075 1098 2118 quum
1130 2058 1211 2101 sibi
1245 2057 1436 2099 Correus
1466 2056 1659 2100 oblatam

163 2123 425 2165 occasionem
448 2121 508 2163 rei
533 2119 734 2179 gerendae
761 2119 1046 2167 existimaret,
1079 2118 1268 2177 primum
1302 2131 1401 2158 cum
1435 2116 1584 2173 paucis
1617 2133 1660 2158 se

163 2181 354 2225 ostendit
389 2189 522 2238 atque
559 2179 600 2221 in
636 2179 854 2237 proximas
884 2188 1049 2221 turmas
1081 2178 1277 2235 inpetum
1316 2175 1431 2217 fecit.
1509 2175 1664 2218 Nostri

162 2248 411 2284 constanter
433 2239 652 2281 incursum
672 2238 886 2281 sustinent
917 2237 1214 2280 insidiatorum
1232 2251 1242 2285 ;
1285 2250 1425 2291 neque
1446 2234 1597 2291 plures
1617 2233 1661 2278 in

163 2335 323 2378 punxisse
352 2335 478 2374 cred03
519 2339 690 2366 servarant
721 2332 810 2364 Oud.
842 2338 877 2364 et
992 2334 1034 2364 1η
1061 2330 1346 2373 pabulationibus.
1392 2328 1427 2359 In
1454 2327 1534 2360 aliis
1559 2328 1662 2362 codd.

163 2382 297 2414 Morus.
946 2376 1146 2419 praeposilio
1161 2377 1265 2407 deest.

215 2427 359 2457 Turmas
373 2424 482 2454 vnitait.
511 2421 624 2464 Vulgo
640 2427 813 2453 ectio-mas
828 2434 876 2453 m.
993 2422 1206 2453 Conlocat-ne.
1248 2419 1330 2459 1203.
1359 2418 1550 2449 conlocarit.
1580 2417 1629 2448 M.

213 2470 405 2501 &absisteret
439 2468 550 2499 hostis.
612 2467 757 2497 Prwsero
788 2466 875 2497 hanc
996 2467 1314 2507 l·.'quimtumque-
1330 2461 1410 2503 Log.
1466 2463 1662 2503 equitatum,

164 2514 370 2549 lection‹›1n;
423 2511 525 2553 vulgo
565 2511 748 2543 subsistere.
786 2511 874 2550 quod
946 2520 1043 2546 quem
1069 2520 1132 2540 sun.
1148 2518 1262 2539 coum.
1283 2519 1316 2548 1³-
1331 2518 1376 2537 m.
1395 2506 1550 2547 proexidio
1570 2515 1658 2538 mm.

165 2559 251 2590 male
269 2558 408 2588 refertur
424 2556 464 2586 ad
477 2560 665 2587 conaretur.
705 2554 794 2585 Bene
808 2555 874 2586 hoc
947 2554 1001 2585 sic
1024 2552 1138 2584 Duvis.
1155 2561 1187 2583 et
1203 2551 1372 2583 t‘larkius.
1404 2551 1454 2581 M.

165 2615 184 2634 e
200 2602 300 2634 codd.
318 2600 450 2632 monuit
467 2599 583 2631 Davis.
994 2599 1126 2630 ,lm-iliu
1144 2599 1206 2628 lev.
1223 2608 1310 2628 arm.
1337 2593 1395 2625 alii
1410 2594 1584 2635 prasiana.

212 2645 490 2687 Equites—naec
509 2649 541 2674 et
557 2642 696 2675 brevius
709 2647 742 2674 et
759 2642 877 2674 indili-
992 2644 1174 2679 Mannum,
1191 2642 1280 2671 velut
1297 2639 1468 2679 indaqt'ne.
1493 2636 1556 2669 alii
1571 2636 1658 2668 male

165 2689 297 2731 gentius
314 2688 457 2720 narravit
472 2687 537 2720 Dio
551 2688 646 2719 Cass.
663 2689 718 2721 40.
735 2690 786 2719 42.
813 2688 861 2718 M.
942 2688 1029 2717 velut
1043 2687 1112 2716 ind.
1126 2687 1305 2716 munitum.

213 2736 375 2765 Fumum.
420 2732 528 2764 Codd.
547 2731 686 2774 quidam
705 2742 877 2763 summum
993 2732 1116 2762 Nostri.
1151 2730 1331 2770 Perpemm
1344 2727 1445 2768 vulgo
1458 2726 1602 2758 refertur
1614 2724 1657 2755 ad

158 2781 313 2819 juqum;
338 2776 415 2808 inde
433 2776 525 2807 Oud.
553 2776 722 2818 conjectat
737 2776 877 2817 sumum
944 2774 1248 2805 circuvulmarum.
1305 2772 1339 2803 ld
1370 2781 1410 2802 ne
1442 2770 1512 2803 lieri
1539 2768 1659 2811 possit,

156 2826 177 2864 j
182 2832 291 2863 uqem.
947 2818 1057 2850 locavi
1074 2824 1149 2859 post
1165 2818 1310 2848 romilio.

214 2866 437 2897 mirorem-em.
505 2863 621 2908 Vulgo
659 2864 878 2897 animaclrer-
995 2865 1096 2894 Ferit.
1121 2862 1168 2893 al.
1177 2861 1274 2902 sac-il.

155 2915 280 2948 merent,
296 2909 408 2941 minus
424 2914 526 2941 recte.
994 2908 1172 2938 Ine-ursum
1195 2907 1367 2936 sumamma.
1411 2902 1472 2936 alii
1498 2903 1659 2946 inpetum.

949 2951 1015 2983 Sed
1033 2950 1120 2983 istud
1136 2950 1236 2982 codd.
1250 2955 1284 2982 et
1297 2948 1375 2981 edd.
1391 2956 1458 2983 vet.
