1946 3261
689 198 808 243 LIB.
843 199 985 244 CAP.
1017 200 1208 245 48-50.
1611 202 1696 246 505

203 342 345 379 arum,
367 326 580 372 exercitus
601 328 691 388 ejus
711 329 848 388 magis
881 331 1149 389 suspensiore
1170 329 1313 375 animo
1340 337 1442 374 ante
1463 330 1699 374 adventum

205 387 235 430 J
240 388 337 431 ubae
359 389 712 432 commovebatur
731 404 740 431 ε
775 398 1008 448 postquam
1025 405 1130 432 vero
1153 398 1292 433 castra
1315 390 1464 433 castris
1492 390 1698 441 contulit,

204 446 416 505 despectis
449 448 542 506 ejus
563 448 711 506 copiis,
751 464 919 491 omnem
952 457 1165 491 terrorem
1193 449 1385 508 deponit.
1449 449 1534 500 Ita,
1570 466 1700 508 quam

203 514 330 548 antea
365 507 515 550 absens
549 506 763 551 habuerat
799 506 1122 556 auctoritatem,
1166 524 1261 549 eam
1306 524 1475 552 omnem
1511 524 1697 567 praesens

203 564 460 622 dimiserat.)
523 566 622 615 Quo
649 566 765 608 facto
798 566 935 609 cuivis
962 564 1088 607 facile
1117 565 1203 607 fuit
1232 566 1472 618 intellectu,
1507 568 1700 626 Scipioni

203 623 403 666 additum
431 623 621 666 animum
652 624 938 682 fiduciamque
974 623 1109 681 Regis
1142 623 1360 667 adventu:
1396 642 1493 668 nam
1520 635 1698 684 postero

202 683 274 726 die
295 683 514 725 universas
535 698 630 724 suas
654 682 877 741 Regisque
894 684 1056 742 copias,
1090 699 1189 725 cum
1211 682 1454 741 elephantis
1475 686 1701 742 sexaginta.

200 741 435 800 productas
456 743 500 783 in
519 741 668 792 aciem,
693 758 823 799 quam
853 741 1158 801 speciosissime
1180 743 1345 799 potuit,
1368 743 1595 785 instruxit:
1629 761 1695 794 ac,

202 799 354 858 paullo
377 800 549 858 longius
571 816 828 858 progressus
859 802 914 844 ab
936 802 1020 844 suis
1042 801 1372 851 munitionibus,
1394 801 1511 844 haud
1542 802 1603 844 ita
1621 802 1696 845 diu

202 868 512 909 commoratus,
535 875 578 901 se
601 860 767 918 recepit
789 861 833 902 in
854 870 1010 903 castra.

261 917 333 961 49.
370 918 512 961 Caesar
547 927 778 977 postquam
811 919 1131 968 animadvertit,
1165 917 1360 977 Scipioni
1392 918 1554 961 auxilia
1587 919 1696 969 fere,

203 993 300 1035 quae
321 986 624 1035 exspectasset,
654 979 796 1020 omnia
825 978 1085 1028 convenisse,
1116 993 1258 1035 neque
1286 993 1451 1021 moram
1474 979 1699 1036 pugnandi

202 1036 338 1078 ullam
361 1037 471 1085 fore,
492 1053 569 1094 per
587 1037 743 1095 jugum
762 1054 975 1081 summum
994 1053 1090 1080 cum
1115 1037 1248 1094 copiis
1264 1036 1473 1095 progredi
1495 1039 1631 1095 coepit
1652 1045 1699 1080 et

202 1093 379 1138 brachia
400 1096 598 1154 protinus
633 1096 793 1139 ducere
822 1106 866 1140 et
898 1097 1076 1140 castella
1097 1096 1281 1147 munire,
1311 1096 1581 1154 propiusque
1606 1096 1699 1138 Sci-

203 1154 374 1213 pionem
406 1155 614 1214 capiendo
642 1154 738 1197 loca
770 1157 937 1199 excelsa
965 1172 1195 1214 occupare,
1227 1155 1463 1198 contendit.
1527 1155 1697 1198 Adver-

203 1213 320 1263 sarii,
359 1213 659 1273 magnitudine
681 1215 907 1273 copiarum
933 1214 1095 1265 confisi,
1128 1214 1375 1272 proximum
1396 1213 1550 1256 collem
1573 1230 1697 1257 occu·
1742 1222 1748 1235 ³

203 1281 422 1330 paverunt
469 1282 602 1330 atque
648 1273 710 1315 ita
760 1274 929 1332 longius
971 1274 1051 1318 sibi
1091 1273 1396 1332 progrediendi
1437 1273 1698 1331 eripuerunt

202 1331 468 1374 facultatem.
532 1332 739 1389 Ejusdem
768 1333 891 1377 collis
918 1333 1157 1391 occupandi
1186 1333 1328 1391 gratia
1357 1332 1574 1375 Labienus
1595 1348 1696 1375 con-

202 1389 345 1433 silium
381 1399 556 1449 ceperat
591 1399 653 1441 et,
701 1408 788 1450 quo
834 1393 1042 1450 propiore
1080 1392 1175 1435 loco
1213 1392 1375 1441 fuerat,
1418 1407 1470 1434 eo
1512 1391 1696 1434 celerius

200 1459 470 1493 occurrerat.

263 1507 333 1550 50.
369 1509 480 1551 Erat
507 1509 730 1559 convallis,
757 1508 858 1552 satis
879 1524 1035 1568 magna
1056 1509 1306 1558 latitudine,
1331 1508 1564 1551 altitudine
1586 1523 1694 1566 prae-

203 1576 354 1626 rupta,
391 1568 556 1611 crebris
577 1569 679 1611 locis
707 1569 921 1627 speluncae
951 1570 995 1611 in
1016 1570 1191 1612 modum
1211 1568 1422 1616 subrutis,
1446 1583 1543 1625 quae
1569 1574 1695 1609 erant

204 1626 564 1685 transgredienda
604 1628 762 1670 Caesari
804 1637 920 1677 ante,
953 1643 1086 1685 quam
1127 1627 1182 1670 ad
1221 1643 1318 1669 eum
1354 1627 1525 1675 collem,
1564 1642 1695 1683 quem

203 1702 358 1743 capere
380 1686 572 1735 volebat,
595 1687 925 1744 perveniretur;
957 1687 1161 1745 ultraque
1185 1702 1278 1729 eam
1303 1684 1545 1728 convallem
1564 1685 1696 1727 olive-

203 1752 300 1787 tum
321 1753 463 1795 vetus,
494 1746 661 1788 crebris
681 1746 912 1788 arboribus
933 1745 1209 1789 condensum.
1276 1744 1362 1787 Hic
1383 1760 1519 1801 quum
1539 1743 1694 1786 Labie-

202 1818 282 1846 nus
298 1803 687 1856 animadvertisset,
714 1805 944 1855 Caesarem,
976 1806 1009 1847 si
1031 1805 1165 1848 vellet
1182 1820 1281 1846 eum
1301 1804 1445 1846 locum
1463 1818 1697 1861 occupare,

236 1863 323 1905 rius
355 1879 522 1906 necesse
552 1880 639 1906 esse
662 1864 904 1907 convallem
932 1865 1233 1922 olivetumque
1256 1861 1518 1920 transgredi,
1541 1877 1694 1905 eorum

200 1878 397 1965 focorum
418 1922 586 1982 peritus
607 1922 650 1966 in
671 1922 834 1966 insidiis
855 1940 952 1966 cum
976 1932 1101 1983 parte
1122 1923 1346 1982 equitatus
1363 1922 1536 1978 levique
1554 1936 1693 1964 arma-

202 1988 304 2023 tura
324 1981 541 2024 consedit:
576 1989 620 2024 et
643 1991 854 2039 praeterea
874 1992 973 2041 post
1006 1991 1198 2025 montem
1218 1981 1436 2038 collesque
1458 1980 1626 2037 equites
1649 1978 1694 2021 in

204 2040 379 2083 occulto
401 2041 721 2091 conlocaverat,
752 2049 818 2091 ut,
843 2058 979 2099 quum
1001 2042 1092 2100 ipse
1115 2057 1168 2084 ex
1197 2041 1415 2097 inproviso
1438 2038 1693 2097 legionarios

203 2097 384 2142 adortus
413 2106 538 2148 esset,
569 2115 623 2142 ex
654 2100 763 2143 colle
792 2117 834 2143 se
856 2101 1078 2160 equitatus
1100 2099 1348 2143 ostenderet
1369 2106 1428 2148 et,
1459 2113 1506 2140 re
1528 2096 1693 2155 duplici

980 2255 1089 2291 potest
1102 2249 1300 2291 intelligere.
1326 2250 1376 2280 M.
1410 2247 1563 2280 Putarim
1580 2247 1689 2289 scrip-

980 2300 1054 2325 tum
1069 2294 1173 2325 fuisse
1188 2296 1249 2332 illi,
1261 2293 1489 2325 undelibrarii
1506 2291 1690 2324 oscitantia

976 2339 1197 2370 faetumibiet
1209 2339 1345 2370 tandem
1355 2337 1496 2379 repetita
1505 2337 1623 2367 ultima
1634 2336 1689 2366 lit-

977 2389 1048 2414 tera
1066 2383 1162 2414 vocis
1179 2384 1322 2424 praeced.
1339 2385 1412 2414 sibi.
1454 2381 1543 2412 Aliis
1558 2381 1685 2419 placet,

980 2437 1165 2469 pronomen
1186 2427 1364 2459 relativum
1392 2437 1454 2468 pro
1478 2426 1687 2456 demonstra-

980 2472 1050 2503 tivo
1068 2472 1162 2513 poni.
1209 2471 1285 2509 Qua
1310 2472 1351 2502 de
1372 2482 1406 2502 re
1433 2481 1465 2502 v.
1482 2469 1635 2500 Sanctius
1652 2472 1686 2498 et

212 2252 351 2282 Erat—
368 2254 474 2281 terror
497 2253 527 2280 et
544 2250 738 2290 exspectabo
754 2260 822 2291 cop.
848 2251 914 2281 Re-

204 2297 346 2337 yt'arum
356 2307 370 2332 ;
405 2297 636 2335 exercitusque
668 2296 739 2334 ejus
773 2304 912 2335 suspen-

203 2342 293 2371 sione
304 2341 413 2371 animi
428 2342 505 2370 ante
523 2339 601 2369 adv.
637 2338 668 2369 I.
683 2338 913 2369 commoveba-

205 2389 271 2417 tur.
295 2384 346 2414 M.
392 2382 447 2414 Sic
463 2388 496 2413 et
512 2381 677 2413 Jurinius.

255 2427 482 2468 Cuia-assuas.
497 2429 556 2458 int.
591 2427 683 2457 Oud.
699 2437 717 2457 e
733 2426 835 2457 codd.
851 2427 911 2457 ad-

207 2471 294 2503 didit
307 2475 416 2511 caJ'uS.
439 2469 508 2501 Alii
522 2472 733 2502 intellectum.

253 2516 434 2557 Capiendo.
467 2515 621 2546 Fortasse
638 2515 818 2546 delendum
843 2515 909 2546 hoc

205 2561 360 2592 verbum.
417 2559 501 2590 Oud.
541 2558 658 2589 Davis.
697 2560 913 2600 conjectabat

204 2604 403 2648 gradiendo.
450 2602 605 2634 Jurinius
618 2604 813 2635 accedendo.

254 2649 325 2680 Sibi
335 2647 490 2689 proqred.
513 2647 593 2688 Leg.
608 2648 654 2677 ibi
661 2648 912 2689 proqrezliendc'.

207 2693 295 2725 Nam
326 2693 441 2724 hostes
470 2700 538 2721 non
571 2691 651 2729 sibi,
688 2692 749 2722 sed
786 2691 911 2722 Caesari

203 2738 399 2770 facultatem
430 2734 665 2776 progrediendi
693 2735 909 2776 eripuerunt:

207 2782 300 2824 atqui
321 2782 386 2813 hoc
403 2790 501 2811 sensu
529 2779 710 2810 dicendum
738 2779 856 2811 fuisset
870 2782 911 2819 ei,

207 2826 235 2858 si
267 2827 412 2868 scriptor
443 2833 629 2865 pronomen
653 2823 818 2855 voluisset
852 2825 910 2855 ad-

206 2872 298 2903 dere.
343 2870 408 2902 Sed
430 2879 496 2900 non
522 2867 664 2905 addidit,
690 2868 746 2899 cui
771 2869 911 2900 facultas

206 2912 472 2957 procedendisit
485 2918 613 2955 erepta,
626 2922 707 2955 quia
721 2913 825 2947 lector
838 2913 913 2956 ipse

981 2516 1135 2547 Perizon.
1167 2515 1201 2547 in
1230 2516 1317 2547 Min.
1344 2518 1376 2554 2,
1398 2518 1575 2546 12.cont1·a
1597 2522 1684 2553 quos

979 2566 1104 2602 pugnat
1119 2561 1241 2592 Clarke
1260 2561 1302 2591 ad
1318 2560 1359 2591 G.
1388 2562 1414 2598 1,
1433 2562 1474 2590 <20
1501 2557 1591 2588 etad
1608 2557 1642 2587 h.
1659 2556 1684 2587 l.

1027 2607 1162 2637 Gratia.
1216 2605 1289 2635 Hoc
1319 2604 1395 2635 tolli
1422 2603 1495 2634 vult
1517 2600 1685 2632 Clarkius.

981 2649 1079 2680 Izlem
1094 2651 1184 2681 collis
1200 2659 1288 2680 nunc
1305 2655 1370 2688 est,
1386 2648 1476 2679 idem
1495 2645 1566 2683 ille,
1580 2654 1683 2692 quem

978 2693 1095 2725 Caesar
1120 2698 1316 2735 occuparat,
1364 2698 1401 2723 ut
1432 2688 1588 2722 Clarkius
1631 2699 1684 2720 vi-

975 2737 1036 2769 dit.
1070 2739 1119 2769 M.

1023 2783 1136 2813 Erant
1159 2780 1450 2821 transm-edientla.
1485 2777 1555 2810 Alii
1572 2782 1684 2809 tran-s·-

976 2827 1102 2858 ezmda.
1148 2825 1223 2857 scil.
1262 2826 1352 2856 loca.
1407 2824 1498 2856 Male
1533 2822 1684 2865 Scaliger

973 2876 1072 2904 erant
1086 2869 1384 2913 t1·ansqrediemlae.
