1992 3271
730 134 844 178 ΜΒ.
880 135 914 178 1.
979 137 1115 180 CAP.
1148 140 1278 183 4-6.
1707 150 1737 194 5

264 257 349 300 suis
369 257 677 319 Orgetorigem
697 278 748 305 ex
766 263 946 307 vinculis
964 281 1151 308 caussam
1168 268 1310 311 dicere
1328 279 1586 329 coegerunt:
1618 274 1736 320 dana-

264 325 413 383 natum
447 335 618 377 poenam
646 322 766 379 sequi
800 324 1050 381 oportebat,
1086 334 1134 367 ut
1172 326 1260 383 igni
1299 340 1575 374 cremaretur.
1650 335 1737 378 Die

263 384 498 419 constituta
531 395 685 421 caussae
718 381 932 431 dictionis,
968 382 1204 438 Orgetorix
1240 386 1292 428 ad
1323 387 1529 442 iudicium
1563 407 1735 437 omnem

262 449 381 476 suam
403 436 622 501 familiam,
656 439 709 480 ad
733 439 953 482 hominum
977 437 1097 482 milia
1119 442 1280 492 decem,
1304 434 1494 503 undique
1523 450 1665 493 coeoit
1688 460 1734 495 et

261 508 404 535 omnes
422 494 594 537 clientes
617 497 914 555 obaeratosque
935 515 1048 548 suos,
1072 516 1260 556 quorum
1283 518 1485 560 magnum
1507 485 1734 552 numterum

260 549 463 618 habebat,
497 554 646 596 eodem
678 556 903 599 conduxit:
941 573 1019 615 per
1052 574 1137 607 θος,
1168 574 1220 601 ne
1254 576 1442 604 caussam
1474 564 1652 617 diceret,
1690 585 1734 612 se

258 618 436 666 eripuit.
494 612 640 678 Quum
673 614 839 664 civitas,
865 615 922 657 ob
951 632 1043 658 eam
1071 632 1162 658 rem
1191 618 1384 669 incitata,
1414 623 1542 664 armis
1570 624 1635 680 jus
1664 642 1732 668 su-

258 682 333 708 um
361 684 534 736 exsequi
563 680 791 714 conaretur
841 675 1251 734 multitudinemque
1287 677 1507 721 hominum
1537 671 1589 723 ei<
1617 685 1734 742 agris

256 737 534 795 magistratus
567 741 786 789 cogerent,
827 733 1066 791 Orgetorix
1096 744 1295 778 mortuus
1327 745 1410 779 est:
1443 753 1582 796 neque
1609 743 1733 786 abest

254 799 553 855 suspicim'ut
592 791 784 833 Helvetii
817 792 1104 843 arbitrantur,
1149 795 1254 852 quin
1292 794 1384 852 ipse
1423 796 1506 838 sibi
1546 809 1732 844 mortem

253 856 521 889 consciverit.

297 904 354 971 ²5.
392 905 495 948 Post
515 906 606 963 ejus
632 917 818 952 mortem
839 909 972 952 nihilo
1001 910 1140 954 minus
1169 911 1363 955 Helvetii
1391 912 1451 963 id,
1484 916 1604 959 ouod
1633 933 1731 961 con-

252 971 500 1014 stituerant,
515 966 653 1007 facere
671 978 897 1016 conantur,
915 977 963 1009 ut
977 985 1000 1010 e
1018 968 1174 1012 finibus
1187 971 1272 1012 suis
1286 981 1453 1012 exeant.
1480 960 1573 1016 Ubi
1586 975 1675 1032 jam
1689 993 1732 1018 se

251 1023 305 1065 ad
326 1039 416 1065 eam
436 1040 526 1065 rem
548 1033 722 1082 paratos
735 1042 821 1067 esse
833 1026 1035 1068 arbitrati
1053 1038 1169 1074 sunt,
1193 1027 1355 1084 oppida
1376 1043 1453 1069 sua
1470 1033 1627 1081 omnia,
1654 1049 1734 1076 nu-

251 1098 370 1125 mero
391 1083 445 1124 ad
472 1082 713 1132 duodecim,
744 1083 858 1125 vicos
887 1083 941 1124 ad
965 1083 1320 1141 quadringentos,
1353 1086 1522 1144 reliqua
1556 1092 1733 1146 privata

250 1140 427 1183 aedifieia
441 1141 687 1190 incendunt,
706 1142 973 1183 frumentum
991 1157 1130 1191 omne,
1150 1151 1311 1200 praeter
1332 1145 1450 1200 quod
1467 1162 1611 1190 secum
1630 1166 1733 1207 por·

249 1201 387 1241 taturi
415 1209 552 1249 erant,
587 1201 866 1248 comburunt,
902 1208 968 1248 ut,
997 1200 1173 1242 domum
1203 1201 1424 1244 reditionis
1447 1219 1522 1260 spe
1541 1207 1732 1260 sublata,

249 1258 489 1315 paratiores
510 1258 563 1300 ad
576 1259 718 1301 omnia
732 1258 926 1316 pericula
947 1258 1168 1301 subeunda
1185 1268 1347 1302 essent:
1373 1260 1508 1303 trium
1525 1266 1736 1311 mensium

250 1316 401 1358 molita
418 1316 579 1358 cibaria
597 1317 678 1358 sibi
700 1334 915 1375 quemque
932 1317 1061 1359 domo
1082 1319 1234 1360 efferre
1247 1318 1417 1375 jubent.
1466 1320 1732 1368 Persuadent

252 1375 459 1417 Rauracis
488 1384 531 1417 et
554 1375 752 1433 Tulingis
780 1385 823 1417 et
854 1375 1103 1432 Latobrigis
1124 1376 1348 1426 finitumis,
1381 1378 1464 1427 uti,
1495 1381 1643 1423 eodem
1666 1384 1733 1427 usi

248 1434 440 1483 consilio,
463 1434 634 1491 oppidis
655 1434 740 1476 suis
759 1434 948 1491 vicisque
966 1435 1141 1483 exustis,
1164 1449 1248 1476 una
1269 1451 1366 1477 cum
1389 1436 1439 1478 iis
1458 1438 1732 1494 proficiscan-

247 1501 342 1534 tur:
381 1492 612 1550 Boiosque,
647 1493 722 1549 qui
753 1502 869 1534 trans
899 1491 1099 1534 Rhenum
1129 1493 1398 1536 incoluerant
1421 1504 1465 1537 et
1495 1495 1539 1538 in
1571 1513 1731 1555 agrum

249 1551 462 1593 Noricum
493 1550 751 1592 transierant
783 1550 1077 1608 Noreiamque
1107 1561 1433 1610 oppugnarant,
1456 1565 1654 1612 receptos
1675 1559 1731 1602 ad

242 1626 286 1652 se
303 1609 438 1652 socios
458 1609 539 1651 sibi
556 1609 810 1651 adsciscunt.

305 1670 344 1710 6.
378 1669 516 1711 Erant
534 1669 706 1710 omnino
729 1668 884 1710 itinera
899 1667 1003 1717 duo,
1029 1667 1190 1726 quibus
1212 1668 1440 1717 itineribus
1460 1670 1589 1715 domo
1611 1674 1730 1717 exire

245 1736 438 1787 possent:
472 1743 607 1769 unum
646 1743 724 1785 per
757 1728 994 1785 Sequanos,
1033 1736 1268 1785 angustum
1305 1737 1349 1771 et
1391 1728 1582 1782 difficile,
1616 1733 1731 1777 inter

243 1863 342 1893 codd.
374 1860 515 1892 Videtur
528 1857 631 1890 fuisse
647 1856 827 1899 scriptum:
847 1858 900 1889 Ea
915 1868 951 1889 re

242 1908 471 1938 —enunciatffl

290 1952 344 1982 Ei:
368 1951 514 1987 vinculis,
538 1947 687 1979 vinctum
710 1945 812 1977 verba
839 1945 948 1977 facere

242 2000 434 2036 coegerunt.
481 1994 531 2024 M.

290 2041 479 2071 Familiam.
512 2037 746 2067 llotomannus
761 2034 807 2065 sic
825 2032 950 2064 descri-

242 2084 311 2115 bit:
339 2084 402 2118 Qui
425 2084 473 2113 rel
495 2083 530 2111 in.
550 2080 796 2122 possessionibus
818 2081 886 2118 ejus*
909 2088 948 2108 ac

241 2129 366 2160 rusticis
388 2128 481 2158 rebus
503 2126 554 2155 rel
575 2127 609 2155 in
634 2123 837 2165 reetiyalibus
856 2132 948 2152 ewr-

241 2173 350 2204 cemlis
364 2181 497 2212 operam
513 2169 648 2200 dabant.
665 2179 696 2199 v.
714 2167 780 2198 ind.
800 2167 850 2196 M.
880 2165 946 2195 Pro

238 2227 335 2248 suam
349 2215 408 2246 alii
424 2213 548 2245 habent
562 2214 624 2244 sui.
639 2223 671 2242 v.
685 2211 901 2250 Oudendorp.

288 2261 456 2301 Orgetorix
475 2262 622 2289 mortun-s·
640 2261 697 2287 est.
719 2255 837 2285 Celsus
854 2252 946 2284 addit

238 2305 274 2335 in
287 2314 425 2336 carcere.

288 2348 529 2389 Oppida,—--
543 2345 732 2376 incendunt.
784 2343 829 2373 Et
858 2341 944 2378 haec,

240 2396 274 2422 et
308 2391 374 2422 alia
407 2392 447 2422 de
481 2389 535 2421 his
570 2388 801 2419 Helvetiorum
834 2385 944 2422 rebus,

238 2444 439 2476 quamquam
478 2432 681 2469 summatim,
717 2429 828 2471 attigit
864 2428 944 2459 Plu-

235 2479 341 2511 tarch.
358 2479 390 2510 in
403 2478 490 2510 Caes.
506 2489 536 2509 c.
556 2479 606 2508 18.
631 2478 680 2507 M.

286 2523 412 2554 Praeter
434 2523 502 2560 (id)
526 2521 623 2562 quonl-
668 2519 755 2550 Gell.
779 2517 826 2548 N.
851 2518 892 2548 A.
913 2518 941 2554 l,

243 2569 293 2600 16,
312 2567 528 2607 praeterquod
541 2575 642 2607 supra
653 2565 758 2605 posui.
784 2562 834 2592 M.
872 2559 942 2592 Alii

182 2647 186 2656 ἴ
232 2617 354 2653 praeter
367 2621 467 2651 quam
482 2609 578 2650 quod.

284 2657 431 2686 Domum
450 2654 624 2684 reditionis.
668 2651 714 2682 Ut
733 2650 824 2690 apud
842 2649 941 2680 Plau-

234 2704 305 2730 tum
323 2698 449 2738 Amph.
471 2700 498 2727 l.
515 2698 546 2733 3,
562 2698 615 2733 21,
629 2696 752 2726 curatio
766 2704 847 2724 rem.

281 2744 398 2775 Molita
417 2742 552 2778 cibaria,
574 2739 724 2770 farinam.
749 2738 783 2768 In
800 2737 855 2768 Gr.
870 2747 940 2767 me-

236 2787 342 2828 taphr.
367 2790 417 2816 est
433 2785 563 2824 ἄλφιτα.
585 2784 634 2813 M.

285 2832 434 2871 Tulinyis
448 2834 478 2859 et
497 2827 691 2868 Latobriyis.
715 2826 857 2856 Istorum
869 2835 940 2855 me-

235 2873 376 2905 moriani
387 2877 493 2904 servat
508 2870 675 2911 hodieque
685 2880 806 2900 nomen
821 2868 939 2909 oppidi

238 2920 431 2960 Sticlzlinyen
447 2917 479 2949 in
490 2914 628 2948 Suevia:
645 2915 708 2946 hos
722 2924 820 2945 nemo
837 2911 940 2945 novit.

1016 1856 1162 1888 Codices
1174 1867 1253 1888 vero
1269 1856 1643 1899 offerunt—Latobibus,
1660 1861 1731 1893 La-

1017 1901 1137 1938 tobibis,
1154 1902 1323 1940 Lami-loix,
1360 1903 1448 1933 unde
1477 1903 1633 1936 Oudend.
1670 1916 1729 1936 ex-

1018 1945 1160 1985 sculpsit
1195 1951 1226 1977 et
1251 1946 1315 1976 late
1342 1948 1417 1977 vicis
1443 1948 1605 1986 finitimis,
1635 1951 1726 1990 quod

1017 1994 1127 2020 tamen
1142 1999 1202 2020 nec
1221 1988 1285 2029 ipsi
1303 1989 1381 2020 satis
1401 1990 1570 2031 probatur.

1066 2034 1231 2064 Now-eiam„
1277 2033 1332 2064 Sic
1348 2039 1477 2064 veteres
1492 2033 1580 2072 libri,
1597 2041 1631 2066 et
1651 2046 1725 2067 me-

1014 2077 1214 2117 taphi·asteS,
1249 2075 1280 2107 in
1321 2088 1391 2118 quo
1425 2082 1475 2109 est
1507 2078 1639 2120 Nopnl'oev‚
1692 2086 1727 2112 et

1018 2120 1273 2161 Peutingeriana
1296 2121 1421 2152 tabula.
1471 2122 1592 2153 cellar.
1630 2124 1722 2165 Ergo

1014 2164 1150 2205 reliquae
1183 2164 1346 2196 lectiones
1380 2166 1518 2206 (magna
1547 2165 1637 2197 enim
1669 2173 1722 2199 est

1013 2208 1182 2248 scripturae
1199 2208 1338 2239 varietas
1356 2208 1387 2240 in
1398 2209 1433 2239 h.
1449 2208 1498 2247 v.)
1524 2209 1615 2241 falsae
1633 2216 1720 2242 sunt.

1014 2253 1065 2283 M.
1088 2252 1252 2283 Cellarius
1279 2253 1363 2283 duas
1388 2252 1528 2284 Noreias
1557 2254 1722 2291 agnoscit,

1011 2297 1148 2327 alteram
1167 2295 1198 2327 in
1216 2296 1351 2335 Norica,
1374 2297 1513 2327 alteram
1535 2295 1567 2328 in
1581 2292 1719 2338 Carni33

1011 2339 1165 2371 Mannert
1181 2341 1298 2371 eadem
1314 2351 1389 2371 esse
1406 2346 1511 2381 putat.

1058 2386 1332 2425 Boios—receptos
1354 2385 1399 2416 ad
1415 2395 1448 2415 se
1470 2386 1566 2416 socios
1587 2385 1646 2416 siba·
1659 2385 1720 2416 αιί-

1009 2431 1156 2465 sciscunt,
1175 2427 1196 2459 i.
1208 2439 1252 2467 e.,
1267 2429 1392 2459 foedere
1407 2427 1473 2459 sibi
1487 2439 1546 2458 eos
1563 2428 1717 2469 jungunt.

1010 2472 1195 2513 Recipiunt
1209 2483 1268 2503 eos
1281 2472 1323 2502 ad
1339 2483 1386 2511 se,
1406 2479 1439 2502 et
1452 2471 1589 2512 quidem
1614 2471 1660 2503 ita
1674 2473 1718 2503 ad

1008 2527 1044 2547 se
1068 2516 1245 2558 rccipiunt,
1274 2515 1339 2547 sibi
1368 2515 1571 2553 adsciscunt,
1595 2521 1632 2546 ut
1656 2526 1718 2548 eos

1007 2560 1153 2592 habeant
1168 2559 1291 2591 socios.
1314 2561 1365 2591 M.

1055 2606 1122 2636 Per
1143 2606 1321 2645 Sequanm,
1340 2605 1424 2634 inter
1437 2603 1558 2634 Juram
1580 2607 1612 2634 et
1627 2603 1717 2635 Rho-

1007 2649 1145 2680 danum.
1189 2649 1253 2679 Sed
1278 2658 1343 2678 non
1366 2647 1445 2678 satis
1466 2645 1630 2687 intelligo,
1648 2645 1715 2678 situ

1007 2693 1159 2723 locorum
1174 2697 1377 2732 comparato.
1396 2700 1464 2731 quo
1486 2691 1618 2721 tandem
1641 2700 1715 2721 mo-

1008 2737 1064 2773 do,
1084 2735 1142 2776 qui
1163 2737 1387 2776 Sequanorum
1403 2736 1483 2764 fines
1501 2733 1639 2764 transire
1654 2744 1712 2764 vo-

1007 2780 1150 2813 luerunt,
1188 2780 1271 2810 inter
1299 2779 1415 2808 Juram
1445 2784 1479 2808 et
1509 2777 1714 2808 Rhodanum

1010 2823 1068 2854 ubi
1098 2823 1183 2854 nulli
1211 2822 1355 2862 Sequani
1381 2822 1485 2860 fuere,
1512 2820 1574 2851 iter
1602 2820 1712 2851 facere

1009 2867 1187 2908 potuerint.
1203 2866 1327 2897 Christ.
1342 2865 1482 2896 Crusius
1499 2864 1531 2895 in
1549 2864 1715 2895 Probabi-

1009 2911 1097 2943 libus
1107 2910 1255 2948 Criticis,
1271 2921 1306 2952 p.
1321 2912 1459 2942 16-20.
1484 2910 1640 2941 Rhenum
1654 2919 1717 2940 vu»
