1946 3261
542 253 660 298 LIB.
693 253 750 298 V.
813 252 953 297 CAP.
985 252 1175 298 50-53.
1534 253 1614 298 129

130 380 186 424 ad
208 379 460 426 Ciceronem
489 382 702 442 pervenit.
766 382 992 426 Institutas
1023 391 1183 433 turres,
1215 381 1450 427 testudines
1469 382 1611 427 muni-

132 441 357 500 tionesque
384 441 574 485 hostium
608 442 871 485 admiratur:
917 440 1132 500 producta
1165 443 1335 500 legione
1374 443 1612 502 cognoscit,

132 515 218 544 non
251 501 466 544 decimum
498 518 716 560 quemque
748 518 834 544 esse
867 501 1068 545 relictum
1098 500 1278 543 militem
1307 502 1395 545 sine
1416 502 1612 545 vulnere.

132 558 202 601 Ex
222 558 286 601 his
304 560 503 603 omnibus
519 561 686 618 judicat
703 561 848 610 rebus,
870 568 1035 618 quanto
1057 575 1156 601 cum
1174 560 1371 617 periculo
1389 570 1433 604 et
1450 569 1618 620 quanta

132 634 232 660 cum
249 618 416 661 virtute
433 635 500 661 res
515 619 600 661 sint
613 619 941 662 administratae:
978 618 1233 660 Ciceronem
1252 634 1334 676 pro
1352 619 1441 677 ejus
1458 620 1618 663 merito

131 676 433 735 legionemque
463 677 714 720 conlaudat:
762 678 1050 721 Centuriones
1086 676 1339 733 singillatim
1378 677 1619 722 Tribunos-

131 751 216 792 que
257 735 446 778 militum
486 735 697 794 adpessat,
739 753 930 795 quorum
970 735 1192 794 egregiam
1233 735 1362 778 fuisse
1404 736 1618 779 virtutem

131 793 377 837 testimonio
400 794 621 837 Ciceronis
642 804 920 854 cognoveratz
985 796 1054 838 De
1084 811 1183 837 casu
1221 794 1372 837 Sabini
1405 803 1450 838 et
1473 795 1620 838 Cottae

74 857 76 859 ’
131 852 290 895 certius
323 868 375 895 ex
407 853 591 911 captivis
624 855 859 912 cognoscit.
926 854 1107 897 Postero
1136 854 1204 896 die
1234 854 1437 897 concione
1470 852 1621 896 habita

130 927 221 953 rem
252 920 416 969 gestam
445 913 671 970 proponit,
696 914 850 956 milites
880 913 1129 956 consolatur
1151 922 1195 956 et
1217 912 1465 956 confirmat:
1500 912 1622 971 quod

128 970 440 1013 detrimentum
476 973 609 1030 culpa
637 981 682 1015 et
709 973 953 1015 temeritate
988 971 1141 1030 Legati
1173 972 1229 1015 sit
1260 981 1505 1031 acceptum,
1538 971 1621 1014 hoc

129 1029 321 1087 aequiore
340 1030 483 1073 animo
505 1031 737 1074 ferundum
758 1032 900 1081 docet,
930 1031 1065 1090 quod,
1089 1030 1297 1074 beneficio
1321 1032 1521 1074 Deorum
1542 1029 1620 1073 im-

129 1089 381 1131 mortalium
399 1098 443 1132 et
457 1089 623 1133 virtute
645 1107 798 1133 eorum
818 1090 995 1149 expiato
1018 1090 1306 1140 incommodo,
1326 1106 1468 1149 neque
1487 1089 1621 1133 hosti-

129 1146 211 1190 bus
229 1147 398 1190 diutina
418 1148 597 1199 laetatio,
620 1165 760 1208 neque
783 1150 882 1208 ipsis
904 1150 1077 1208 longior
1098 1150 1224 1193 dolor
1247 1150 1539 1208 relinquatur.

189 1207 260 1249 53.
296 1206 477 1250 Interim
499 1207 557 1250 ad
580 1208 823 1252 Labienum
846 1225 925 1267 per
950 1209 1110 1253 Remos
1132 1208 1377 1251 incredibili
1398 1208 1623 1251 celeritate

131 1264 186 1308 de
220 1266 403 1309 victoria
443 1267 622 1310 Caesaris
664 1269 779 1311 fama
817 1268 1055 1326 perfertur,
1092 1276 1156 1321 ut,
1190 1283 1327 1324 quum
1349 1267 1406 1310 ab
1427 1266 1621 1310 hibernis

131 1324 352 1368 Ciceronis
389 1325 558 1369 abesset
593 1326 714 1369 milia
746 1343 952 1386 passuum
987 1327 1165 1377 circitur
1204 1326 1301 1376 LX,
1342 1342 1481 1384 eoque
1523 1333 1624 1385 post

127 1382 279 1426 horam
297 1399 453 1427 nonam
469 1385 556 1428 diei
579 1386 725 1428 Caesar
745 1386 1026 1445 pervenisset,
1047 1394 1147 1428 ante
1164 1386 1350 1428 mediam
1372 1394 1544 1428 noctem
1564 1384 1623 1428 ad

130 1451 279 1500 portas
315 1451 555 1486 castrorum
588 1445 752 1487 clamor
783 1445 988 1495 oriretur,
1026 1460 1115 1501 quo
1152 1444 1340 1486 clamore
1361 1443 1623 1499 significatio

129 1501 321 1545 victoriae
343 1503 672 1561 gratulatioque
695 1504 753 1546 ab
776 1503 923 1546 Remis
963 1503 1158 1547 Labieno
1179 1502 1319 1545 fieret.
1387 1498 1485 1544 Hac
1507 1501 1624 1543 fama

128 1560 185 1602 ad
222 1561 427 1603 Treviros
465 1562 650 1615 perlata,
683 1562 1035 1610 Indutiomarus,
1066 1561 1142 1617 qui
1182 1570 1356 1619 postero
1379 1559 1450 1603 die
1481 1568 1624 1602 castra

131 1617 312 1660 Labieni
353 1617 615 1673 obpugnare
657 1620 929 1667 decreverat,
974 1625 1105 1658 noctu
1146 1619 1348 1675 profugit
1387 1618 1620 1674 copiasque

130 1688 274 1718 omnes
312 1674 355 1714 in
390 1672 594 1714 Treviros
633 1672 818 1714 reducit.
884 1673 1031 1715 Caesar
1056 1675 1238 1717 Fabium
1261 1690 1361 1716 eum
1383 1673 1554 1731 legione
1578 1675 1621 1717 in

129 1749 209 1775 sua
229 1729 415 1774 remittit
444 1729 642 1781 hiberna,
667 1730 757 1787 ipse
780 1744 879 1771 cum
901 1729 1042 1773 tribus
1076 1728 1321 1787 legionibus
1356 1731 1520 1774 circum
1545 1734 1623 1775 Sa-

131 1790 427 1836 marobrivam
448 1788 571 1832 trinis
602 1788 793 1832 hibernis
814 1787 1002 1832 hiemare
1024 1788 1248 1832 constituit
1269 1797 1330 1844 et,
1368 1790 1490 1848 quod
1510 1792 1625 1835 tanti

959 1921 1097 1956 Quanta
1137 1931 1216 1953 cum
1251 1922 1383 1954 virtute.
1441 1921 1496 1954 Sic
1536 1923 1625 1956 solet

910 1970 1023 1997 noster
1037 1965 1280 2007 praepositione
1295 1966 1441 2008 repetita
1456 1966 1519 1999 uti.

957 2010 1176 2051 Sinyc'llatim.
1193 2011 1239 2041 al.
1254 2012 1465 2052 sinqulatim.

957 2054 1106 2086 Laetcttio.
1168 2054 1314 2096 Recepit
1353 2054 1623 2098 Oudendorpius

910 2098 978 2130 hoc
994 2097 1152 2137 verbum,
1168 2109 1229 2139 pro
1243 2099 1471 2140 vungaecitia,
1487 2111 1506 2131 e
1518 2101 1623 2133 codd.

132 1925 200 1964 bae,
221 1923 412 1967 parenthesi
438 1922 631 1955 includere?
688 1921 738 1953 Ita
768 1931 845 1953 sen-

132 1981 189 2001 sus
203 1969 283 2000 erit:
307 1969 461 2006 videbat,
482 1966 626 2008 relinqui
642 1966 757 1997 locum
781 1966 841 2005 (ab

132 2013 289 2045 hostibus
303 2012 531 2055 fugientibus)
553 2021 620 2043 non
639 2021 743 2053 parvo
762 2021 842 2042 cum

132 2057 334 2089 detrimento
370 2057 503 2089 illorum
539 2054 731 2094 (hostium),
770 2054 794 2086 i.
811 2066 842 2086 e.

134 2101 249 2133 hostes
263 2101 379 2143 fugere
389 2111 431 2132 ex
442 2101 533 2139 loco,
552 2100 583 2131 in
594 2111 662 2141 quo
679 2099 841 2131 hactenus

132 2146 277 2184 fuerant,
300 2155 422 2187 magno
445 2154 523 2176 cum
546 2144 750 2175 detrimento
766 2154 841 2182 suo,

133 2195 171 2221 ut
188 2188 285 2221 multi
301 2200 416 2221 eorum
437 2188 472 2219 in
490 2187 585 2220 silvis
609 2193 643 2219 et
659 2187 842 2230 paludibus

134 2234 294 2276 perirent.
341 2232 542 2265 Admonitus
573 2242 652 2275 ergo
685 2233 751 2263 hoc
784 2242 843 2263 ex-

133 2279 261 2320 emplo,
284 2279 394 2310 noluit
414 2289 474 2309 eos
495 2276 665 2319 prosequi,
688 2286 731 2308 ne
750 2276 841 2307 idem

132 2323 370 2354 detrimentum
394 2321 581 2363 acciperet,
603 2321 694 2363 quod
717 2320 843 2359 hostes,

135 2377 178 2398 ex
194 2367 258 2398 hoc
280 2368 356 2399 loco
373 2367 598 2404 discedentes,
619 2365 775 2406 accipere
792 2364 843 2395 vi-

134 2410 250 2442 debat.
296 2410 361 2442 Sed
385 2411 468 2443 illud
486 2409 737 2442 deminutivum
759 2419 844 2450 par-

133 2456 234 2487 vuius
250 2454 298 2486 ita
313 2465 379 2486 non
396 2455 477 2486 satis
491 2460 610 2496 aptum
627 2459 690 2485 est.
742 2452 843 2484 Lam-

135 2498 209 2531 bini
231 2500 455 2541 conjecturam
483 2498 708 2539 ingeniosam,
735 2507 844 2538 neque

134 2545 237 2576 etiam
268 2545 413 2585 parvulo
450 2542 643 2575 detrimento
675 2542 844 2583 (suorum)

134 2589 245 2620 ullum
263 2588 376 2619 locum
389 2588 536 2628 relinqui
557 2587 695 2624 volebat,
720 2585 845 2627 proba-

134 2637 213 2663 runt
238 2631 381 2663 Vossius
401 2636 436 2662 et
460 2630 634 2662 Clarkius:
664 2631 772 2662 fateor
794 2635 845 2661 ta-

137 2686 228 2715 men,
236 2675 421 2714 Caesarem,
431 2674 459 2706 si
472 2674 536 2706 hoc
549 2674 726 2713 voluisset,
736 2674 844 2716 scrip-

135 2724 250 2751 turum
277 2720 391 2758 fuisse,
415 2729 455 2751 ac
479 2729 520 2750 ne
543 2720 684 2760 parvulo
708 2718 845 2760 quidem

137 2764 222 2796 detr.
238 2766 288 2796 ul.
307 2766 329 2796 l.
347 2775 376 2796 r.
391 2764 458 2795 vol.
528 2762 644 2794 Manet
667 2761 769 2793 lectio
793 2761 846 2793 in·-

137 2814 241 2840 certa.
267 2809 318 2840 M.
372 2807 589 2848 Conjiciebat
619 2805 780 2838 Wasseus
808 2817 846 2847 p.

138 2852 172 2883 (l.
189 2852 359 2892 (suorum)
374 2853 474 2884 illum
491 2852 601 2882 locum
615 2851 762 2892 relinqui
775 2851 845 2881 vid.

140 2895 215 2927 scil.
231 2897 277 2929 ab
293 2897 403 2929 hoste.
452 2894 543 2926 Oud.
560 2905 640 2926 vero
657 2894 726 2926 sic:
753 2905 792 2935 p.
810 2894 845 2925 d.

139 2939 292 2978 (suorum
317 2941 372 2973 vel
396 2940 476 2980 suo)
500 2940 639 2971 illorum
664 2939 736 2970 loca
763 2949 786 2969 a
813 2948 848 2969 se

138 2985 290 3027 inrumpi
310 2986 378 3020 vid.
398 2984 500 3019 nimis
520 2983 684 3017 audacter
700 2982 773 3016 sine
789 2992 850 3015 ne-

138 3034 308 3063 cessitate.

911 2141 1084 2184 pluribus;
1110 2149 1213 2183 negat
1228 2148 1354 2180 tamen,
1370 2154 1405 2174 se
1420 2145 1621 2186 exemplum

909 2187 983 2228 ejus
996 2187 1088 2227 apud
1104 2186 1213 2218 alium
1229 2192 1405 2218 auctorem
1422 2188 1551 2219 bonum
1565 2199 1622 2219 re-

910 2230 1049 2272 perisse.
1095 2230 1161 2262 Sed
1185 2241 1263 2262 cum
1290 2231 1399 2263 forma
1420 2232 1519 2263 verbi
1540 2242 1623 2264 ana-

910 2274 1014 2315 logiae
1044 2275 1276 2315 grammaticae
1307 2277 1523 2317 respondeat,
1552 2286 1621 2308 non

909 2318 1101 2360 repudiem.
1126 2320 1177 2350 M.
1224 2319 1304 2351 Jam
1334 2319 1409 2358 alii,
1437 2320 1472 2351 in
1503 2320 1558 2352 his
1587 2325 1623 2352 et

910 2362 1075 2403 Scaliger,
1090 2374 1167 2395 eam
1181 2374 1304 2395 vocem
1321 2363 1540 2396 admiserant.

960 2408 1074 2449 Neque
1095 2409 1171 2449 ipsis
1192 2410 1282 2450 lonq.
1302 2409 1367 2440 dol.
1384 2409 1446 2440 rel.
1494 2409 1621 2440 Audita

909 2451 1007 2482 clade
1030 2451 1209 2483 Tituriana
1237 2452 1379 2484 barbam
1406 2452 1622 2494 capillosque

911 2495 1112 2527 submisisse
1129 2495 1298 2528 Caesarem
1322 2506 1385 2527 nec
1409 2502 1488 2528 ante
1510 2496 1623 2528 demi-

910 2539 994 2572 sisse
1018 2539 1200 2572 Suetonius
1224 2540 1325 2572 refert
1347 2550 1425 2582 cap.
1441 2542 1494 2571 67.
1517 2550 1621 2581 quam

909 2583 1128 2616 vindicasset.
1174 2585 1240 2616 Sed
1257 2584 1322 2616 hoc
1338 2584 1407 2616 cito
1423 2585 1560 2615 factum.

958 2629 1060 2661 Micia
1070 2639 1160 2671 pass.
1175 2630 1306 2661 circiter
1324 2629 1402 2660 LX.
1449 2626 1504 2658 Sic
1519 2627 1621 2659 codd.

911 2671 994 2704 boni
1031 2678 1063 2704 et
1100 2673 1176 2704 edd.
1215 2677 1283 2704 vet.
1335 2672 1473 2704 Graecus
1516 2671 1621 2702 habet

913 2716 1108 2748 CDLXXX
1123 2717 1243 2755 stadia,
1267 2717 1360 2757 quod
1375 2717 1495 2747 eodem
1515 2714 1619 2747 redit.

913 2760 1006 2792 Male
1022 2761 1112 2792 Oud.
1128 2761 1207 2792 inde
1222 2761 1326 2792 efficit
1341 2760 1393 2792 M.
1411 2769 1501 2800 pass.
1517 2759 1559 2790 L.

960 2807 1098 2837 Horam
1112 2816 1249 2837 nonam.
1295 2805 1357 2835 Est
1373 2803 1510 2835 circiter
1521 2802 1619 2834 tertia

913 2849 1158 2891 pomeridiana.
1182 2850 1233 2880 M.

960 2895 1014 2926 Acl
1034 2895 1197 2925 Treviros.
1222 2892 1276 2923 Cf.
1292 2902 1372 2934 cap,
1388 2891 1430 2923 24
1445 2896 1478 2922 et
1492 2891 1548 2922 47.
1565 2891 1620 2922 M.

963 2939 1047 2970 Cum
1059 2939 1121 2979 leq.
1136 2939 1173 2968 in
1198 2947 1261 2968 sua
1280 2947 1363 2969 rem.
1389 2937 1455 2969 hil».
1480 2935 1515 2969 al
1539 2944 1620 2968 cum

912 2983 979 3025 leq.
993 2993 1058 3016 sua
1073 2992 1156 3015 rem.
1172 2984 1211 3013 in
1223 2981 1287 3014 kib.

1419 3066 1452 3099 K
