1946 3261
248 203 339 248 1265
678 200 764 247 DE
794 198 999 247 BELLO
1030 199 1330 248 GALLICO.

241 344 448 389 suamque
495 328 536 370 ei
587 326 718 372 fidem
778 330 1057 389 praestiterat.
1141 330 1230 374 Hic
1283 344 1411 374 servo
1460 345 1539 390 spe
1586 330 1716 375 liber-

241 392 342 434 tatis
370 387 621 448 magnisque
654 388 888 447 persuadet
918 388 1118 448 praemiis,
1148 399 1200 432 ut
1229 389 1398 433 litteras
1425 389 1481 433 ad
1505 391 1718 434 Caesarem

241 449 424 492 deferat.
488 447 581 489 Has
600 447 676 490 ille
704 447 748 490 in
772 448 918 506 jaculo
945 449 1146 507 inligatas
1178 450 1303 492 effert
1330 457 1391 500 et,
1429 449 1584 492 Gallus
1605 449 1720 492 inter

245 506 396 549 Gallos
426 506 515 549 sine
549 505 640 548 ulla
669 508 908 566 suspicione
935 516 1144 558 versatus,
1177 508 1233 551 ad
1257 508 1471 552 Caesarem
1500 509 1718 568 pervenit.

243 565 317 608 Ab
337 581 389 609 eo
410 565 465 608 de
486 565 690 624 periculis
712 567 931 610 Ciceronis
948 566 1216 626 legionisque
1237 568 1528 626 cognoscitur.

298 624 372 667 46.
405 625 565 675 Caesar,
593 626 785 684 acceptis
816 626 974 669 litteris
1007 625 1115 669 hora
1150 627 1324 670 circiter
1355 626 1583 670 undecima
1613 625 1719 678 diei,

239 685 386 727 statim
421 684 627 726 nuncium
662 684 706 726 in
743 685 994 729 Bellovacos
1022 685 1079 728 ad
1114 686 1181 728 Μ.
1212 687 1415 729 Crassum
1448 686 1721 736 Quaestorem

240 742 394 793 mittit,
423 743 547 801 cujus
583 742 764 786 hiberna
796 745 979 788 aberant
1017 745 1075 787 ab
1111 759 1163 787 eo
1193 745 1310 788 milia
1340 761 1543 804 passuum
1572 745 1717 788 XXV.

241 802 384 845 Jubet
422 801 565 844 media
601 811 726 845 nocte
764 803 979 861 legionem
1016 803 1231 862 proficisci
1268 804 1559 861 celeriterque
1589 803 1643 846 ad
1675 818 1720 846 se

241 861 403 903 venire.
465 860 586 903 Exiit
607 877 706 904 cum
726 862 884 905 nuncio
906 863 1100 905 Crassus.
1154 863 1359 905 Alterum
1381 863 1437 906 ad
1459 863 1513 906 C.
1535 862 1723 905 Fabium

242 919 458 978 Legatum
487 920 641 970 mittit,
674 928 726 963 ut
757 920 800 963 in
824 922 1106 964 Atrebatium
1134 921 1242 965 fines
1271 922 1484 979 legionem
1512 920 1721 971 adducat,

241 992 328 1036 qua
348 978 430 1022 sibi
450 978 535 1021 iter
556 978 805 1022 faciundum
827 981 1004 1025 sciebat.
1070 982 1236 1024 Scribit
1260 981 1467 1031 Labieno,
1488 981 1521 1023 si
1543 979 1723 1039 reipub-

240 1037 333 1080 licae
368 1036 596 1081 commodo
630 1038 772 1081 facere
805 1048 965 1098 posset,
1004 1056 1102 1082 cum
1126 1040 1296 1099 legione
1318 1040 1374 1083 ad
1407 1039 1513 1082 fines
1536 1039 1723 1082 Nervio-

241 1111 341 1140 rum
361 1097 525 1139 veniat:
559 1096 771 1155 reliquam
794 1107 963 1157 partem
986 1099 1216 1148 exercitus,
1249 1099 1369 1157 quod
1399 1098 1548 1157 paullo
1567 1097 1722 1141 aberat

241 1154 428 1214 longius,
459 1170 544 1199 non
579 1165 709 1215 putat
741 1158 1095 1216 exspectandam;
1128 1159 1294 1216 equites
1315 1158 1491 1201 circiter
1516 1156 1722 1216 quadrin-

242 1223 397 1273 gentos
417 1230 471 1257 ex
492 1215 701 1274 proximis
721 1215 911 1259 hibernis
928 1218 1060 1275 cogit.

301 1271 373 1316 47.
410 1273 536 1317 Hora
571 1275 744 1317 circiter
777 1276 908 1317 tertia
939 1276 995 1317 ab
1020 1275 1372 1317 antecursoribus
1404 1272 1461 1315 de
1484 1274 1625 1316 Crassi
1647 1273 1723 1316 ad·

241 1341 378 1375 ventu
396 1334 558 1375 certior
572 1333 725 1382 factus,
744 1349 796 1375 eo
814 1333 884 1375 die
897 1333 1014 1375 milia
1032 1348 1234 1391 passuum
1248 1332 1402 1388 viginti
1418 1332 1723 1396 progreditur.

244 1391 447 1433 Crassum
487 1391 805 1434 Samarobrivae
846 1391 1027 1450 praeficit
1067 1392 1370 1448 legionemque
1411 1392 1447 1433 ei
1490 1391 1725 1442 adtribuit,

242 1448 363 1507 quod
394 1449 455 1492 ibi
485 1449 780 1508 inpedimenta
809 1451 1041 1500 exercitus,
1079 1448 1249 1494 obsides
1281 1450 1525 1499 civitatum,
1557 1450 1726 1494 litteras

243 1508 441 1566 publicas
481 1508 836 1566 frumentumque
873 1526 1013 1560 omne,
1054 1509 1174 1568 quod
1214 1525 1265 1552 eo
1303 1508 1539 1552 tolerandae
1577 1508 1726 1553 hiemis

243 1583 389 1610 caussa
407 1567 659 1617 devexerat,
689 1568 978 1625 relinquebat.
1043 1569 1218 1617 Fabius,
1250 1577 1301 1610 ut
1330 1568 1592 1625 imperatum
1613 1576 1725 1618 erat,

244 1640 329 1668 non
364 1627 425 1668 ita
458 1625 646 1668 multum
676 1635 885 1677 moratus,
924 1628 967 1669 in
1003 1627 1158 1669 itinere
1188 1642 1286 1668 cum
1317 1626 1486 1684 legione
1516 1628 1722 1670 occurrit.

246 1684 480 1734 Labienus,
511 1684 692 1727 interitu
726 1685 876 1728 Sabini
904 1695 949 1728 et
971 1686 1085 1729 caede
1108 1685 1352 1728 cohortium
1375 1685 1565 1742 cognita,
1588 1701 1725 1743 quum

245 1758 389 1786 omnes
407 1743 462 1785 ad
486 1759 584 1785 eum
607 1743 893 1787 Trevirorum
914 1746 1050 1803 copiae
1071 1745 1298 1793 venissent,
1321 1745 1501 1793 veritus,
1525 1759 1593 1793 ne,
1616 1744 1648 1786 si
1671 1761 1725 1788 ex

244 1801 435 1845 hibernis
455 1802 570 1860 fugae
585 1803 765 1845 similem
784 1804 1099 1861 profectionem
1118 1804 1301 1852 fecisset,
1322 1801 1508 1844 hostium
1528 1803 1725 1861 inpetum

243 1861 453 1903 sustinere
485 1874 571 1904 non
604 1871 763 1919 posset,
795 1864 1033 1920 praesertim
1062 1879 1171 1920 quos
1195 1863 1355 1904 recenti
1379 1861 1561 1904 victoria
1582 1862 1726 1906 efferri

243 1920 389 1969 sciret,
411 1920 578 1962 litteras
597 1921 756 1963 Caesari
774 1922 975 1971 remittit,
996 1929 1160 1979 quanto
1179 1937 1277 1963 cum
1298 1919 1495 1978 periculo
1514 1920 1725 1977 legionem

243 1994 297 2020 ex
319 1978 508 2021 hibernis
529 1978 769 2021 educturus
790 1989 918 2022 esset:
954 1997 1043 2022 rem
1065 1988 1228 2037 gestam
1260 1980 1301 2021 in
1325 1979 1607 2022 Eburonibus
1630 1995 1726 2038 per-

244 2038 415 2079 scribit:
449 2038 595 2086 docet,
619 2054 763 2080 omnes
787 2039 1006 2096 peditatus
1028 2040 1336 2097 equitatusque
1358 2038 1503 2095 copias
1523 2037 1726 2083 Treviro-

246 2112 342 2138 rum
361 2096 445 2138 tria
462 2096 579 2138 milia
602 2112 803 2155 passuum
824 2098 952 2155 longe
973 2098 1029 2140 ab
1051 2098 1135 2139 suis
1157 2098 1304 2139 castris
1326 2095 1577 2139 consedisse.

303 2154 374 2196 48.
410 2154 569 2205 Caesar,
611 2155 787 2198 consilio
829 2157 921 2215 ejus
963 2157 1165 2216 probato,
1207 2155 1304 2205 etsi,
1347 2155 1550 2214 opinione
1591 2155 1724 2199 trium

294 2284 364 2315 Hic
373 2294 475 2315 sert-0.
492 2283 552 2315 alii
565 2285 678 2323 lmjue.
694 2283 750 2314 ami
766 2286 851 2316 niah-
864 2287 954 2316 hnic.

294 2328 408 2368 Effert.
454 2328 502 2359 Ita
526 2328 626 2359 codd.
653 2334 684 2358 et
708 2329 784 2359 edd.
805 2338 866 2360 vet.
891 2329 953 2361 aiii

245 2372 351 2414 affert.
374 2370 496 2414 aufert.

1020 2285 1081 2317 «lit.
1130 2284 1275 2326 Vulgata
1303 2283 1406 2315 lectio
1432 2293 1492 2315 nec
1519 2282 1639 2315 Latina
1663 2291 1728 2323 est,

1021 2340 1081 2361 nec
1114 2329 1227 2367 digna.
1255 2339 1331 2369 quae
1361 2328 1512 2369 amplius
1538 2333 1726 2369 repetatuu

1020 2380 1070 2405 est
1094 2381 1205 2404 autem
1226 2372 1314 2403 liaec:
1340 2374 1473 2407 rerihm,
1488 2374 1516 2402 se*
1531 2372 1726 2412 —feco'ssee,

294 2417 393 2448 Hora
420 2415 541 2448 witlac.
586 2416 648 2448 Est
675 2415 811 2447 circiter
838 2417 952 2458 quinta

245 2459 492 2502 pomeridiana.
516 2461 565 2492 M.

293 2505 346 2536 Ad
361 2506 410 2536 M.
427 2507 596 2537 Crassum.
612 2504 679 2535 vid.
691 2514 721 2536 c.
735 2505 788 2535 9³1.
820 2503 950 2536 Ibidem

245 2553 296 2580 est
311 2549 352 2579 de
368 2548 488 2580 Fabio.
514 2548 562 2579 M.

296 2594 370 2628 Qua
398 2593 459 2624 sibi
482 2596 544 2624 itur
559 2592 632 2634 fae.
648 2592 780 2624 sciebat.
804 2591 863 2622 alii
882 2602 949 2633 qna

248 2638 312 2669 sibi
326 2640 367 2669 sit
382 2637 661 2678 itmffaciemfflou,

296 2682 580 2722 Empeceandcrm.
626 2680 712 2712 Cod.
729 2679 844 2721 Cujac.
861 2691 954 2711 mer.

251 2726 402 2763 rendam,
427 2726 515 2756 unde
540 2725 613 2767 ipse
635 2723 774 2766 conjicit
789 2733 954 2755 accersen-

250 2768 333 2799 dam
349 2769 403 2800 vel
420 2769 536 2810 potius
551 2769 796 2801 arceseemlam.

298 2813 397 2843 Hora
414 2816 525 2846 tortia.
572 2813 631 2845 Est
654 2813 721 2844 sere
746 2817 864 2843 octava
886 2820 956 2842 mn-

247 2855 368 2887 tutina.
395 2858 442 2888 M.

296 2901 526 2940 Proui-editur.
549 2901 609 2932 alii
624 2901 786 2943 procedit.

267 2942 271 2947 '
303 2944 440 2981 Vestem,
467 2954 509 2976 ne
531 2953 634 2969 ——*
654 2950 723 2977 mn
745 2949 862 2987 posse!-
907 2943 955 2975 lta

253 2987 530 3031 Oudendorpius‚
551 2989 689 3024 codices
716 2991 863 3028 secutus,
885 2987 958 3020 edi-

1019 2423 1055 2449 nt
1070 2419 1407 2458 ln›.er.imp..e11.er.⁷mn
1422 2421 1538 2457 posset.
1556 2417 1605 2447 M.
1638 2417 1724 2448 Eam

1020 2462 1210 2492 defenderat
1244 2459 1395 2491 Sanctius
1427 2459 1459 2491 in
1491 2459 1578 2490 Min.
1608 2462 1640 2495 4.
1675 2461 1726 2491 is.

1020 2517 1054 2547 p.
1074 2507 1149 2536 817.
1173 2504 1396 2544 reprehensus
1408 2504 1483 2545 jure
1499 2513 1517 2534 a
1536 2503 1726 2536 Perizonio.

1068 2550 1223 2580 Remittit.
1271 2548 1323 2579 Sic
1350 2548 1436 2579 bene
1465 2547 1587 2579 Bosius
1609 2547 1730 2580 Anim.

1019 2595 1061 2624 ad
1076 2594 1161 2625 Cses.
1180 2604 1213 2633 p.
1228 2595 1283 2626 20.
1303 2602 1342 2622 ex
1362 2592 1480 2623 Graeco
1496 2592 1725 2623 ἁντεπ-ίη-ειλεν.

1019 2635 1168 2668 firmatur
1189 2637 1290 2668 codd.
1312 2636 1356 2667 ab
1379 2635 1470 2667 Oud.
1520 2636 1632 2677 Vulgo
1654 2642 1725 2667 erat

1019 2682 1166 2719 dimittit.

1069 2726 1147 2756 Rem
1174 2730 1254 2765 qest.
1279 2726 1312 2755 ἰιι
1332 2724 1484 2755 Ebur-on.
1530 2721 1591 2753 Est
1612 2721 1726 2754 clades

1022 2769 1139 2800 Sabini
1167 2775 1197 2800 et
1225 2768 1346 2799 Coum.
1371 2767 1429 2808 qui
1453 2767 1485 2798 in
1504 2766 1726 2798 Eburonibus

1022 2813 1220 2844 hiemarum.
1266 2812 1317 2842 Cf.
1334 2822 1410 2852 cap.
1429 2814 1482 2842 94.
1508 2810 1557 2841 M.
1581 2816 1613 2842 et
1631 2820 1702 2851 seq.

1069 2857 1412 2898 I’mlitmqnitmopias.
1434 2853 1491 2886 Sic
1504 2854 1603 2896 plene
1613 2860 1726 2885 noster

1019 2908 1051 2931 ct
1071 2904 1105 2933 6.
1119 2903 1150 2931 7.
1167 2903 1221 2940 75,
1238 2902 1291 2931 76.

1071 2940 1296 2978 Trevirorum.
1342 2942 1386 2973 ni
1404 2941 1497 2974 enim
1516 2941 1726 2978 concitarant

1021 2987 1210 3022 Eburon‘es.
1252 2987 1352 3022 cte.
1367 2988 1421 3020 26.
1446 2986 1498 3021 M.
