1946 3261
188 240 278 287 418
667 239 754 286 DE
786 238 990 286 BELLO
1022 241 1237 288 CIVILI.

249 367 344 410 112.
379 365 545 410 Pharus
563 374 628 410 est
645 366 691 413 in
710 367 849 412 insula
869 369 1019 422 turris,
1038 385 1194 429 magna
1214 367 1462 421 altitudine,
1483 367 1673 414 mirificis

186 426 392 485 operibus
421 434 657 479 exstructa,
679 445 776 487 quae
808 445 962 473 nomen
994 431 1050 474 ab
1072 429 1210 473 insula
1235 429 1418 488 accepit.
1484 428 1590 472 Haee
1610 429 1672 473 in·

184 484 293 535 sula,
323 484 493 543 objecta
521 484 810 538 Aleiandriaffi
840 497 1020 547 portum
1046 489 1197 532 efficit:
1230 489 1305 532 sed
1329 505 1355 532 a
1380 487 1674 548 superioribus

186 542 383 601 Regibus
400 543 445 588 in
464 544 779 605 longitudinem
797 563 999 605 passuum
1016 557 1339 607 nongentorum
1356 548 1402 591 in
1416 563 1534 591 mare
1549 547 1675 606 jactis

181 603 386 654 molibus,
418 613 604 664 angusto
635 606 788 650 itinere
821 614 867 648 et
899 615 1032 666 ponte
1062 623 1161 650 cum
1181 607 1346 667 oppido
1373 606 1671 666 conjungitur.

184 659 237 704 In
269 660 349 721 hac
379 673 482 708 sunt
514 664 653 709 insula
679 663 897 707 domicilia
929 665 1240 725 AEgyptiorum
1274 674 1319 710 et
1352 666 1486 717 vicus,
1520 664 1674 724 oppidi

181 721 505 780 magnitudine:
551 738 734 780 quaeque
771 724 936 782 ubique
969 741 1098 769 naves
1137 725 1179 770 in
1216 726 1417 770 rudentia
1450 733 1530 768 aut
1565 734 1674 767 tem-

179 788 347 838 pestate
369 780 616 840 paullulum
637 798 714 825 suo
736 797 867 826 cursu
886 784 1162 836 decesserint,
1213 802 1259 829 as
1276 801 1398 830 more
1420 784 1673 844 praedonum

180 837 371 898 diripere
406 849 736 884 consueverunt.
801 841 858 885 Iis
890 852 1038 887 autem
1070 845 1231 895 invitis,
1264 860 1292 887 a
1323 844 1484 903 quibus
1506 842 1674 886 Pharos

180 905 371 948 tenetur,
404 914 489 942 non
523 908 667 958 potest
693 916 780 944 esse
810 911 992 961 propter
1012 904 1231 962 angustias
1262 904 1446 947 navibus
1467 901 1673 945 introitus

179 955 225 999 in
259 965 448 1015 portum.
515 958 615 1003 Hoc
644 968 738 1003 tum
760 962 924 1004 veritus
947 963 1107 1013 Caesar,
1141 963 1338 1007 hostibus
1368 963 1412 1005 in
1433 976 1582 1021 pugna
1601 975 1673 1004 oc·

179 1016 366 1073 cupatis‚
386 1016 685 1076 militibusque
703 1020 924 1078 expositis,
957 1021 1129 1065 Pharon
1149 1021 1437 1082 adprehendit
1456 1029 1589 1079 atque
1610 1018 1673 1062 ibi

179 1074 429 1133 praesidium
451 1077 609 1134 posuit.
674 1079 845 1128 Quibus
876 1089 941 1124 est
972 1082 1103 1125 rebus
1137 1082 1355 1131 effectum,
1387 1089 1438 1124 ut
1459 1089 1559 1123 tuto
1579 1079 1671 1122 fru-

177 1141 371 1176 mentum
390 1135 636 1193 auxiliaque
661 1138 845 1182 navibus
874 1139 930 1182 ad
950 1156 1049 1183 eum
1069 1141 1320 1200 subportari
1340 1146 1528 1200 possent.
1591 1136 1672 1180 Di-

178 1192 296 1235 misit
333 1193 447 1236 enim
482 1193 645 1238 circum
681 1212 825 1241 omnes
865 1200 1134 1258 propinquas
1173 1200 1368 1258 regiones
1405 1207 1537 1257 atque
1572 1195 1670 1238 inde

177 1251 346 1294 auxilia
365 1254 580 1296 evocavit.
634 1254 832 1314 Reliquis
850 1258 1001 1316 oppidi
1026 1259 1224 1316 partibus
1242 1261 1301 1301 sic
1321 1267 1385 1300 est
1407 1263 1669 1315 pugnatum,

179 1317 232 1352 ut
252 1325 377 1367 aequo
399 1312 557 1369 proelio
577 1313 872 1358 discederetur
895 1326 940 1359 et
962 1319 1106 1360 neutri
1128 1317 1414 1376 pellerentur,
1436 1315 1497 1371 (id
1518 1314 1672 1357 efficie-

178 1368 285 1412 bant
317 1370 528 1427 angustiae
559 1371 661 1430 loci)
698 1375 934 1433 paucisque
966 1376 1188 1434 utrimque
1222 1375 1477 1424 interfectis,
1510 1374 1670 1423 Caesar,

175 1426 272 1470 loca
308 1429 489 1472 maxime
524 1433 759 1475 necessaria
791 1434 1056 1492 complexus,
1097 1444 1228 1479 noctu
1264 1434 1506 1493 praemunit.
1572 1431 1671 1475 Hoc

173 1494 322 1530 tractu
343 1488 495 1546 oppidi
517 1505 618 1549 pars
643 1501 738 1535 erat
761 1491 908 1551 Regiae
926 1494 1100 1552 exigua,
1120 1494 1164 1537 in
1187 1509 1315 1553 quam
1336 1494 1426 1552 ipse
1447 1491 1670 1535 habitandi

173 1560 321 1588 caussa
341 1546 467 1590 initio
493 1558 589 1592 erat
617 1550 833 1601 inductus,
865 1561 908 1594 et
935 1551 1169 1603 theatrum,
1204 1553 1482 1612 conjunctum
1502 1550 1669 1600 domui,

174 1604 295 1662 quod
315 1606 425 1648 arcis
448 1608 626 1651 tenebat
646 1609 788 1652 locum
810 1610 1039 1669 aditusque
1062 1612 1253 1656 habebat
1274 1612 1329 1655 ad
1351 1620 1529 1671 portum
1549 1618 1594 1652 et
1612 1608 1669 1652 ad

174 1663 346 1720 reliqua
366 1666 550 1708 navalia.
618 1667 708 1710 Has
730 1669 990 1713 munitiones
1011 1671 1338 1728 insequentibus
1359 1671 1479 1713 auxit
1499 1669 1667 1718 diebus,

173 1730 225 1764 ut
245 1737 327 1780 pro
344 1739 470 1767 muro
491 1725 682 1783 objectas
702 1726 897 1778 haberet,
918 1745 1000 1772 neu
1018 1730 1224 1773 dimicare
1245 1730 1403 1772 invitus
1419 1736 1664 1786 cogeretur.

175 1779 357 1824 Interim
394 1781 482 1825 filia
522 1784 661 1827 minor
706 1785 926 1830 Ptolemaei
966 1788 1116 1847 Regis,
1150 1804 1327 1830 vacuam
1363 1787 1667 1846 possessionem

177 1837 321 1898 Regni
340 1856 538 1899 sperans,
571 1844 626 1886 ad
649 1843 854 1888 Achillan
883 1863 971 1889 sese
1004 1864 1057 1889 ex
1079 1847 1218 1905 Regia
1250 1846 1471 1905 transjecit
1492 1860 1666 1902 unaque

176 1940 323 1983 perrime
349 1942 391 1974 de
422 1942 485 1975 hac
516 1955 654 1986 quoque
683 1956 717 1977 re
745 1945 889 1987 diligen-

193 1985 199 1990 ·
241 1985 247 1990 ¹
959 1949 1074 1990 plicat.
1103 1954 1182 1980 vett.
1205 1955 1294 1981 auct.
1326 1960 1359 1991 p.
1375 1950 1439 1980 279
1462 1947 1572 1980 visum
1603 1954 1664 1980 est.

175 1991 308 2016 t1s51me
322 1987 483 2027 exposuit
497 1988 627 2020 Christ.
641 1990 728 2020 Dan.
742 1991 889 2022 Beckius

959 1993 1021 2023 Sed
1058 1993 1151 2024 nulla
1188 1994 1375 2025 mutatione
1414 1992 1546 2024 videtur
1577 2002 1665 2034 opus

958 2048 1043 2067 esse.
1069 2038 1119 2068 M.
1166 2038 1201 2068 In
1231 2038 1349 2069 codice
1378 2036 1546 2068 Vossiano
1572 2036 1663 2067 Oud.

957 2082 1046 2112 clare
1084 2081 1211 2112 invenit
1250 2082 1408 2123 Regibus.
1454 2081 1530 2112 Hoc
1564 2080 1666 2112 unice

956 2135 1083 2163 verum,
1102 2125 1248 2166 reposui.

1005 2171 1151 2200 Dimisit.
1192 2170 1270 2200 llaec
1284 2168 1400 2207 lectio,
1414 2179 1501 2200 nunc
1516 2175 1665 2211 recepta,

955 2212 1088 2244 videtur
1100 2213 1291 2244 necessaria
1309 2218 1447 2254 propter
1460 2213 1568 2254 ipsam
1581 2223 1664 2251 rem,

956 2256 1018 2288 etsi
1050 2258 1149 2288 codd.
1180 2257 1329 2298 plerique
1359 2257 1483 2288 habent
1511 2257 1663 2288 deduxit.

958 2302 1008 2332 M.
1046 2301 1159 2342 Vulgo
1174 2302 1315 2333 demis-is.
1354 2299 1663 2333 Emendavitscal.

178 2028 211 2060 in
228 2030 413 2071 specimine
429 2031 582 2063 historiae
594 2033 887 2066 bibliothecarum

177 2073 487 2106 Alexandrinarum
503 2081 588 2107 sect.
608 2078 659 2108 10.
683 2078 734 2108 M.

230 2118 358 2149 Turris.
410 2119 597 2151 Herodian.
615 2121 647 2159 4,
666 2125 696 2152 Q.
721 2122 889 2154 Ammian.

177 2159 336 2193 Marcell.
361 2165 416 2200 22,
445 2164 495 2194 16.
521 2165 570 2195 M.
629 2165 722 2196 Adde
750 2167 890 2199 Homer.

179 2204 302 2246 Odyss
320 2208 351 2244 4,
371 2208 447 2237 854.

225 2250 253 2280 A
282 2250 508 2291 superioribus
538 2254 743 2293 reqionibus.
789 2254 891 2286 Alex-

178 2291 298 2324 andria
322 2294 355 2324 in
371 2294 455 2325 duas
479 2300 589 2335 partes
611 2297 721 2329 divisa
737 2297 814 2332 suit.
833 2310 888 2330 su-

180 2335 348 2378 periorem
376 2343 410 2368 et
438 2338 630 2371 inferiorem
658 2341 714 2378 (B.
740 2343 838 2373 Alex.
858 2353 888 2373 c.

184 2381 248 2420 1.):
285 2380 343 2412 illa
367 2381 430 2413 suit
462 2382 547 2413 mari
574 2385 724 2425 propior.
748 2386 819 2417 haec
844 2387 888 2418 ab

179 2435 222 2456 eo
239 2425 416 2457 remotior.
439 2426 501 2465 (cs.
518 2426 600 2458 ibid.
619 2432 650 2465 9,
669 2432 699 2460 6.
717 2429 770 2461 die
789 2431 890 2462 Ober-

177 2469 269 2501 stmlt
292 2470 365 2501 unzl
389 2470 442 2501 die
468 2471 710 2508 Niedersradt).
759 2474 848 2512 Ergo
868 2485 888 2506 a

175 2519 276 2554 parte
293 2513 370 2545 inde
388 2514 572 2557 superiore,
588 2525 647 2547 seu
669 2527 689 2547 a
707 2519 890 2558 superiori-

180 2557 245 2589 bus
284 2557 493 2599 regionibus,
531 2560 640 2590 moles
675 2560 774 2601 jactae
803 2570 890 2594 sunt.

180 2601 328 2634 Pluralis
350 2605 499 2643 reqiones
526 2603 696 2639 neminem
721 2605 892 2641 obtendet.

179 2655 262 2677 cum
287 2647 325 2677 B.
343 2646 439 2678 Alex.
462 2657 492 2677 c.
510 2650 541 2677 9.
566 2653 679 2689 partes
704 2647 890 2689 inferiores,

182 2694 216 2719 et
231 2700 262 2721 c.
278 2692 309 2721 6.
325 2690 403 2722 loca
419 2690 593 2731 superiora
607 2691 774 2723 dicantur.
813 2693 891 2725 Cel-

182 2733 287 2765 larius
301 2740 427 2771 monet,
437 2735 613 2767 Brodaeum
627 2735 791 2774 (Miscell.
805 2740 835 2770 3,
845 2740 892 2777 5),

183 2776 388 2819 Scaligerum
405 2778 464 2817 (ad
485 2779 612 2811 Euseb.
630 2791 664 2821 p.
683 2781 770 2819 132),
789 2781 891 2813 vale-

184 2821 274 2852 sium
305 2822 362 2860 (ad
394 2823 564 2854 Ammian.
595 2824 707 2855 Mare.
740 2835 774 2865 p.
799 2828 888 2865 319),

183 2863 335 2896 Hodium
368 2865 427 2904 (de
456 2867 646 2909 interprett.
678 2870 891 2910 septuaginta

184 2917 221 2949 p.
236 2909 328 2948 294),
354 2909 422 2951 legi
445 2911 605 2951 voluisse,
627 2922 651 2944 α
669 2914 890 2954 superioribas

187 2952 345 2995 Regibus,
359 2953 395 2987 id
410 2956 503 2998 quod
514 2961 549 2989 et
558 2956 754 2990 Marclando
770 2956 805 2991 in
821 2958 891 2992 Ex-

1005 2347 1150 2387 Reliqua
1174 2347 1329 2376 naz-alia.
1373 2344 1442 2376 Cur
1457 2350 1572 2376 autem
1587 2346 1664 2376 reli-

956 2392 1047 2431 qna?
1097 2389 1261 2429 Legerim,
1293 2389 1339 2420 ml
1374 2390 1481 2429 Reqia
1510 2390 1663 2427 navata,

957 2433 1017 2464 ubi
1045 2432 1160 2472 Regiae
1182 2442 1287 2463 naves
1310 2433 1455 2464 stabant.
1500 2433 1552 2464 Ct'.
1567 2433 1608 2463 de
1623 2432 1663 2464 B.

960 2477 1057 2507 Alex.
1088 2488 1165 2518 cap.
1203 2479 1252 2514 13,
1284 2476 1344 2508 ubi
1380 2477 1499 2519 Regiae
1530 2476 1662 2508 navalia

957 2527 1276 2557 commemorantur,
1303 2531 1390 2561 quae.
1417 2527 1452 2553 ut
1479 2531 1520 2552 ex
1546 2526 1662 2552 nostro

957 2565 1034 2596 loco
1059 2566 1212 2607 adparet,
1237 2565 1348 2596 vicina
1377 2565 1495 2607 Regiae
1517 2564 1663 2603 fuerunt,

956 2608 1117 2649 quoniam
1135 2621 1153 2641 e
1170 2609 1312 2647 theatro,
1337 2609 1455 2650 Regiae
1470 2608 1662 2650 conjuncto,

956 2653 1068 2685 aditus
1097 2655 1139 2684 ad
1168 2653 1304 2684 navalia
1334 2653 1409 2684 fuit.
1441 2654 1490 2684 M.
1535 2651 1661 2689 Credo,

957 2707 1073 2728 verum
1097 2697 1223 2728 vidisse
1246 2697 1394 2729 Morum.
1440 2695 1563 2734 Doleo,
1584 2696 1661 2727 nul-

956 2741 1025 2772 lum
1042 2741 1197 2773 codicem
1213 2742 1383 2772 addicere.

1005 2787 1097 2817 Filia
1117 2788 1240 2823 minor,
1269 2786 1421 2817 Arsinoe.
1443 2784 1485 2815 de
1507 2783 1546 2815 B.
1562 2784 1658 2815 Alex.

956 2838 986 2859 c.
1005 2832 1034 2860 4-
1062 2830 1186 2862 Cellar.
1232 2829 1317 2862 Add.
1335 2829 1404 2860 Dio
1419 2828 1514 2860 Cass.
1533 2830 1586 2866 42,
1605 2830 1659 2860 39.

1002 2918 1162 2958 sperans,
1172 2922 1290 2952 contra
1298 2922 1529 2951 testamentum
1540 2915 1659 2960 patris.

953 2968 985 2992 e.
1005 2961 1078 2994 108.
1102 2962 1153 2994 M.
