1946 3261
185 332 304 378 Tum
339 329 606 376 conlaudatis
655 330 940 380 Carnutibus,
988 328 1094 371 dato
1142 325 1428 386 jurejurando
1472 323 1529 367 ab
1573 337 1663 364 om-

185 392 329 443 nibus,
355 392 433 449 qui
462 391 661 441 aderant,
694 400 892 450 tempore
926 387 1017 447 ejus
1045 387 1108 430 rei
1128 388 1378 436 constituto,
1401 384 1459 428 ab
1480 381 1663 426 concilio

185 451 441 495 disceditur.

246 512 289 553 3.
325 510 417 553 Ubi
439 526 490 552 ea
509 509 601 552 dies
618 508 753 557 venit,
796 508 1025 554 Carnutes,
1067 504 1260 546 Cotuato
1296 510 1340 544 et
1378 500 1666 545 Conetoduno

189 567 389 617 ducibus,
409 568 646 626 desperatis
666 566 925 617 hominibus,
948 564 1178 606 Genabum
1199 561 1305 603 dato
1333 561 1455 618 signo
1490 575 1665 602 concur-

189 635 294 670 runt
312 627 514 683 civesque
530 627 761 675 Romanos,
777 626 851 683 qui
864 621 1113 683 negotiandi
1126 636 1271 662 caussa
1289 620 1347 662 ibi
1366 619 1666 667 constiterant,

188 686 232 728 in
251 684 314 727 his
333 685 385 727 C.
412 685 589 727 Fusium
618 685 780 733 Citam,
815 683 1042 726 honestum
1072 679 1265 737 equitem
1298 677 1557 726 Romanum,
1589 677 1668 734 qui

187 744 250 786 rei
281 744 577 786 frumentariae
603 744 723 802 jussu
743 742 922 785 Caesaris
940 748 1146 800 praeerat,
1180 736 1445 780 interficiunt
1467 736 1670 793 bonaque

188 818 340 846 eorum
360 802 587 860 diripiunt.
652 802 868 844 Celeriter
894 800 949 843 ad
972 814 1117 841 omnes
1139 796 1296 839 Galliae
1327 796 1528 838 civitates
1554 795 1669 837 fama

190 862 448 920 perfertur:
492 869 520 887 ‘⁶
544 876 658 911 nam,
690 861 766 903 ubi
801 860 939 917 major
971 867 1105 914 atque
1141 855 1365 898 inlustrior
1399 852 1552 896 incidit
1585 868 1669 901 res,

191 928 221 946 ‘⁶
245 921 432 963 clamore
482 936 561 978 per
605 935 732 979 agros
783 919 1070 977 regionesque
1120 914 1361 974 significant
1383 929 1392 962 ;
1445 912 1559 954 hunc
1596 911 1671 953 alii

191 988 220 1005 “
242 979 444 1037 deinceps
465 979 690 1037 excipiunt
714 986 758 1020 et
787 977 995 1036 proximis
1019 974 1205 1017 tradunt
1225 990 1236 1022 3
1268 981 1319 1015 ut
1341 982 1436 1015 tum
1456 970 1612 1013 accidit
1632 972 1673 1011 :⁷²

191 1054 306 1087 nam,
341 1054 439 1095 quae
477 1038 648 1081 Genabi
686 1038 853 1080 oriente
886 1036 973 1078 sole
1007 1042 1131 1093 gesta
1164 1041 1318 1082 essent,
1353 1039 1453 1074 ante
1488 1030 1673 1088 primam

189 1097 431 1140 confectam
450 1097 647 1155 vigiliam
669 1096 711 1138 in
732 1096 889 1138 finibus
910 1096 1213 1137 Arvernorum
1232 1092 1381 1134 audita
1398 1097 1523 1138 sunt3
1553 1087 1673 1147 quod

191 1156 383 1215 spatium
403 1164 467 1198 est
484 1156 653 1198 milium
672 1155 847 1197 circiter
869 1153 1004 1196 CLX.

252 1216 294 1257 4.
353 1215 494 1256 Simili
534 1215 704 1257 ratione
743 1214 804 1256 ibi
838 1210 1189 1268 Vercingetorix,
1226 1207 1395 1252 Celtilli
1431 1206 1559 1255 filius,
1592 1206 1676 1249 Ar-

194 1276 369 1322 vernus,
390 1289 564 1315 summae
587 1273 794 1331 potentiae
814 1268 1058 1315 adolescens
1074 1271 1214 1327 (cujus
1235 1277 1361 1327 pater
1383 1265 1677 1326 principatum

201 1333 358 1375 Galliae
379 1333 514 1374 totius
537 1332 807 1380 obtinuerat,
832 1341 876 1373 et
898 1331 955 1373 ob
977 1345 1070 1371 eam
1093 1344 1297 1377 caussam,
1327 1326 1446 1384 quod
1472 1325 1677 1382 Regnum

194 1391 448 1449 adpetebat,
471 1391 526 1433 ab
547 1391 726 1432 civitate
748 1399 842 1432 erat
865 1389 1156 1443 interfectus,)
1177 1386 1422 1428 convocatis
1441 1384 1528 1425 suis
1549 1383 1678 1425 clien-

197 1450 330 1500 tibus,
356 1449 481 1491 facile
506 1449 710 1492 incendit.
776 1447 968 1506 Cognito
992 1447 1082 1504 ejus
1105 1445 1298 1493 consilio,
1331 1444 1385 1485 ad
1425 1458 1544 1484 arma
1580 1457 1680 1484 con-

198 1510 413 1551 curritur:
440 1508 496 1550 ab
509 1508 816 1556 Gobanitionc,
833 1517 993 1564 patruo
1007 1522 1101 1554 suo,
1114 1503 1382 1560 reliquisque
1395 1500 1681 1559 principibus,

198 1568 274 1626 qui
297 1567 403 1609 hanc
435 1567 686 1608 tentandam
719 1567 940 1608 fortunam
975 1579 1060 1605 non
1092 1562 1412 1610 existimabant,
1444 1560 1682 1617 expellitur

198 1623 251 1669 ex
272 1626 436 1684 oppido
456 1626 705 1682 Gergovia:
738 1640 822 1666 non
847 1622 1016 1666 destitit
1038 1630 1181 1664 tamen
1199 1628 1333 1677 atque
1356 1619 1398 1661 in
1419 1618 1535 1676 agris
1551 1618 1683 1661 habet

198 1685 405 1728 dilectum
433 1684 655 1741 egentium
689 1700 737 1725 ac
766 1681 1055 1741 perditorum.
1101 1679 1199 1722 Hac
1222 1686 1371 1722 coacta
1388 1692 1534 1726 manu,
1558 1693 1683 1735 quos-

200 1759 387 1801 cumque
429 1743 521 1785 adit
563 1759 616 1785 ex
652 1742 845 1791 civitate,
889 1742 943 1784 ad
982 1756 1105 1782 suam
1152 1738 1408 1780 sententiam
1450 1736 1682 1794 perducit:

200 1802 422 1851 hortatur,
452 1810 502 1844 ut
525 1802 761 1844 communis
782 1800 997 1844 libertatis
1019 1814 1165 1840 caussa
1187 1813 1307 1839 arma
1328 1795 1532 1854 capiunt:
1566 1811 1685 1853 mag-

202 1861 352 1920 nisque
372 1860 530 1904 coactis
552 1861 702 1919 copiiS‚
730 1859 999 1903 adversarios
1019 1875 1131 1907 SUOS,
1165 1874 1190 1899 a
1222 1856 1381 1914 quibus
1409 1855 1561 1913 paullo
1585 1863 1686 1897 ante

203 1930 298 1964 erat
337 1920 517 1977 ejectus,
560 1920 740 1978 expellit
781 1935 834 1961 ex
876 1919 1068 1961 civitate.
1148 1916 1244 1958 Rex
1283 1915 1339 1957 ab
1376 1914 1461 1956 suis
1496 1914 1686 1971 adpella-

206 1989 297 2029 tur,
331 1979 516 2022 dimittit
549 1994 880 2037 quoquoversus
924 1976 1157 2031 legationes
1183 1991 1192 2023 ς
1237 1974 1501 2021 obtestatur,
1548 1979 1599 2014 ut
1644 1972 1686 2014 in

202 2038 289 2082 fide
330 2046 546 2080 maneant.
611 2037 828 2081 Celeriter
863 2037 942 2079 sibi
967 2032 1181 2084 Senones,
1225 2032 1427 2081 Parisios,
1472 2030 1687 2081 Pictones,

254 2167 374 2197 Citam.
420 2164 475 2196 Sic
500 2166 599 2196 codd.
616 2164 743 2206 Vulgo,
771 2167 915 2197 Cottam.

208 2209 282 2241 Non
314 2210 393 2251 legit
422 2209 487 2241 hoc
517 2219 706 2251 cognomen
746 2209 917 2250 metaphr-

207 2254 262 2286 Gl‘.
288 2254 338 2285 M.
383 2254 448 2284 Sed
466 2254 568 2285 habet
596 2254 678 2283 Γάϊον
703 2251 798 2284 Φύσιον
823 2253 916 2294 aqizi»

1027 2164 1254 2194 C'nmmrritur.
1305 2160 1425 2193 Lectio
1458 2162 1686 2202 quorumdam

979 2208 1081 2239 codd.
1107 2212 1140 2238 et
1162 2207 1237 2237 edd.
1261 2210 1332 2237 est:
1355 2210 1572 2238 concurrunt.
1602 2207 1687 2237 Pro-

982 2253 1113 2283 hibetur
1128 2251 1170 2282 ab
1186 2251 1312 2282 Goban.
1324 2267 1369 2272 —
1382 2251 1432 2281 M.
1457 2249 1583 2281 Probat
1598 2249 1685 2280 hanc

208 2297 362 2339 κᾴγαθὸν,
385 2298 481 2340 quasi
504 2297 640 2339 legisset
666 2303 778 2329 catum
804 2298 919 2329 hones-

206 2347 360 2383 tumque.

258 2387 444 2418 Honestum
458 2389 602 2427 equitem
620 2388 661 2418 R.
688 2385 780 2417 Solet
795 2384 918 2416 Cicero

211 2431 447 2462 homnis-simos
459 2433 583 2471 equites
598 2441 730 2462 vocare.

258 2475 413 2514 Spatium
434 2476 568 2505 milium
599 2475 706 2507 CLX.
735 2472 810 2504 scil.
842 2483 918 2513 pas-

212 2527 325 2549 suum.
370 2516 473 2555 Quod
496 2519 637 2550 verbum
655 2528 819 2560 passuum
856 2516 920 2548 etsi

208 2561 305 2593 abest
328 2571 348 2592 a
364 2563 464 2594 codd.
483 2563 697 2604 quibusdam,
723 2571 815 2593 more
840 2570 922 2591 con-

212 2610 308 2637 sueto
327 2605 505 2645 Romanis,
520 2612 643 2646 tamen,
658 2612 694 2637 ut
709 2607 805 2642 solet,
816 2605 918 2646 vulgo

211 2649 364 2681 additum
377 2654 428 2680 est
446 2649 479 2680 in
499 2652 598 2682 codd.
614 2656 648 2682 et
662 2650 739 2681 edd.
765 2650 814 2680 M.

264 2695 521 2736 Vercinqetorioe.
545 2695 597 2725 De
607 2695 672 2726 hoc
686 2693 826 2725 nomine
840 2692 919 2724 vide

213 2742 330 2770 notata
344 2738 386 2769 ad
404 2740 437 2776 5,
454 2739 483 2769 3.
530 2737 645 2770 Caesar
668 2748 791 2769 nomen
809 2736 920 2779 digni-

213 2781 294 2812 tatis
311 2792 374 2823 pro
389 2782 526 2813 nomine
543 2782 685 2824 proprio
701 2781 841 2825 accipit.

262 2827 385 2858 Gallia>
398 2828 507 2858 totius.
519 2826 596 2857 scil.
611 2825 764 2858 Celticae.

260 2870 423 2902 Incendit.
470 2870 585 2911 Vulgo
620 2869 834 2912 praemittitur
855 2881 920 2901 eos.

214 2913 280 2946 Sed
295 2913 363 2946 hoc
379 2913 507 2946 delevit
520 2915 674 2946 Oudend.
688 2913 819 2956 quippe
829 2915 919 2955 quod

213 2967 236 2988 a
246 2958 344 2989 codd.
354 2957 457 2990 variis
468 2959 560 2992 deest
573 2971 580 2991 ε
597 2965 629 2990 et
642 2958 688 2990 ita
697 2958 785 2990 solet
796 2964 921 2992 noster.

218 3001 262 3034 V.
279 3003 312 3041 6,
327 3004 382 3036 43.
397 3007 431 3037 et
447 3014 528 3037 mox
543 3015 574 3037 c.
591 3006 646 3044 29,
658 3005 789 3043 60,etc.

981 2295 1166 2327 lectionem
1182 2294 1296 2325 Davis.
1335 2294 1398 2325 Sed
1412 2293 1553 2325 verbum
1571 2295 1689 2335 prohi-

982 2341 1078 2372 belm·
1092 2351 1113 2371 a
1130 2338 1244 2370 multis
1257 2337 1438 2370 codicibus
1449 2338 1576 2369 exulat.

983 2402 988 2409 ·
1033 2385 1212 2424 Gerqot-ia.
1236 2384 1374 2414 Rudera
1390 2382 1511 2423 oppidi
1528 2380 1559 2412 in
1575 2387 1688 2412 monte

989 2429 1129 2468 Gor-quie
1150 2428 1234 2459 inter
1248 2427 1387 2458 Clarum
1408 2431 1557 2457 montem
1576 2427 1690 2463 (Cler-

982 2474 1090 2509 φησιν)
1117 2477 1152 2503 et
1178 2472 1354 2503 Elaverem
1378 2470 1548 2510 hodieque
1573 2479 1691 2509 super-

984 2522 1074 2547 sunt.
1094 2516 1172 2547 Vid.
1184 2515 1307 2547 Cellar.
1320 2515 1443 2556 Geogi·.
1473 2515 1547 2543 Ant.
1564 2517 1640 2551 9,2‚
1662 2516 1689 2544 1.

987 2559 1168 2591 D’Anville
1185 2559 1219 2590 in
1239 2559 1320 2590 Not.
1334 2560 1376 2590 de
1390 2559 1422 2590 la
1438 2557 1544 2588 Gaule
1561 2568 1595 2598 p.
1613 2560 1689 2589 349.

984 2603 1080 2636 Alius
1120 2606 1292 2645 Gerqore'oe
1332 2603 1365 2635 in
1402 2601 1497 2633 Boiis
1532 2600 1689 2634 meminit

982 2654 1095 2680 noster
1108 2659 1139 2680 c.
1157 2651 1190 2679 9.

1031 2695 1162 2725 Destitit
1188 2697 1288 2734 atque
1318 2692 1425 2723 habet.
1462 2688 1530 2720 Alii
1553 2689 1690 2722 desistit.

985 2737 1045 2768 Sec
1063 2737 1097 2768 id
1114 2736 1313 2768 ἀνακὸλουθον
1335 2733 1500 2775 temporis
1522 2732 1689 2766 familiare

982 2787 1107 2813 nostro.

1030 2826 1083 2857 Αιῑ
1093 2835 1189 2857 suam
1199 2827 1279 2856 sent.
1296 2821 1367 2854 Alii
1379 2824 1427 2853 in.

1032 2871 1087 2901 Em
1110 2871 1240 2901 civitate
1264 2866 1287 2897 i.
1302 2877 1333 2898 e.
1356 2871 1430 2898 tota
1452 2865 1598 2908 regione.
1643 2868 1693 2899 Ita

985 2918 1020 2945 et
1052 2913 1165 2946 Graeci
1201 2921 1440 2954 nonnunquam
1478 2910 1562 2943 πόλιν
1599 2922 1694 2950 usur-

988 2963 1081 3001 pant.
