1946 3261
801 176 1171 224 LATINITATI
1178 179 1222 221 S.

255 304 500 345 s'oaqme'ntum
511 306 678 348 lapidum,
693 307 733 339 C.
751 311 781 346 3,
800 311 859 340 105

256 348 391 388 Coqere,
405 358 624 391 congregare,
638 353 670 389 2,
685 355 717 383 5.
748 362 865 391 naves,
882 356 912 391 3,
927 354 961 384 9.

295 394 428 431 milites,
448 395 474 432 l,
490 397 521 425 5.
539 394 643 436 q'uod,
669 397 696 433 1,
710 398 741 427 4.
769 405 820 428 est
835 398 964 429 condu-

292 445 376 467 cere.

253 479 412 520 Coynitus
426 483 559 519 virtute,
579 483 607 519 l,
620 484 662 513 28

249 523 454 562 Coqnoscere
468 527 542 563 iter,
557 526 598 556 de
613 525 903 566 exploratoribus,
934 529 960 565 l,

289 569 346 598 21.
363 571 605 600 controversias
619 568 661 599 de
677 570 892 610 proconsulis
903 571 960 612 ju-

288 609 502 649 risdictione,
523 614 554 650 8,
569 613 610 642 46

244 653 372 684 Cohors
397 655 581 693 Proetoria,
604 665 707 696 quam
736 655 840 687 veluti
865 665 957 687 suam

288 696 356 728 sibi
383 697 510 739 delegit
533 699 674 737 Praetor,
698 698 723 731 i.
747 709 778 731 e.
805 709 958 731 summus

285 740 366 778 dux,
386 746 425 771 ut
448 742 604 782 proxima
619 742 650 774 ei
666 743 722 781 sit,
751 745 778 782 l,
793 745 848 775 40.
890 743 957 775 Res

283 785 442 826 exemplo
459 785 652 824 illustratur,
676 789 704 825 1,
718 790 772 818 4²2.
809 786 862 819 Cf.
883 786 957 819 Liv.

285 830 317 865 2,
343 831 397 860 20.
435 830 589 861 Dictator
609 832 735 863 cohorti
747 840 827 868 suae,
850 840 956 872 quam

282 872 446 904 delectam
485 883 631 905 manum
665 876 822 915 praesidii
851 885 955 906 causa

283 917 372 947 circa
380 927 414 947 se
426 917 582 955 habebat,
594 918 811 959 datsiynnm.
828 920 956 950 Cohors

283 959 486 1001 ἰερίοηανὶα,
509 970 586 1002 quae
614 961 791 1003 peditibus
813 967 955 1001 constat,

282 1004 314 1040 3,
333 1005 366 1034 11

240 1044 396 1085 Collatio,
409 1048 635 1090 comparatio,
651 1051 682 1088 8,
697 1051 729 1080 8·

244 1089 394 1123 Collatus
419 1095 632 1133 (armorum),
657 1093 732 1134 ipsa
757 1103 881 1136 pugna,
906 1094 961 1127 H.

240 1175 413 1210 Collocare
427 1180 535 1211 alicui
547 1181 736 1219 mulierem,
755 1182 782 1219 l,
800 1182 850 1212 18.
864 1181 950 1214 ibid.

279 1226 428 1262 nuptum
454 1224 625 1256 collocare.
667 1225 758 1260 Rem
781 1226 894 1259 colloc.
922 1229 952 1266 3,

276 1266 308 1295 4.
325 1265 393 1297 vid.
410 1271 482 1298 not.

239 1308 405 1342 Colonicae
422 1311 582 1343 cohortes.
599 1311 667 1344 vid.
679 1313 723 1344 ad
739 1312 779 1344 C.
796 1316 828 1351 2,
845 1314 892 1344 19.
905 1313 948 1345 cf.

234 1396 389 1436 Colonus,
412 1397 454 1427 C.
481 1400 510 1436 l,
535 1400 589 1429 34.
634 1399 695 1430 Est
719 1399 825 1431 homo
848 1399 950 1439 liber,

281 1440 337 1470 cui
354 1440 511 1473 dominus
521 1441 614 1472 fundi
626 1442 774 1484 aliquam
789 1442 840 1475 sui
855 1444 946 1476 fundi

278 1490 408 1524 partem
433 1486 613 1516 colendam
640 1487 793 1518 mercede
822 1487 948 1519 elocat.

277 1527 332 1559 Cf.
362 1532 390 1568 l,
416 1531 469 1560 56.
502 1529 562 1560 ubi
588 1530 703 1562 coloni
730 1536 948 1573 pastoresque

276 1572 435 1604 dicuntur
460 1573 683 1613 conjunctim,
706 1575 769 1606 etsi
797 1580 949 1616 pastores

277 1622 355 1647 sunt
371 1616 473 1648 servi.
497 1617 543 1648 cf.
557 1627 586 1648 c.
604 1619 645 1648 57

235 1661 507 1699 columnarium,
526 1660 566 1691 C.
583 1663 615 1700 3,
631 1663 670 1692 32

230 1704 430 1741 Comitatus,
441 1706 514 1736 eine
526 1707 717 1743 Garat-ane,
727 1704 767 1737 C.
784 1707 810 1744 1,
825 1707 879 1736 48.
893 1708 946 1738 51.

273 1749 328 1778 54.
387 1747 443 1779 Sic
471 1748 553 1779 verti
585 1755 694 1790 potest
723 1750 740 1782 ἡ
769 1749 880 1782 συνοδίαι
911 1750 943 1782 in

273 1800 392 1832 evang.
416 1791 502 1822 Luc.
518 1796 550 1829 2,
568 1794 621 1824 44.

231 1835 421 1867 Comitsalis
438 1835 521 1874 dies,
536 1835 576 1867 C.
599 1838 628 1874 l,
646 1841 664 1868 5

229 1878 440 1916 Commeare,
469 1877 518 1910 ire
544 1886 577 1911 et
603 1880 726 1919 redire,
752 1882 785 1919 7,
815 1882 868 1912 36.
901 1881 942 1912 de

268 1922 532 1961 mercatoribus,
552 1925 580 1961 1,
601 1926 612 1954 l

228 1967 454 2004 Commeatus,
477 1966 647 2008 significat
674 1967 842 1999 interdum
868 1978 942 2000 om-

270 2019 330 2042 nes
343 2020 417 2047 eOS,
429 2009 487 2051 qui
504 2020 571 2042 una
586 2016 713 2050 meant,
737 2018 942 2050 commeant,

271 2060 329 2086 aut
342 2053 402 2094 qui
417 2064 483 2085 una
505 2054 650 2086 navibus
674 2061 941 2096 transportantur

271 2100 341 2136 (ei-n
363 2099 567 2140 Transport)
586 2103 618 2137 5,
635 2102 688 2131 23.
713 2101 754 2131 A.
773 2102 828 2131 25.
849 2101 891 2132 A.
905 2103 937 2131 8.

269 2142 331 2173 ubi
366 2143 534 2174 secundus
569 2148 771 2176 commeatus·
801 2143 938 2182 dicitur,

271 2189 325 2218 31.
350 2188 403 2217 34.
428 2187 481 2217 37.
504 2187 558 2216 4⁷1.
598 2193 799 2220 commeatus
827 2188 938 2226 datus,

269 2230 368 2262 venia
383 2228 559 2268 absentiae,
576 2231 630 2264 Af.
648 2232 688 2260 77

226 2276 447 2311 Comminus-i,
461 2274 514 2305 Af.
531 2275 569 2304 71

224 2319 436 2354 Comminus,
459 2327 483 2348 ε.
499 2320 661 2357 cominus,
683 2330 703 2350 e
727 2317 935 2360 propinquo,

272 2363 301 2399 l,
319 2363 373 2393 52.
400 2361 520 2402 Veget.
535 2362 578 2392 de
593 2372 621 2394 r.
637 2373 682 2394 m.
700 2366 731 2399 3,
749 2364 803 2394 23.
826 2363 935 2405 expli-

267 2411 332 2444 cat,
348 2414 456 2436 man-u
471 2405 518 2436 ad
532 2416 685 2438 manum.

223 2450 443 2487 Commii-ari,
460 2449 513 2479 Af.
529 2450 571 2480 35

221 2492 403 2525 Commode
410 2502 579 2534 pugnare,
591 2492 663 2526 sine
674 2493 930 2536 impedimento,

265 2538 294 2575 1,
309 2540 351 2568 25

220 2581 418 2612 Communis
432 2581 497 2618 lex,
513 2585 544 2619 5,
558 2583 600 2612 56

221 2625 433 2665 Comparatio
454 2635 588 2666 puqnoe,
619 2626 812 2667 adparatus,
843 2637 930 2668 prae-

264 2667 408 2708 paratio,
432 2668 486 2699 Af.
508 2670 559 2699 36.
597 2668 672 2701 Liv.
704 2671 732 2707 1,
766 2671 820 2701 36.
871 2669 927 2702 Sic

255 2711 380 2753 fuqam
395 2721 604 2753 comparare,
628 2714 802 2753 adparare,
818 2716 850 2751 4,
870 2715 909 2744 18

222 2756 483 2797 Ουπιρρηιίἰῑωη,
499 2756 643 2795 lucrum,
660 2758 694 2795 7,
711 2758 763 2788 43.
778 2757 820 2788 C.
839 2758 871 2795 3,
888 2761 927 2788 32

221 2800 402 2841 Complectt
426 2800 534 2832 locum
548 2800 699 2841 (opere),
721 2801 928 2833 circummu-

258 2843 345 2883 nire,
373 2843 405 2873 7.
431 2845 485 2875 7‘2.
515 2844 553 2876 C.
580 2847 610 2883 3,
644 2846 714 2876 112.
736 2846 928 2887 complexus

1669 186 1754 229 643

1073 308 1148 339 loca
1153 310 1351 349 praemunit,
1359 307 1527 342 ambitum
1538 321 1566 341 s.
1580 312 1746 353 spatium,

1075 350 1106 381 in
1129 362 1198 391 quo
1222 358 1300 384 sunt
1324 353 1383 384 illa
1406 353 1495 392 loca,
1518 355 1642 387 munit.
1689 356 1742 389 Sic

1073 396 1246 435 complecti
1260 397 1367 435 colles,
1385 397 1441 428 Af.
1464 401 1502 430 14

1032 438 1213 478 Complere,
1244 440 1294 470 his
1322 441 1420 473 rebus
1450 445 1631 485 completis,
1662 455 1740 486 per-

1071 480 1182 520 fectis,
1198 482 1236 513 (ἶ,
1257 485 1288 520 3,
1305 486 1348 515 46

1029 523 1241 564 Complexus,
1274 529 1312 558 in
1345 531 1554 569 completum
1595 533 1740 574 alicujus

1067 570 1195 607 venire,
1216 568 1255 598 C.
1273 572 1302 607 3,
1322 573 1354 601 8.
1370 571 1441 604 vid.
1457 583 1527 607 not.

1026 610 1238 651 Complures,
1259 614 1357 644 multi
1386 617 1412 653 l,
1437 618 1488 648 18.
1526 620 1627 657 2‚1·1.
1655 623 1688 660 4,
1702 621 1737 652 4.

1068 653 1124 684 Sic
1138 654 1253 687 differt
1267 666 1287 687 a
1302 658 1407 689 verbo
1420 662 1537 700 plures

1025 698 1222 739 Compositio
1243 705 1557 744 cmmoversiamm,
1579 706 1618 739 C.
1640 709 1667 747 l,
1681 709 1737 740 26.

1069 742 1122 772 32.
1145 741 1185 773 c.
1204 747 1235 782 3,
1254 745 1304 777 15.
1333 746 1370 776 17

1024 786 1314 827 Comprehendere
1328 791 1452 830 iynem,
1460 791 1503 822 de
1518 792 1688 832 stramine,
1703 798 1736 832 5,

1065 830 1118 860 43.
1154 833 1434 872 εοηιρνρὴθηιίενε
1467 836 1630 876 aliquem,
1663 838 1738 879 ejus

1062 882 1202 904 manum
1224 875 1431 916 prehendere
1454 879 1597 920 rogandi
1621 890 1738 921 causa,

1063 919 1095 953 5,
1111 918 1149 946 31

1022 959 1248 1001 Conzfflmere
1271 962 1430 997 lacrimas
1443 966 1601 1009 alicujus,
1613 977 1735 1001 conso-

1063 1002 1175 1041 lando,
1190 1004 1231 1034 A.
1248 1007 1292 1037 24

1022 1046 1164 1085 Canum,
1176 1057 1286 1087 orum,
1304 1050 1335 1088 1,
1352 1053 1371 1082 3

1017 1090 1205 1122 Concedere
1228 1091 1362 1132 factum
1390 1095 1564 1136 beneficiis,
1600 1097 1735 1132 veniam

1061 1134 1142 1166 facti
1157 1135 1237 1166 dare
1253 1143 1393 1179 propter
1409 1139 1588 1181 beneficia,
1610 1144 1652 1174 A.
1669 1144 1712 1175 68

1019 1178 1231 1217 Comei-tare,
1245 1187 1385 1221 certare,
1402 1185 1432 1222 6,
1447 1188 1466 1215 5

1019 1222 1185 1254 Concessa
1197 1224 1355 1265 alicujus,
1378 1229 1409 1266 7,
1425 1229 1468 1258 20

1018 1266 1200 1298 Concidere
1228 1270 1363 1307 animis,
1389 1270 1542 1303 animum
1572 1272 1736 1315 abjicere,

1061 1310 1176 1342 minus
1191 1312 1264 1353 spei
1280 1312 1420 1353 habere,
1435 1317 1467 1353 8,
1487 1317 1524 1345 19

1018 1354 1209 1394 Concidere,
1232 1356 1402 1397 occidere,
1428 1361 1456 1397 1,
1475 1360 1525 1389 12.
1548 1362 1582 1397 2,
1599 1361 1651 1392 11.
1672 1364 1730 1394 via

1058 1401 1202 1437 concisa,
1216 1400 1346 1440 passim
1361 1401 1539 1442 impedita,
1553 1404 1584 1441 3,
1599 1405 1620 1434 9

1016 1441 1201 1473 Caemciliare
1237 1444 1390 1485 aliquem
1421 1446 1526 1477 alicui
1559 1446 1730 1484 (favorem

1058 1485 1222 1527 alicujus)
1245 1491 1277 1525 5,
1302 1490 1333 1519 4.
1357 1490 1531 1521 conciliari
1553 1491 1670 1531 alicui,
1699 1495 1731 1530 8,

1058 1533 1097 1559 52

1017 1572 1217 1611 Concilium,
1232 1580 1435 1615 conventus,
1453 1578 1481 1615 1,
1499 1578 1549 1608 18.
1576 1581 1616 1610 30

1015 1616 1216 1649 Concv'onari
1229 1628 1307 1651 cum
1321 1621 1448 1662 aliquo,
1460 1622 1553 1662 apud
1567 1622 1729 1664 aliquem,

1057 1661 1088 1698 7,
1105 1662 1147 1692 47
1488 1668 1498 1676 “·

1015 1704 1193 1747 Concipere
1204 1705 1367 1745 (animo).
1378 1715 1510 1749 capere,
1522 1708 1664 1749 discere,
1674 1710 1730 1742 Af.

1056 1750 1111 1779 63.
1127 1749 1329 1790 flammam,
1351 1750 1391 1782 C.
1408 1755 1440 1789 2,
1459 1754 1498 1784 14

1012 1791 1208 1832 Concitatio,
1234 1794 1381 1826 irritatio
1407 1796 1449 1826 ad
1481 1796 1659 1836 tumultus,
1680 1797 1709 1829 C

1055 1837 1086 1872 3,
1106 1837 1166 1866 106

1010 1878 1200 1911 Concitator
1224 1881 1461 1920 multitudinis,
1484 1885 1515 1921 8,
1538 1886 1594 1916 21.
1619 1887 1726 1918 conci-

1052 1926 1142 1954 tator
1156 1923 1246 1961 belli,
1258 1926 1290 1962 8,
1306 1926 1348 1956 38

1010 1965 1245 2005 conclamare,
1267 1968 1426 2007 clamare,
1448 1970 1490 2000 de
1514 1979 1582 2002 uno
1609 1973 1637 2010 l,
1666 1974 1725 2005 47.

1052 2009 1111 2039 ubi
1130 2009 1329 2050 interpretes
1347 2011 1443 2051 plura
1466 2015 1624 2056 exempla
1648 2016 1724 2048 col-

1050 2052 1215 2094 legerunt.
1236 2056 1446 2087 conclamare
1461 2058 1509 2088 ad
1525 2068 1629 2090 arma
1649 2060 1724 2100 (ca-

1050 2096 1190 2137 pienda)
1212 2096 1251 2128 C.
1279 2101 1306 2137 1,
1329 2100 1382 2130 69.
1406 2102 1621 2134 conclamare
1647 2104 1724 2144 (ad)

1048 2151 1130 2173 rasa
1144 2140 1380 2183 (colligenda),
1394 2143 1541 2177 clamare
1556 2151 1590 2177 et
1599 2147 1721 2189 strepi-

1048 2190 1119 2215 tum
1137 2185 1247 2217 facere
1269 2197 1426 2218 vasorum
1450 2189 1721 2231 colligendorum

1048 2238 1160 2267 causa,
1183 2228 1223 2260 C.
1251 2231 1279 2268 l,
1302 2232 1356 2262 66.
1380 2233 1410 2269 3,
1427 2232 1485 2263 37.
1510 2234 1564 2265 75.
1586 2236 1717 2268 concla-

1046 2282 1142 2304 mare
1156 2275 1343 2313 victoriam,
1361 2279 1393 2313 5,
1410 2277 1450 2305 37

1003 2317 1190 2356 Conclusio,
1204 2317 1354 2357 obsidio,
1368 2318 1409 2350 C.
1427 2322 1457 2357 2,
1474 2323 1514 2350 22

1001 2361 1203 2393 Conclusam
1217 2372 1323 2402 mare,
1345 2372 1411 2393 non
1426 2363 1494 2395 late
1510 2370 1643 2406 patens,
1657 2376 1717 2399 an—

1043 2410 1191 2445 gustum,
1207 2411 1243 2437 ut
1255 2406 1390 2445 fretum,
1407 2408 1438 2445 3,
1449 2409 1482 2438 9.
1493 2408 1539 2439 cf.
1553 2409 1639 2449 ibid,
1651 2420 1681 2442 c.
1696 2414 1716 2443 8

1002 2449 1212 2490 Concrepare
1228 2453 1344 2489 aronis,
1359 2452 1390 2489 7,
1409 2453 1462 2482 21.
1510 2452 1587 2484 Mos
1602 2454 1711 2486 Galli-

1042 2503 1114 2532 cus,
1128 2503 1205 2524 cum
1219 2493 1322 2525 armis
1344 2494 1546 2527 collidendis
1568 2508 1595 2529 s.
1618 2509 1714 2530 com-

1042 2537 1225 2577 plodendis
1240 2537 1418 2579 strepitum
1434 2539 1536 2579 cient,
1551 2547 1588 2573 ut
1602 2542 1713 2574 hosti-

1043 2581 1107 2612 bus
1121 2582 1282 2612 terrorem
1300 2581 1464 2623 injiciant.

1001 2625 1220 2663 c'omubinus,
1233 2625 1281 2655 H.
1297 2627 1338 2656 33

999 2669 1206 2700 Concurrere
1221 2673 1338 2700 contra
1353 2671 1510 2711 aliquem,
1532 2670 1586 2701 Af.
1604 2673 1625 2702 6

945 2716 948 2717 ’
1001 2713 1190 2744 Concursus
1200 2714 1350 2750 navium,
1360 2723 1437 2754 quae
1448 2715 1598 2755 procella
1608 2715 1710 2750 eolli-

1041 2757 1176 2793 duntur,
1191 2759 1222 2793 5,
1240 2758 1278 2787 10

999 2800 1204 2837 Condensus,
1217 2799 1350 2839 densus,
1365 2800 1417 2831 Af.
1433 2803 1475 2832 50

998 2844 1149 2876 Condicio
1165 2845 1340 2883 servitutis,
1352 2843 1538 2921 vhaegzssg,
1549 2857 1619 2889 qua
1630 2849 1707 2891 quis
