1946 3261
321 189 396 234 138
722 192 806 236 DE
839 190 1040 235 BELLO
1073 190 1366 238 GALLICO.

314 334 491 361 numero
500 315 723 360 nonnullos
737 315 915 358 Gallicis
927 316 1056 360 rebus
1074 315 1218 359 favere
1230 324 1384 360 natura
1395 317 1592 375 cogebat.
1623 316 1772 361 Labie-

313 392 391 419 nus
419 385 564 424 noctu‚
600 375 804 417 Tribunis
837 375 1023 418 militum
1056 374 1305 432 primusque
1338 375 1560 418 ordinibus
1595 377 1770 427 coactis,

312 435 418 492 quid
440 434 502 475 sui
521 434 575 476 sit
593 433 770 482 consilii,
791 433 997 491 proponit
1026 440 1083 481 et,
1103 448 1191 490 quo
1212 433 1377 476 facilius
1397 433 1589 476 hostibus
1609 434 1773 481 timoris

311 493 386 535 det
405 492 697 549 suspicionem,
734 492 893 548 majore
925 491 1109 548 strepitu
1137 499 1181 533 et
1210 492 1419 542 tumultu,
1451 508 1581 550 quam
1615 493 1773 550 Populi

312 550 494 592 Romani
529 550 614 592 :fert
649 549 925 598 consuetudo,
964 557 1104 591 castra
1134 551 1296 593 moveri
1328 551 1469 609 jubet.
1533 550 1614 593 His
1643 551 1772 595 rebus

308 608 424 665 fugae
444 609 619 651 similem
672 607 952 650 rofectionem
973 608 1116 649 efficit.
1182 608 1287 651 Haec
1308 625 1484 668 quoque
1505 625 1585 668 per
1621 609 1769 668 explo-

307 674 473 709 ratores
504 675 602 709 ante
658 682 795 715 ucem,
835 665 877 707 in
909 672 1031 707 tanta
1066 665 1393 722 propinquitate
1430 676 1684 718 castrorum,
1713 668 1769 711 ad

305 724 444 768 hostes
463 725 733 768 deferuntur.

364 784 407 825 8.
441 784 527 826 Vix
557 798 710 841 agmen
742 781 1014 824 novissimum
1048 787 1172 823 extra
1202 781 1458 824 munitiones
1490 792 1769 841 processerat,

305 858 442 900 quum
465 841 600 890 Galli,
637 841 849 883 cohortati
881 841 992 882 inter
1023 856 1081 888 se,
1114 847 1143 866 “
1166 854 1219 881 ne
1252 848 1466 897 speratam
1499 841 1687 899 praedam
1717 858 1772 885 ex

307 908 337 927 ‘⁶
360 901 554 943 manibus
587 898 882 949 dimitterent-3
914 898 1092 953 longum
1124 913 1224 948 esse,
1267 897 1508 956 perterritis
1550 899 1768 951 Romanis,

304 966 335 986 “
361 960 678 1001 Germanorum
699 958 906 1000 auxilium
926 966 1195 1015 exspectare;
1226 972 1365 1015 neque
1386 972 1504 999 suam
1521 958 1614 1014 pati
1632 958 1772 1016 digni-

304 1024 335 1045 “
357 1025 506 1067 tatem,
544 1025 593 1059 ut
630 1017 760 1059 tantis
795 1017 927 1075 copiis
961 1024 1051 1058 tam
1086 1016 1283 1073 exiguam
1312 1031 1502 1065 manum,
1535 1017 1770 1073 praesertim

303 1083 333 1104 “
356 1075 593 1133 fugientem
614 1083 745 1133 atque
781 1075 1031 1134 inpeditam,
1054 1074 1215 1117 adoriri
1232 1089 1315 1117 non
1337 1074 1524 1117 audeant
1543 1076 1582 1123 ;”
1611 1074 1769 1119 flumen

302 1135 484 1177 transire
513 1142 557 1176 et
587 1134 734 1191 iniquo
771 1135 868 1178 loco
900 1133 1105 1192 proelium
1142 1133 1409 1175 committere
1443 1148 1526 1175 non
1547 1132 1767 1177 dubitant.

303 1194 411 1242 Quae
431 1193 524 1236 fore
543 1193 781 1251 suspicatus
802 1193 1032 1242 Labienus,
1051 1200 1101 1234 ut
1119 1207 1261 1234 omnes
1277 1192 1386 1234 citra
1403 1189 1560 1234 flumen
1578 1191 1768 1242 eliceret,

300 1251 448 1294 eadem
489 1268 589 1294 usus
638 1252 908 1294 simulatione
947 1251 1125 1299 itineris,
1173 1249 1345 1307 placide
1386 1249 1766 1306 progrediebatur.

301 1310 430 1359 Tum,
465 1310 685 1368 praemissis
706 1311 904 1368 paullum
924 1308 1223 1366 inpedimentis
1244 1316 1375 1363 atque
1398 1307 1441 1348 in
1459 1307 1628 1350 tumulo
1659 1321 1766 1363 quo-

298 1368 398 1411 dam
419 1369 666 1417 conlocatis,
699 1376 727 1394 “
754 1367 979 1415 Habetis,”
1011 1367 1169 1424 inquit,
1192 1373 1220 1392 ‘⁶
1242 1365 1415 1415 milites,
1433 1381 1563 1422 quam
1584 1365 1766 1424 petistis,

300 1433 330 1452 “
353 1426 629 1468 facultatem:
663 1425 829 1468 hostem
864 1425 1059 1483 inpedito
1099 1433 1230 1482 atque
1266 1424 1413 1480 iniquo
1453 1424 1549 1466 loco
1580 1424 1764 1470 tenetis:

299 1492 329 1510 ‘⁶
350 1492 552 1541 praestate
592 1484 783 1527 eamdem
821 1485 942 1526 nobis
981 1483 1165 1526 ducibus
1202 1482 1426 1531 virtutem,
1468 1496 1600 1540 quam
1637 1499 1766 1540 saepe-

298 1550 328 1569 ‘⁶
351 1558 529 1585 numero
550 1541 809 1601 Imperatori
829 1541 1108 1599 praestitistis:
1142 1541 1282 1584 adesse
1303 1557 1400 1582 eum
1427 1548 1471 1583 et
1504 1540 1592 1583 haec
1620 1556 1764 1585 coram

296 1609 326 1629 “
349 1616 543 1650 cernere,
582 1601 860 1642 existimate.²'
941 1599 1080 1641 Simul
1116 1599 1237 1654 signa
1271 1599 1325 1640 ad
1365 1598 1529 1640 hostem
1570 1600 1765 1642 converti

295 1659 517 1716 aciemque
553 1659 682 1716 dirigi
715 1658 842 1715 jubet
870 1665 929 1706 et,
962 1656 1108 1714 paucis
1130 1655 1281 1697 turmis
1302 1656 1498 1711 praesidio
1520 1656 1575 1699 ad
1598 1656 1763 1713 inpedi-

292 1725 436 1760 menta
455 1717 648 1766 dimissis,
664 1717 854 1772 reliquos
873 1715 1040 1771 equites
1060 1714 1115 1755 ad
1136 1714 1273 1755 latera
1293 1713 1498 1770 disponit.
1548 1714 1762 1759 Celeriter

293 1775 428 1818 nostri
467 1775 656 1817 clamore
691 1774 865 1816 sublato
895 1772 984 1831 pila
1020 1772 1063 1813 in
1097 1771 1237 1813 hostes
1271 1771 1510 1813 inmittunt.
1574 1771 1663 1821 Illi,
1685 1774 1763 1818 ubi

292 1840 449 1891 praeter
481 1848 616 1890 spem,
639 1848 747 1890 quos
770 1832 920 1890 fugere
940 1830 1190 1878 credebant,
1221 1829 1383 1872 infestis
1413 1829 1542 1887 signis
1561 1830 1616 1872 ad
1635 1847 1678 1874 se
1698 1832 1762 1875 ire

289 1891 508 1940 viderunt,
544 1891 739 1949 inpetum
759 1890 888 1933 modo
906 1889 1020 1932 ferre
1040 1904 1124 1930 non
1145 1895 1384 1946 potuerunt
1413 1904 1479 1939 ac,
1501 1888 1641 1946 primo
1661 1904 1760 1933 con-

289 1965 419 1992 cursu
439 1949 483 1991 in
513 1948 663 2007 fugam
692 1948 890 2007 conjecti,
927 1947 1144 2006 proximas
1181 1946 1308 1989 silvas
1340 1946 1614 2005 petiverunt:
1648 1963 1758 2005 quos

290 2008 504 2050 Labienus
538 2008 737 2065 equitatu
774 2015 1057 2055 consectatus,
1094 2020 1250 2062 magno
1291 2020 1471 2047 numero
1510 2004 1758 2058 interfecto,

288 2066 583 2124 compluribus
616 2067 769 2125 captis,
802 2065 951 2125 paucis
982 2072 1082 2124 post
1119 2064 1269 2106 diebus
1304 2063 1524 2107 civitatem
1560 2065 1752 2122 recepit:

290 2140 386 2167 nam
410 2125 630 2177 Germani,
661 2126 736 2183 qui
766 2125 927 2167 auxilio
955 2124 1197 2174 veniebant,
1236 2131 1444 2180 percepta
1474 2122 1755 2167 Trevirorum

287 2183 408 2241 fuga,
438 2199 524 2225 sese
546 2183 721 2225 domum
747 2184 1041 2226 contulerunt.
1105 2182 1219 2224 Cum
1239 2182 1288 2223 iis
1306 2180 1540 2239 propinqui
1561 2180 1755 2223 Indutio-

289 2242 414 2291 mari,
437 2241 512 2298 qui
531 2242 782 2284 defectionis
802 2250 998 2285 auctores
1019 2241 1210 2289 fuerant,
1241 2240 1434 2283 comitati
1453 2255 1537 2288 coe,
1554 2268 1558 2272 ι
1576 2255 1630 2281 ex
1650 2239 1753 2282 civi-

289 2307 380 2342 tate
403 2315 632 2341 excessere.
697 2300 983 2357 Cingetorigi,
1022 2316 1151 2357 quem
1184 2299 1239 2342 ab
1270 2299 1392 2341 initio
1411 2297 1686 2356 permansisse
1707 2298 1754 2342 in

289 2359 428 2401 officio
468 2357 865 2412 demonstravimus,
918 2353 1186 2417 principatus
1237 2364 1369 2414 atque
1421 2356 1650 2414 imperium
1687 2364 1751 2399 est

285 2417 512 2460 traditum.

345 2476 385 2518 9.
422 2476 578 2525 Caesar,
600 2482 829 2534 postquam
849 2489 901 2516 ex
924 2474 1138 2534 Menapiis
1158 2474 1201 2516 in
1223 2472 1424 2516 Treviros
1445 2471 1563 2514 venit
1583 2470 1750 2516 duabus

339 2553 429 2583 Trtb.
452 2553 523 2583 mil.
541 2553 645 2593 prim.
671 2550 854 2583 ordinibm.
891 2560 923 2580 v.
940 2551 982 2581 ad
1094 2551 1146 2582 Ad
1162 2550 1383 2592 inpedimenta
1398 2550 1547 2581 dimissis.
1572 2548 1659 2580 Cod.
1675 2559 1746 2591 reg.

289 2598 320 2633 5,
337 2597 389 2626 30.
415 2597 463 2626 M.
1049 2596 1172 2632 relictis,
1190 2599 1226 2624 ut
1240 2605 1271 2624 c.
1288 2595 1320 2623 7.

337 2641 470 2671 Coactis,
508 2638 561 2670 Sic
585 2650 603 2670 e
630 2639 707 2669 cod.
730 2637 831 2669 Gron.
847 2637 887 2668 ad
904 2635 981 2667 Liv.
1095 2639 1138 2669 In
1170 2640 1273 2669 hostes
1308 2638 1486 2669 inmittunt.
1520 2636 1565 2668 al.
1602 2637 1746 2668 mittunt.

291 2684 344 2719 30,
361 2686 379 2713 4
396 2690 428 2714 et
441 2684 575 2716 Clarke.
621 2682 734 2723 Vulgo
760 2681 936 2714 convocatis
961 2689 980 2709 e
1037 2684 1182 2722 jaciunt.

288 2725 408 2765 glossa.
1094 2726 1234 2766 Recepit.
1253 2724 1313 2755 alii
1328 2726 1451 2765 recipit.

336 2770 572 2810 Suspicionem.
597 2769 683 2800 Cod.
712 2769 873 2810 Bongars.
910 2776 981 2798 stts-
1093 2771 1166 2799 Sese
1180 2769 1213 2799 d.
1230 2769 1445 2800 contulerunt.
1457 2766 1515 2798 alii
1526 2770 1728 2807 reoepemm.

286 2814 472 2853 pectionem.
517 2812 568 2844 Cf.
586 2814 675 2844 Oud.
1095 2813 1277 2854 Propinqui
1306 2812 1422 2843 Indue.
1455 2810 1500 2842 cf.
1527 2820 1603 2852 cap.
1635 2812 1668 2840 2.
1692 2809 1742 2840 De

333 2856 512 2887 Auxilium.
534 2857 578 2888 al.
599 2858 738 2889 auarum.
1048 2855 1261 2897 Cingetorige
1277 2867 1310 2886 v.
1327 2859 1358 2893 5,
1375 2857 1406 2886 3.
1431 2857 1485 2885 56.
1510 2855 1560 2885 M.

333 2899 466 2930 Eadem
490 2910 568 2931 usus
590 2902 699 2932 simul.
729 2899 895 2932 Memorat
915 2897 980 2931 hoc
1093 2900 1137 2930 In
1157 2900 1304 2931 Treviros
1318 2901 1413 2932 venit.
1431 2897 1533 2931 Redit
1542 2895 1688 2931 narratio
1697 2897 1741 2931 ad

287 2947 483 2985 strategema
498 2943 676 2976 Frontinus
690 2948 723 2983 2,
738 2947 770 2981 5,
783 2945 835 2975 20.
1047 2953 1078 2975 c.
1097 2944 1128 2974 6.
1151 2949 1236 2975 extr.
1261 2943 1312 2977 M.
