1946 3261
230 340 274 383 in
291 342 482 400 singulos
499 351 737 385 conventus
757 343 1035 402 singulasque
1057 344 1273 394 civitates,
1294 354 1423 389 certae
1440 346 1632 404 pecuniae
1647 346 1725 388 im-

231 401 515 458 perabantur,
540 410 801 461 mutuasque
830 402 925 446 illas
954 419 1009 446 ex
1039 403 1127 446 SC.
1155 404 1271 462 exigi
1297 405 1579 449 dictitabant:
1612 405 1724 464 pub-

228 460 392 510 licanis,
426 460 493 503 uti
525 460 568 504 in
598 469 716 504 sorte
749 462 961 512 fecerant,
994 463 1257 520 insequentis
1284 466 1384 507 anni
1406 464 1597 524 vectigal
1624 480 1725 524 pro-

230 528 447 563 mutuum.

287 579 360 622 33.
405 579 623 622 Praeterea
653 579 814 637 Ephesi
845 596 871 622 a
907 579 1007 623 fano
1041 579 1194 623 Dianae
1231 579 1451 638 depositas
1481 583 1726 642 antiquitus

229 637 432 695 pecunias
454 638 604 695 Scipio
628 638 723 681 tolli
742 639 944 697 jubebat,
967 647 1174 695 certaque
1195 639 1287 698 ejus
1304 643 1364 685 rei
1381 640 1451 683 die
1469 643 1723 693 constituta,

228 711 365 755 quum
386 696 429 738 in
450 696 599 739 fanum
616 705 798 740 ventum
814 707 940 749 esset,
963 698 1172 742 adhibitis
1187 698 1488 757 compluribus
1505 702 1725 745 Senatorii

228 754 407 806 ordinis,
449 771 559 813 quos
601 757 897 800 advocaverat
937 758 1103 816 Scipio,
1141 757 1301 801 litterae
1337 758 1377 801 ei
1419 758 1666 803 redduntur
1698 778 1724 804 a

231 814 456 874 Pompeio,
493 831 612 858 mare
648 816 852 859 transisse
874 833 973 859 cum
995 817 1238 875 legionibus
1271 817 1517 861 Caesarem:
1564 834 1725 877 prope-

227 882 348 917 raret
367 873 423 917 ad
443 891 486 917 se
507 892 607 919 cum
633 875 828 918 exercitu
852 877 1000 920 venire
1021 876 1253 933 omniaque
1276 877 1577 935 posthaberet.
1632 878 1726 931 ,His

226 933 386 977 litteris
405 935 609 993 acceptis,
633 951 743 993 quos
765 934 1075 986 advocaverat,
1099 935 1302 985 dimittit,
1338 937 1428 995 ipse
1451 938 1535 981 iter
1556 937 1602 981 in
1628 938 1726 981 Ma-

226 993 447 1036 cedoniam
479 1008 636 1051 parare
658 994 812 1052 incipit
843 995 1079 1053 paucisque
1101 1004 1201 1052 post
1224 994 1381 1040 diebus
1398 1006 1463 1041 est
1482 997 1724 1056 profectus.

231 1052 338 1095 Haec
361 1068 428 1096 res
449 1053 650 1111 Ephesiae
672 1053 864 1111 pecuniae
881 1055 1066 1097 salutem
1088 1053 1268 1098 adtulit.

286 1112 358 1156 34.
411 1112 574 1164 Caesar,
621 1113 802 1156 Antonii
841 1114 1035 1157 exercitu
1073 1114 1323 1173 conjuncto,
1360 1113 1551 1159 deducta
1592 1116 1727 1160 Orico

227 1171 414 1230 legione,
436 1188 569 1230 quam
591 1173 764 1216 tuendae
793 1189 880 1216 orae
915 1174 1160 1217 maritumae
1188 1191 1335 1218 caussa
1371 1184 1598 1233 posuerat,
1631 1185 1727 1219 ten-

228 1230 382 1274 tandas
414 1231 494 1274 sibi
526 1232 770 1290 provincias
791 1232 1051 1291 longiusque
1072 1234 1401 1291 procedendum
1423 1235 1725 1285 existimabat3

228 1298 290 1341 et,
324 1305 462 1348 quum
483 1290 540 1333 ad
559 1307 658 1334 eum
690 1308 742 1335 ex
776 1291 997 1335 Thessalia
1028 1293 1282 1351 AEtoliaque
1321 1294 1455 1353 legati
1493 1295 1725 1345 venissent,

229 1349 306 1406 qui
341 1349 542 1408 praesidio
577 1350 704 1393 misso
733 1350 1064 1408 pollicerentur,
1107 1369 1258 1395 earum
1294 1353 1494 1411 gentium
1530 1354 1727 1398 civitates

229 1409 444 1467 imperata
466 1409 674 1460 facturas,
709 1409 760 1452 L.
793 1410 989 1454 Cassium
1025 1411 1274 1469 Longinum
1301 1428 1401 1455 cum
1429 1412 1601 1470 legione
1621 1414 1728 1456 tiro-

229 1484 350 1519 num,
387 1485 486 1526 quae
515 1468 828 1527 adpellabatur
857 1470 1042 1528 septima
1074 1470 1298 1529 vigesima,
1334 1480 1469 1529 atque
1505 1472 1729 1530 equitibus

229 1527 429 1571 ducentis
466 1528 509 1571 in
543 1528 806 1571 Thessaliam
828 1546 838 1579 ;
874 1530 926 1572 C.
954 1529 1193 1573 Calvisium
1219 1530 1433 1573 Sabinum
1456 1547 1556 1574 cum
1577 1531 1729 1576 cohor-

229 1587 348 1630 tibus
379 1587 574 1646 quinque
608 1587 846 1645 paucisque
866 1588 1091 1646 equitibus
1117 1589 1160 1631 in
1185 1589 1397 1632 AEtoliam
1433 1590 1563 1642 misit,
1596 1592 1730 1635 maxi-

229 1661 384 1704 meque
401 1662 487 1697 eos,
507 1646 626 1705 quod
646 1655 772 1690 erant
790 1648 1051 1706 propinquae
1069 1648 1280 1708 regiones,
1298 1648 1354 1692 de
1372 1664 1419 1692 re
1442 1649 1732 1695 frumentaria

280 1784 325 1816 In
338 1787 424 1827 sinq.
437 1789 626 1817 convenius.
645 1783 862 1826 praemittitur
874 1785 950 1816 vnl-

230 1838 275 1870 go
292 1829 359 1861 sed.
376 1829 476 1861 male.
496 1828 595 1862 abest
610 1840 630 1861 a
646 1830 725 1861 cod.
746 1829 947 1861 Petaviano.

280 1873 367 1906 Illas
382 1885 424 1906 ex
443 1874 510 1906 SC.
527 1876 627 1916 θρέψ’.
673 1873 768 1905 Male
791 1874 891 1905 codd.
915 1880 949 1905 et

232 1917 309 1948 edd.
326 1924 396 1949 vet.
419 1928 461 1949 esc
478 1920 537 1950 illo
552 1929 586 1950 se
601 1922 761 1951 cons-ulto.
810 1919 861 1949 Ex
881 1920 948 1952 SC.

234 1972 324 2003 saepc
338 1967 451 1994 ortum
466 1973 501 1994 se
516 1963 601 1994 vitio
619 1963 847 1995 librariorum.

285 2008 338 2038 Uti
357 2009 394 2038 in
416 2012 502 2038 sorle
516 2007 682 2047 fecerant.
729 2006 875 2048 Egregia
899 2014 950 2039 cst

188 2082 192 2088 ,
232 2049 367 2089 Fac'rni,
389 2050 579 2089 Ciacconii,
594 2051 795 2093 Glandorpii
813 2052 949 2093 conjec-

231 2101 322 2132 tura,
341 2099 379 2127 ut
404 2097 443 2126 in
467 2096 574 2136 Syr-ia
589 2095 762 2136 fecerant.-
785 2105 861 2127 nam
880 2097 948 2128 hoc

234 2139 348 2181 ipsum
372 2138 493 2180 Scipio
519 2138 553 2171 in
571 2139 665 2180 Syria
682 2140 819 2178 fecerat,
842 2145 880 2172 ut
897 2147 948 2172 est

232 2194 251 2215 c
281 2186 341 2215 31:
372 2193 461 2215 nunc
495 2184 530 2215 in
557 2183 637 2215 Asia
665 2183 841 2225 provincia
867 2184 948 2216 item

229 2227 382 2260 avaritiae
403 2228 600 2270 rapinisque
618 2228 819 2270 indulgetur.
866 2230 950 2260 Pro-

231 2272 329 2304 bavit
342 2272 521 2305 cellarius.
538 2274 590 2304 M.
619 2273 704 2304 Item
720 2272 854 2305 Clarke.
887 2275 950 2305 Ast

234 2316 327 2348 Oud.
355 2317 465 2348 alium
503 2317 615 2349 forsan
654 2327 789 2349 sensum
827 2328 949 2349 vocem

231 2363 329 2393 sortis
345 2361 402 2393 hic
429 2361 560 2393 habere
577 2361 783 2403 suspicatur,
807 2368 843 2394 ut
858 2363 949 2403 apud

234 2405 310 2437 Liv.
328 2408 361 2445 6,
377 2407 431 2437 36.
448 2405 510 2438 ubi
526 2407 595 2438 vid.
614 2406 833 2448 interpretes.
881 2408 951 2438 Pu-

232 2449 328 2481 labat
364 2450 539 2490 Davisius,
572 2452 714 2492 Syriam
749 2451 860 2492 ipsam
892 2451 949 2482 hic

235 2494 304 2526 dici
319 2499 452 2534 sortem,
473 2494 555 2536 quia
570 2494 725 2536 Scipioni
747 2495 869 2529 sortito
886 2495 949 2528 ob-

235 2544 384 2571 venerat.
431 2539 563 2571 Durum
579 2540 658 2571 hoc.

284 2584 525 2622 Promutuum,
562 2583 590 2615 si
627 2589 679 2616 est
713 2594 794 2616 vera
830 2583 950 2622 lectio,

233 2627 378 2667 (habent
407 2633 522 2660 autem
553 2628 654 2659 codd.
686 2628 830 2670 optimi)
859 2628 948 2660 nihil

234 2672 328 2704 aliud
349 2678 412 2712 est,
429 2682 532 2714 quam
547 2677 721 2705 mutuum:
745 2674 841 2704 nullo
857 2672 950 2704 enim

235 2718 352 2756 modo,
377 2723 414 2748 ut
438 2716 579 2758 quidam
601 2717 732 2755 volunt,
754 2717 949 2759 significare

238 2767 350 2803 potest
360 2761 508 2803 id,quod
522 2761 556 2793 in
568 2767 782 2793 antecessum
793 2762 949 2795 solvitur.

233 2806 389 2838 Fortasse
407 2817 485 2838 vero
499 2806 644 2837 verbum
666 2805 733 2837 hoc
757 2816 825 2838 non
841 2812 891 2838 est
907 2817 950 2838 ex

235 2855 334 2882 aetate
348 2850 502 2883 Caesaris.
542 2849 640 2882 Unde
655 2860 735 2882 cum
750 2850 848 2882 MSS.
864 2852 950 2883 duo-

235 2894 301 2927 bus
329 2901 364 2928 et
390 2895 468 2927 edd.
489 2902 562 2927 ant.
586 2894 716 2933 malim,
737 2906 800 2937 pro
819 2902 950 2935 mutuo,

234 2940 326 2982 quod
343 2946 377 2975 et
399 2939 550 2976 Cellario
571 2946 607 2973 et
620 2939 770 2976 Gesnero
795 2939 829 2976 in
844 2940 949 2974 Thes.

1016 1784 1055 1816 L.
1072 1784 1109 1816 L.
1128 1785 1270 1827 placuit,
1283 1785 1348 1818 etsi
1365 1796 1485 1818 sensus
1497 1786 1588 1819 idem
1600 1792 1662 1820 est.
1680 1788 1730 1820 M.

1016 1830 1110 1862 Mihi
1127 1830 1259 1862 videtur
1285 1830 1375 1862 idem
1397 1842 1482 1870 esse,
1504 1833 1598 1874 quod
1611 1832 1731 1875 capite

1016 1885 1093 1916 sup.
1110 1875 1241 1907 dixerat
1254 1878 1456 1917 ‘insequentis
1471 1879 1558 1908 anni
1571 1882 1732 1909 mutuam

1013 1925 1237 1962 praeceperat.
1282 1919 1379 1951 Conf.
1406 1922 1446 1951 de
1471 1920 1536 1952 isto
1547 1927 1730 1963 promutuo

1016 1965 1137 2005 Cujac.
1155 1963 1242 1996 Obs.
1259 1968 1290 1995 8.
1307 1967 1360 1996 34.

1067 2011 1230 2050 Certaque
1259 2012 1333 2049 ejus
1361 2011 1413 2041 rei
1445 2009 1512 2041 alie·
1535 2012 1729 2042 constituta.

1017 2053 1233 2084 Felicissima
1249 2059 1300 2085 est
1316 2053 1388 2085 haec
1398 2052 1510 2085 Ursini
1521 2054 1730 2086 emendatio.

1018 2097 1097 2129 Alia
1112 2097 1226 2135 lectio,
1242 2108 1319 2138 quae
1343 2098 1422 2129 edd.
1448 2099 1541 2141 vulg.
1566 2098 1729 2137 adhaesit,

1017 2148 1210 2183 ceterasq1ae
1237 2145 1310 2182 ejus·
1342 2144 1428 2175 Dece
1453 2148 1597 2182 statuas,
1627 2143 1730 2175 nihili

1017 2192 1090 2217 est:
1115 2186 1197 2227 quid
1211 2186 1306 2218 enim
1318 2186 1381 2218 erit
1396 2190 1547 2220 ceteras?
1585 2186 1729 2226 Sufficit,

1018 2230 1156 2262 codices
1174 2230 1286 2272 plures
1302 2231 1441 2269 habere,
1465 2237 1644 2274 ceteraque
1657 2236 1730 2274 ejus

1018 2275 1084 2306 diei
1097 2278 1288 2314 constituta,
1302 2277 1389 2307 unde
1402 2276 1516 2309 Ursini
1533 2277 1728 2319 conjectum

1017 2319 1218 2351 facillimam
1257 2320 1483 2354 mutationem
1521 2321 1624 2353 eruit.
1674 2322 1728 2353 M.

1019 2364 1225 2396 Hotomann.
1253 2364 1335 2407 legit
1361 2371 1534 2408 certasque
1555 2365 1650 2406 (scil.
1665 2376 1726 2397 au-

1018 2418 1091 2439 reas
1114 2414 1148 2440 et
1173 2410 1364 2451 argenteas)
1392 2413 1466 2452 ejus
1483 2412 1568 2443 Dece
1583 2415 1725 2442 statuas.

1018 2451 1137 2485 Davis.
1153 2464 1357 2497 aureasque.

1065 2497 1111 2529 In
1130 2499 1359 2531 Thessaliam.
1383 2499 1497 2531 Codd.
1514 2499 1654 2541 quidam
1667 2500 1730 2531 ad-

1018 2543 1100 2574 dunt
1114 2545 1175 2576 ire.
1191 2543 1269 2575 edd.
1288 2544 1392 2576 Rom.
1408 2549 1442 2575 ct
1457 2543 1552 2576 Med.
1565 2546 1616 2575 ire
1629 2554 1728 2577 man-

1019 2587 1092 2620 dat.

1063 2632 1218 2664 Maoeime
1243 2643 1310 2664 eos.
1355 2631 1438 2674 Leg.
1464 2634 1684 2674 maximeque
1709 2643 1729 2664 e

1017 2675 1224 2716 quibusdam
1251 2677 1350 2708 codd.
1375 2683 1409 2707 et
1436 2677 1514 2707 edd.
1538 2682 1607 2707 ant.
1623 2676 1727 2715 Quae-

1018 2720 1097 2751 dam
1123 2731 1200 2752 cum
1228 2721 1284 2752 his
1308 2731 1397 2752 nexa
1420 2720 1493 2751 vid.
1518 2730 1552 2751 c.
1585 2723 1639 2753 55.
1672 2723 1726 2754 M.

1019 2763 1123 2796 Malit
1146 2765 1305 2797 Oudend.
1332 2775 1412 2796 cum
1439 2765 1583 2796 Grutero
1614 2765 1726 2805 delere

1017 2814 1064 2841 est
1081 2815 1159 2851 post
1173 2811 1338 2847 hortatus,
1366 2819 1469 2849 quam
1494 2808 1551 2840 hic
1577 2809 1726 2842 inserere

1017 2863 1094 2894 que.
1138 2854 1204 2886 Sed
1229 2854 1328 2885 codd.
1353 2859 1388 2884 et
1414 2853 1492 2884 edd.
1507 2860 1578 2887 vet.
1594 2861 1728 2888 servant

1019 2897 1175 2932 verbum.
1210 2899 1305 2940 Lego
1320 2900 1548 2941 maximeque.
