1946 3261
215 357 348 411 tendi.
411 355 566 406 Auctis
583 355 718 414 copiis
737 356 948 415 Pompeii,
970 355 1232 416 duobusque
1253 358 1416 417 magnis
1438 361 1700 405 exercitibus

215 415 467 473 conjunctis,
499 415 684 472 pristina
712 415 903 459 omnium
937 415 1218 460 confirmatur
1249 418 1398 475 opinio
1430 428 1475 461 et
1495 435 1593 477 spes
1613 420 1699 464 vic-

213 475 334 516 toriae
353 483 542 533 augetur
561 473 688 526 adeo,
726 482 792 525 ut,
829 475 1042 533 quidquid
1078 475 1368 520 intercederet
1400 479 1623 536 temporis,
1654 479 1698 531 id

214 531 374 575 morari
407 532 600 576 reditum
629 533 672 577 in
712 533 881 577 Italiam
913 533 1164 584 videretur;
1208 545 1269 586 et,
1305 536 1338 579 si
1379 536 1556 595 quando
1591 537 1701 596 quid

214 590 446 650 Pompeius
472 593 636 636 tardius
659 601 738 636 aut
759 593 1066 636 consideratius
1096 595 1275 646 faceret,
1313 596 1439 638 unius
1460 613 1546 640 esse
1568 612 1699 656 nego-

208 650 318 693 tium
335 650 438 702 diei,
458 651 535 696 sed
555 651 678 695 illum
701 652 911 695 delectari
934 653 1116 710 imperio
1136 664 1180 698 et
1212 654 1471 698 Consulares
1496 655 1697 707 Praetori-

207 724 342 767 osque
363 726 586 755 servorum
619 711 779 754 habere
800 727 997 760 numer0‚
1023 711 1232 755 dicerent.
1296 714 1486 782 Jamque
1519 715 1631 757 inter
1652 731 1696 758 se

206 768 351 825 palam
373 770 428 814 de
449 770 637 829 praemiis
655 786 704 813 ac
743 771 1006 814 Sacerdotiis
1037 772 1372 823 contendebant,
1408 790 1452 816 in
1477 789 1696 841 annosque

209 827 496 872 Consulatum
528 829 818 879 definiebant;
850 830 920 872 alii
951 829 1101 874 domos
1123 831 1324 889 bonaque
1350 848 1519 883 eorum,
1553 833 1694 891 quiin

204 887 355 930 castris
374 899 498 932 erant
521 889 717 939 Caesaris,
746 889 975 947 petebant:
1010 906 1252 948 magnaque
1288 891 1401 934 inter
1432 908 1504 934 eos
1534 892 1576 934 in
1597 907 1696 935 con-

203 945 300 989 silio
327 946 415 990 fuit
434 948 746 998 controversia,
767 957 1049 1007 oporteretne
1084 950 1131 991 L.
1157 949 1297 999 Hirri,
1327 951 1446 1007 quod
1468 951 1501 993 is
1521 966 1546 993 a
1571 950 1695 994 Pom-

203 1004 305 1063 peio
338 1005 394 1049 ad
434 1006 620 1051 Parthos
653 1008 803 1050 missus
834 1018 959 1060 esset,
1004 1009 1211 1066 proximis
1251 1010 1437 1053 comitiis
1475 1009 1694 1053 Praetoriis

203 1065 392 1109 absentis
418 1067 629 1110 rationem
653 1066 827 1110 haberi:
861 1084 997 1126 quum
1017 1068 1109 1126 ejus
1142 1069 1363 1111 necessarii
1397 1068 1525 1111 fidem
1556 1067 1694 1127 inplo-

204 1133 353 1168 rarent
383 1125 592 1184 Pompeii,
630 1134 873 1183 praestaret,
895 1127 1012 1185 quod
1038 1127 1325 1185 proficiscenti
1361 1128 1608 1185 recepisset,
1641 1143 1694 1171 ne

202 1197 282 1240 per
297 1184 389 1242 ejus
408 1185 717 1228 auctoritatem
744 1185 953 1244 deceptus
973 1186 1224 1236 videretur;
1257 1187 1431 1245 reliqui,
1464 1189 1507 1229 in
1543 1187 1693 1230 labore

202 1242 298 1299 pari
318 1259 368 1285 ac
390 1243 602 1301 periculo,
624 1259 676 1287 ne
697 1261 808 1287 unus
827 1261 971 1289 omnes
990 1246 1283 1296 antecederet,
1307 1255 1568 1288 recusarent.

260 1301 333 1343 83.
377 1302 478 1346 Jam
499 1303 552 1346 de
576 1303 834 1347 Sacerdotio
858 1305 1041 1347 Caesaris
1079 1305 1316 1354 Domitius,
1358 1304 1522 1363 Scipio,
1560 1305 1689 1364 Spin-

201 1358 386 1418 therque
410 1361 641 1412 Lentulus,
663 1362 930 1419 quotidianis
951 1363 1301 1406 contentionibus
1331 1363 1386 1407 ad
1419 1363 1689 1421 gravissimas

201 1419 437 1463 verborum
459 1421 742 1464 contumelias
774 1422 915 1480 palam
937 1421 1253 1465 descenderunt
1273 1438 1282 1464 ε
1317 1439 1453 1481 quum
1477 1422 1691 1466 Lentulus

199 1479 339 1522 aetatis
371 1479 577 1524 honorem
612 1490 869 1530 ostentaret,
906 1482 1126 1524 Domitius
1152 1483 1363 1525 urbanam
1382 1481 1572 1550 gratiam
1594 1481 1688 1541 dig·

200 1536 469 1597 nitatemque
501 1539 705 1597 jactaret,
748 1540 897 1599 Scipio
930 1540 1158 1584 adfinitate
1196 1541 1392 1600 Pompeii
1431 1540 1684 1585 confideret.

205 1596 450 1641 Postulavit
479 1599 610 1641 etiam
634 1599 685 1641 L.
713 1600 944 1642 Afranium
984 1600 1240 1660 proditionis
1279 1600 1497 1644 exercitus
1537 1600 1689 1644 Attius

203 1654 348 1700 Rufus
381 1657 500 1717 apud
539 1658 814 1717 Pompeium,
850 1659 969 1718 quod
1003 1668 1171 1719 gestum
1202 1660 1244 1703 in
1278 1660 1490 1719 Hispania
1507 1659 1686 1703 diceret.

202 1835 341 1877 pionem
358 1836 436 1869 cani
457 1843 560 1879 atque
580 1839 672 1880 apud
690 1838 904 1880 Pompeium.

201 1880 286 1912 Cum
318 1881 410 1913 enim
446 1883 514 1913 duo
549 1883 671 1915 summi
711 1884 822 1914 Duces
845 1893 902 1914 aut

201 1924 366 1957 Consules
395 1925 427 1958 in
455 1926 530 1958 unis
555 1927 676 1959 castris
691 1935 797 1966 erant,
811 1929 901 1969 apud

199 1976 377 2012 utrumque
389 1971 570 2003 classicum
584 1971 790 2003 canebatur:
809 1972 903 2003 ideo·

196 2024 263 2056 que
301 2015 482 2051 Asdrubal.
528 2016 722 2057 suspicatus
759 2017 902 2048 alterum

197 2057 380 2090 Consulem
399 2058 431 2091 in
447 2065 554 2091 castra
571 2060 713 2097 venisse,
729 2061 902 2093 observari

193 2101 306 2143 jubet,
328 2104 431 2135 semel
461 2104 558 2136 bisne
584 2105 716 2142 signum
743 2112 843 2137 canat
869 2106 900 2137 in

196 2146 330 2178 castris.
389 2147 466 2179 Liv.
496 2151 551 2187 27,
582 2152 637 2181 47.
685 2151 810 2182 Cellar.
847 2149 900 2182 Cs-

201 2191 319 2233 Veget.
335 2195 368 2230 2,
385 2195 424 2223 22
440 2199 472 2223 et
490 2193 561 2224 lnd.
587 2195 636 2225 M.

244 2237 282 2267 Si
309 2235 444 2277 quando
469 2237 555 2278 quid
595 2254 637 2260 --
669 2256 712 2261 -
740 2239 901 2271 dicer-ene.

198 2278 275 2311 Non
300 2280 371 2311 haec
390 2281 494 2312 modo
507 2281 691 2321 dicebant3
715 2284 772 2314 sed
798 2284 901 2315 Pom-

197 2323 313 2365 peium
323 2324 514 2366 jocabundi
531 2326 658 2367 Regem
676 2334 709 2358 et
722 2328 901 2369 Agamem-

195 2378 320 2400 nonem
343 2369 578 2411 adpellabant.
625 2371 774 2412 Appian.
806 2376 836 2403 9.
867 2383 900 2414 p.

195 2415 272 2448 470.
298 2413 467 2445 Plutarch.
494 2414 613 2455 Pomp.
632 2416 685 2445 66.
705 2417 757 2446 67.
783 2417 831 2447 Μ.

238 2458 387 2500 Jamque
399 2460 488 2489 inter
503 2468 537 2490 se
556 2476 600 2481 —
616 2458 669 2489 Ab
685 2458 748 2490 hac
765 2460 901 2492 temeri-

193 2506 263 2534 tate
278 2501 525 2534 alienissimum
547 2502 651 2535 fuisse
684 2504 898 2544 Pompeium,

196 2546 300 2578 iidem
327 2545 508 2588 scriptores
541 2548 707 2586 reserunt;
732 2549 791 2578 sod
821 2560 897 2580 eum

195 2597 300 2629 metu,
325 2597 385 2623 ant
412 2597 564 2633 torpore,
589 2598 649 2623 aut
673 2593 742 2624 sato
758 2593 896 2624 cessisse

194 2635 331 2667 libidini
348 2634 533 2674 nobilium,
554 2635 613 2678 qui
639 2636 671 2668 in
688 2636 759 2677 ejus
775 2637 896 2669 eastris

193 2686 299 2711 erant.
324 2681 374 2712 M.

240 2725 293 2755 De
304 2726 468 2766 praemiis.
492 2723 710 2756 Marclandus
724 2724 756 2755 in
776 2723 895 2764 Expli-

193 2774 257 2799 cat.
275 2774 355 2800 vett.
371 2774 463 2799 auct.
481 2779 514 2810 p.
531 2770 594 2801 275
619 2769 798 2810 legendum
834 2779 896 2809 pu-

190 2817 240 2843 tat
265 2812 306 2843 de
334 2814 508 2851 Proetum,
529 2813 650 2854 partim
678 2813 723 2845 ob
746 2823 823 2854 cap.
840 2815 895 2844 83.

189 2855 266 2895 (ubi
283 2856 441 2898 equidem
456 2856 544 2889 nihil
560 2858 601 2889 de
612 2857 769 2890 Praeturis
781 2857 893 2888 nomi-

189 2899 295 2932 natim
313 2900 433 2941 vide03
460 2900 566 2933 immo
583 2911 662 2935 vcro
678 2902 719 2933 de
744 2903 892 2944 praemiis

190 2943 344 2989 peeuniae
359 2945 409 2993 ibi
425 2945 562 2989 dicitur)
577 2946 699 2991 parum
714 2946 762 2982 ob
778 2945 890 2982 locum

975 1839 1149 1870 Plutarchi
1181 1838 1211 1870 in
1247 1840 1366 1880 Pomp.
1395 1850 1473 1881 cap.
1490 1840 1542 1878 67,
1563 1838 1621 1871 ubi
1639 1840 1682 1871 de

975 1882 1029 1914 his
1054 1883 1133 1914 viris
1159 1891 1220 1919 cst,
1248 1883 1390 1917 ὑπατείας
1415 1885 1674 1927 καὶστραιτηγίας

975 1928 1106 1966 {fam—suro.
1155 1928 1195 1958 Et
1220 1935 1353 1968 proptor
1375 1927 1462 1959 hunc
1495 1928 1620 1963 locum.
1645 1928 1672 1959 si

973 1982 1039 2003 non
1073 1972 1273 2010 necessaria,
1291 1971 1485 2003 verisimilis
1501 1979 1612 2004 {anien
1626 1980 1677 2005 cst

973 2016 1036 2047 viri
1053 2016 1242 2048 doctissimi
1268 2017 1475 2057 conjectura.
1500 2018 1550 2048 M.

1019 2062 1208 2092 l'raeuaret.
1240 2060 1449 2091 Fra-mittunt
1471 2060 1531 2092 alii
1558 2065 1605 2101 ut,
1624 2060 1675 2092 in-

971 2104 1051 2136 vitis
1065 2106 1164 2136 codd.
1192 2104 1232 2135 V.
1251 2111 1318 2136 not.
1333 2106 1374 2135 nd
1390 2108 1421 2138 8.
1439 2107 1493 2137 90.

1019 2151 1071 2181 De
1105 2150 1307 2186 Saevraeloaeio,
1336 2149 1543 2181 pontificatu
1574 2147 1682 2180 maxi-

973 2205 1040 2225 mo.
1072 2193 1244 2225 Plutarch.
1272 2195 1306 2224 d.
1334 2194 1354 2225 l.
1382 2194 1444 2238 mg}
1461 2194 1511 2228 rii,-
1538 2193 1680 2237 Καίσαρος

969 2238 1190 2282 ἀρχιερωσύνης.
1218 2238 1342 2269 Cellar.

1018 2285 1198 2314 Domitius.
1230 2282 1288 2313 Est
1304 2281 1343 2313 L.
1360 2283 1462 2314 Dom.
1481 2281 1680 2314 Ahenobar-

971 2326 1047 2360 bus.
1070 2326 1130 2368 qui
1155 2326 1196 2357 ad
1215 2326 1413 2358 Pharsalum
1431 2325 1531 2368 periit
1545 2327 1594 2366 (c.
1608 2326 1680 2365 99),

971 2370 1064 2412 isque
1095 2370 1340 2412 Pompeianus:
1372 2377 1405 2401 ai
1421 2371 1484 2401 Cn.
1505 2369 1679 2402 Domitius

968 2415 1142 2448 Calvinus.
1157 2414 1370 2446 (ta-surianus
1386 2414 1432 2451 (c.
1450 2415 1519 2454 78).
1550 2415 1679 2447 Cellar.

1015 2460 1109 2495 Quod
1133 2464 1262 2499 qeetmn
1287 2461 1321 2490 in
1350 2459 1521 2501 Hispania
1542 2457 1677 2491 diceret.

968 2503 1050 2536 naec
1081 2503 1197 2535 omniu
1228 2509 1309 2544 puto
1340 2503 1486 2534 delenda
1513 2513 1599 2540 esse,
1636 2507 1673 2533 ut

967 2550 1110 2580 Grutero
1124 2558 1259 2589 quoque
1277 2547 1384 2579 visum
1399 2554 1460 2579 est.
1506 2547 1556 2579 Ne
1573 2546 1675 2588 plena

966 2592 1104 2634 quidem
1123 2600 1153 2623 et
1169 2592 1319 2633 persecu»
1337 2591 1506 2623 sementia
1521 2597 1586 2622 est.
1604 2589 1674 2622 Vo-

967 2636 1028 2668 luit
1045 2636 1330 2677 aliquismonero.
1353 2635 1474 2678 respici
1502 2636 1543 2667 ad
1564 2646 1616 2667 res
1640 2633 1672 2666 in

967 2681 1130 2722 Hispania
1141 2681 1187 2712 ab
1201 2679 1339 2712 Afranio
1351 2687 1478 2720 gestas,
1494 2680 1536 2712 de
1546 2678 1673 2722 quibus

966 2725 1027 2757 lib.
1047 2726 1169 2756 [extr.
1212 2723 1347 2755 Monuit
1371 2735 1452 2765 ergo
1473 2723 1505 2755 in
1522 2721 1671 2764 margine

965 2769 1020 2801 his
1038 2768 1168 2800 vorbis:
1199 2769 1288 2811 quml
1298 2774 1430 2810 qeslum
1442 2770 1477 2800 in
1493 2768 1697 2825 Hispamqss

965 2814 1074 2844 «linter-1¹
1099 2814 1231 2845 ridetur
1254 2817 1349 2852 (nam
1366 2813 1398 2845 in
1415 2812 1491 2844 cod.
1507 2811 1602 2843 Voss.
1619 2820 1671 2842 es·

961 2859 1158 2893 rideretur).
1187 2857 1222 2889 ld
1242 2856 1320 2890 inde
1335 2857 1367 2890 in
1379 2863 1504 2889 textum
1517 2853 1670 2896 inrepsit.

962 2902 1012 2934 M.
1044 2902 1156 2934 Bentl.
1176 2901 1292 2944 spuria
1310 2907 1408 2946 putat
1429 2900 1537 2946 etism
1560 2898 1673 2934 verba

958 2946 1052 2990 apud
1068 2947 1278 2990 Pompeium.
