1946 3261
646 186 764 232 LIB.
799 185 835 230 Ι.
900 186 1040 231 CAP.
1070 185 1259 230 37-40.
1594 184 1680 228 285

189 315 402 376 tanisque‚
446 315 521 375 qui
573 314 766 359 Galliam
817 315 1085 376 provinciam
1124 314 1373 373 adtingunt.
1450 309 1681 363 Audierat,

192 375 451 435 Pompeium
469 390 548 434 per
563 375 876 419 Mauritaniam
893 390 993 418 cum
1004 374 1248 432 legionibus
1263 374 1347 416 iter
1366 371 1410 414 in
1427 370 1682 430 Hispaniam

191 435 332 478 facere
348 434 666 493 confestimque
685 451 773 477 esse
791 443 1048 482 venturum3
1079 432 1206 474 simul
1224 448 1249 474 a
1267 430 1475 474 Tribunis
1492 430 1681 474 militum

193 494 622 551 centurionibusque
654 501 828 537 mutuas
848 492 1048 552 pecunias
1066 490 1239 533 sumsit:
1273 489 1348 532 has
1367 490 1575 533 exercitui
1595 489 1683 533 dis-

191 553 366 596 tribuit.
432 553 532 602 Quo
563 554 694 603 facto,
727 553 836 595 duas
868 569 935 596 res
968 557 1223 594 consecutus
1245 558 1325 597 est,
1357 549 1475 605 quod
1497 550 1683 608 pignore

191 612 354 654 animos
379 611 696 654 Centurionum
725 612 922 655 devinxit
953 618 997 654 et
1026 607 1259 667 largitione
1282 609 1462 651 redemit
1493 608 1683 651 militum

191 670 454 713 voluntates.

249 728 322 770 40.
348 728 512 771 Fabius
523 727 821 771 finitumarum
837 728 1067 771 civitatum
1080 727 1243 770 animos
1261 723 1418 767 litteris
1434 723 1686 782 nunciisque

191 787 408 831 tentabat.
474 786 522 829 In
550 787 698 830 Sicore
733 788 907 831 flumine
941 795 1096 846 pontes
1128 786 1332 828 effecerat
1351 782 1473 835 duos,
1508 782 1620 826 inter
1640 800 1685 827 se

192 845 402 889 distantes
434 846 553 889 milia
587 863 790 905 passuum
824 854 1030 905 quatuor.
1097 844 1179 887 His
1201 843 1404 903 pontibus
1425 841 1687 901 pabulatum

192 906 420 955 mittebat;
453 905 573 963 quod
606 922 671 958 ea,
708 923 806 964 quae
840 906 951 948 citra
972 905 1133 947 flumen
1167 903 1356 953 fuerant,
1389 901 1687 960 superioribus

194 963 347 1008 diebus
369 974 677 1008 consumserat.
744 965 841 1008 Hoc
865 965 975 1007 idern
998 964 1106 1017 fere,
1126 971 1261 1020 atque
1282 961 1429 1004 eadem
1449 959 1503 1003 de
1525 977 1688 1011 caussa,

197 1024 449 1083 Pompeiani
488 1024 703 1066 exercitus
745 1024 889 1067 Duces
931 1023 1164 1071 faciebant,
1208 1021 1449 1078 crebroque
1491 1019 1605 1067 inter
1644 1036 1689 1063 se

194 1083 472 1141 equestribus
511 1083 675 1141 proeliis
712 1083 1047 1126 contendebant.
1126 1081 1228 1124 Huc
1266 1096 1402 1139 quum
1436 1079 1691 1137 quotidiana

196 1142 509 1185 consuetudine
543 1158 781 1201 congressae
817 1141 1153 1201 pabulatoribus
1191 1139 1390 1199 praesidio
1421 1141 1602 1197 proprio
1633 1139 1690 1181 le-

199 1201 344 1259 giones
367 1200 570 1244 Fabianae
604 1201 702 1245 duae
737 1202 896 1245 flumen
929 1201 1196 1249 transissent,
1231 1198 1614 1258 inpedimentaque
1647 1206 1692 1240 et

199 1260 335 1303 omnis
370 1261 592 1317 equitatus
627 1269 910 1318 sequeretur:
955 1260 1101 1304 subito
1140 1260 1182 1302 vi
1221 1267 1448 1301 ventorum
1487 1267 1532 1300 et
1568 1273 1693 1314 aquae

199 1319 498 1377 magnitudine
521 1335 628 1377 pons
660 1329 725 1362 est
757 1320 1031 1377 interruptus
1058 1328 1103 1361 et
1127 1319 1295 1376 reliqua
1317 1316 1551 1359 multitudo
1573 1317 1692 1374 equi-

200 1387 297 1421 tum
318 1378 564 1420 interclusa.
631 1378 731 1427 Quo
754 1380 931 1435 cognito
954 1395 978 1420 a
1000 1377 1174 1420 Petreio
1192 1388 1237 1419 et
1257 1376 1438 1418 Afranio
1458 1391 1512 1418 ex
1531 1391 1693 1434 aggere

200 1446 333 1494 atque
355 1437 567 1486 cratibus,
599 1452 697 1494 quae
718 1437 894 1480 flumine
917 1437 1188 1486 ferebantur,
1220 1435 1417 1478 celeriter
1450 1450 1526 1477 suo
1558 1443 1692 1492 ponte

204 1496 428 1545 Afranius,
466 1512 598 1553 quem
631 1497 796 1555 oppido
824 1496 1061 1553 castrisque
1092 1496 1370 1554 conjunctum
1402 1492 1609 1542 habebat,
1634 1493 1694 1536 le-

203 1556 349 1613 giones
386 1565 578 1613 quatuor
610 1556 945 1613 equitatumque
982 1570 1152 1597 omnem
1185 1552 1404 1611 transjecit
1437 1552 1695 1610 duabusque

204 1614 406 1657 Fabianis
441 1613 634 1656 occurrit
667 1614 926 1671 legionibus.
992 1613 1129 1671 Cujus
1164 1612 1357 1655 adventu
1389 1611 1607 1664 nunciato,
1641 1610 1693 1653 L.

172 1692 177 1696 ·
205 1673 406 1722 Plancus,
429 1673 506 1730 qui
528 1672 771 1731 legionibus
795 1680 997 1732 praeerat,
1019 1672 1255 1714 necessaria
1273 1687 1319 1713 re
1338 1679 1525 1719 coactus,
1549 1670 1695 1713 locum

201 1732 322 1791 capit
356 1732 641 1790 superiorem,
678 1731 986 1789 diversamque
1023 1731 1159 1773 aciem
1198 1732 1241 1773 in
1278 1729 1384 1772 duas
1416 1738 1561 1788 partes
1596 1745 1695 1772 con-

198 1791 362 1840 stituit,
397 1807 449 1833 ne
471 1792 528 1833 ab
551 1792 754 1849 equitatu
776 1791 1081 1834 circumveniri
1115 1798 1270 1848 posset.
1336 1788 1421 1839 Ita,
1443 1804 1695 1847 congressus

203 1850 344 1909 inpari
366 1866 566 1899 numero,
601 1866 781 1909 magnos
812 1851 985 1909 inpetus
1024 1849 1243 1908 legionum
1278 1849 1585 1906 equitatusque
1607 1865 1696 1890 sus-

202 1911 326 1953 tinet.
392 1909 633 1953 Commisso
668 1911 724 1953 ab
757 1910 980 1969 equitibus
1005 1909 1178 1968 proelio,
1209 1909 1330 1967 signa
1351 1907 1536 1950 duarum
1566 1907 1698 1965 legio-

203 2028 282 2070 qnia
298 2027 360 2059 ἀπο·
376 2029 466 2059 κοινοῦ
486 2028 661 2060 subaudiri
682 2027 789 2070 possit
805 2028 920 2069 fhrtis-

205 2077 288 2105 ,simo
319 2083 453 2115 quoque
490 2075 602 2115 optimc*
638 2085 713 2114 qen.
744 2075 921 2105 hominum

206 2123 350 2149 erocum.

256 2161 432 2193 Audierat.
493 2161 570 2192 Duo
609 2161 708 2193 codd.
746 2167 920 2192 recentes:

205 2211 383 2248 postquam
403 2206 570 2237 'mulier-nt.
617 2207 665 2237 Ita
683 2206 804 2237 saltem
823 2205 921 2236 intel-

207 2251 382 2292 ligendum
406 2258 468 2287 est,
492 2260 532 2281 ne
557 2251 590 2282 h.
606 2251 628 2281 l.
652 2261 766 2281 rursus
789 2250 919 2290 aliquid

207 2294 308 2326 desit.
335 2295 384 2326 M.
432 2294 568 2326 Habent
600 2300 633 2326 et
664 2295 741 2325 edd.
773 2286 920 2325 Florenfss

208 2346 241 2370 et
262 2338 429 2370 [zen-oaldi.
466 2339 628 2370 Gruterus
645 2345 743 2380 putat
760 2338 844 2369 olim
861 2339 922 2368 ad-

211 2383 314 2416 fuisse
329 2383 458 2415 azulito.
506 2383 630 2415 Probat
653 2383 716 2414 hoc
735 2381 920 2414 Bentleius.

256 2428 414 2467 Piqnore.
448 2428 508 2459 alii
533 2430 686 2470 piynere.

988 2028 1144 2059 cluserat.
1195 2026 1337 2058 Vossius
1364 2025 1429 2067 legi
1455 2027 1526 2058 vult
1547 2038 1701 2069 propere.

986 2083 1055 2114 quo
1082 2082 1148 2103 non
1171 2078 1220 2102 ost
1246 2082 1344 2112 opus.
1393 2071 1545 2103 Jurinius
1560 2071 1700 2103 volebat

986 2120 1150 2159 primum,
1170 2118 1305 2147 frustra.

1035 2162 1150 2192 Subito
1169 2163 1199 2191 ri
1216 2166 1395 2192 renem-am.
1421 2161 1467 2192 Ita
1483 2159 1701 2192 scribendum

987 2206 1165 2245 conjece-re
1183 2203 1247 2235 viri
1264 2203 1356 2235 docti
1382 2216 1444 2247 pro
1459 2209 1700 2245 jumentorum,

987 2250 1078 2290 quod
1103 2248 1229 2280 habent
1251 2249 1350 2280 codd.
1367 2255 1400 2281 et
1415 2249 1489 2280 edd.
1507 2255 1577 2280 vet.
1624 2250 1700 2290 Ipse

988 2294 1102 2325 Caesar
1119 2304 1150 2324 c.
1165 2304 1234 2335 seq.
1251 2300 1451 2334 tempestate
1476 2293 1698 2336 interruptum

990 2337 1088 2371 dicit.

1036 2383 1062 2413 ‚4
1090 2383 1219 2414 Petreio
1246 2388 1277 2414 et
1303 2382 1454 2424 Afranio.
1501 2383 1584 2415 Haec
1613 2383 1700 2414 falso

734 2427 922 2468 Utrumque
989 2432 1145 2468 suspecta
1161 2433 1236 2458 sunt
1252 2426 1442 2460 Ciacconio
1459 2433 1491 2459 et
1509 2427 1700 2468 Scaligero.

211 2472 314 2503 valet.

259 2517 339 2547 Huc
349 2532 393 2538 —-
404 2525 600 2555 conqreesoe,
610 2526 688 2557 quae
701 2515 767 2547 huc
784 2516 921 2547 iverant.

209 2560 254 2591 Ut
264 2570 453 2591 commeare
467 2561 581 2601 aliquo
592 2566 654 2599 est,
666 2560 761 2592 adiri
775 2561 923 2602 aliquem.

210 2608 343 2636 locum.-
380 2603 428 2634 sic
461 2605 621 2644 eonqreda:
654 2606 769 2645 aliquo
801 2605 921 2635 eodem

212 2649 315 2680 modo
341 2647 411 2679 dici
437 2648 562 2689 potuit.
589 2649 638 2680 M.
686 2648 779 2680 Male.
798 2648 922 2689 Scalig.

211 2703 333 2724 vocem
348 2702 531 2732 conqressae
544 2692 692 2724 deletam
703 2692 810 2734 cupit.
840 2693 922 2734 Lip-

213 2737 283 2769 sius
314 2737 465 2768 malebat
496 2737 570 2768 hac.
595 2746 662 2769 non
693 2743 744 2768 est
772 2747 921 2768 necesse.

213 2781 368 2813 Jurinius
383 2780 480 2812 malit
494 2790 644 2822 eqressoe.

260 2826 424 2859 Praesidio
446 2827 595 2867 proprio,
618 2825 711 2867 quod
732 2836 863 2868 semper
888 2830 923 2858 et

213 2877 306 2903 certo
345 2868 574 2901 comitabatur
603 2869 835 2911 pabulatores.
870 2872 921 2902 M.

215 2917 305 2950 Scal.
330 2924 511 2957 perperam
536 2913 570 2945 «τὸ
597 2916 728 2958 proprio
752 2915 848 2948 uncis
871 2915 923 2949 in-

1036 2473 1093 2503 EJ:
1114 2482 1251 2511 aqum-e,
1275 2472 1417 2503 materia
1439 2477 1613 2513 congesta,
1635 2481 1703 2513 qua

990 2527 1076 2558 pons
1096 2515 1259 2547 instratus
1275 2515 1396 2548 suerat.
1420 2517 1488 2548 vid.
1508 2516 1579 2547 lnd.
1603 2516 1658 2546 M.

1038 2562 1106 2591 Suo
1133 2565 1245 2602 ponte.
1307 2561 1346 2590 Τὸ
1376 2572 1434 2592 suo
1466 2559 1582 2591 omisit
1614 2560 1703 2591 Scal.

991 2604 1107 2637 invitis
1123 2605 1224 2635 codd.
1239 2610 1271 2635 et
1286 2605 1364 2636 edd.
1381 2611 1448 2636 vet.

1036 2651 1287 2690 Dicet-samque
1308 2666 1353 2670 —
1374 2651 1552 2681 constituit.
1608 2649 1704 2681 Idem

990 2702 1052 2733 est,
1070 2700 1107 2725 ut
1123 2694 1151 2725 si
1169 2693 1327 2724 dixisset:
1354 2693 1524 2725 diversam
1540 2694 1648 2724 aciem
1665 2695 1703 2724 in

989 2740 1125 2771 divers-ie
1142 2739 1220 2768 locis
1234 2739 1409 2777 constituit,
1423 2748 1495 2776 seu,
1511 2737 1599 2768 (luas
1615 2739 1706 2769 acles

990 2787 1027 2816 in
1041 2783 1172 2815 duobus*
1187 2783 1264 2813 Iocis
1275 2784 1453 2814 constituit.
1476 2782 1528 2812 M.

1041 2829 1217 2859 Commisso
1232 2826 1275 2857 ab
1286 2827 1453 2866 equitibus
1461 2826 1590 2868 proelio.
1614 2825 1708 2864 Quid

994 2872 1081 2905 hoc?
1099 2871 1171 2912 jam
1185 2868 1337 2910 legiones
1348 2880 1484 2913 quoque
1498 2870 1708 2912 pugnabant.

994 2917 1109 2958 Itaque
1131 2912 1287 2948 Jurinius
1310 2914 1363 2947 vel
1386 2915 1568 2949 delendum
1592 2914 1710 2948 statuit
