<?xml version="1.0" encoding="UTF-8"?>
<!DOCTYPE html PUBLIC "-//W3C//DTD XHTML 1.0 Transitional//EN"
    "http://www.w3.org/TR/xhtml1/DTD/xhtml1-transitional.dtd">
<html xmlns="http://www.w3.org/1999/xhtml" xml:lang="en" lang="en">
 <head>
  <title>
</title>
<meta http-equiv="Content-Type" content="text/html;charset=utf-8" />
  <meta name='ocr-system' content='tesseract 3.04.00' />
  <meta name='ocr-capabilities' content='ocr_page ocr_carea ocr_par ocr_line ocrx_word'/>
</head>
<body>
  <div class='ocr_page' id='page_1' title='image "./commentariidebel00caesuoft_0071.png"; bbox 0 0 1992 3271; ppageno 0'>
   <div class='ocr_carea' id='block_1_1' title="bbox 657 171 1689 222">
    <p class='ocr_par' dir='ltr' id='par_1_1' title="bbox 657 171 1689 222">
     <span class='ocr_line' id='line_1_1' title="bbox 657 171 1689 222; baseline 0.004 -7"><span class='ocrx_word' id='word_1_1' title='bbox 657 172 775 217; x_wconf 89' lang='lat' dir='ltr'><strong>LIB.</strong></span> <span class='ocrx_word' id='word_1_2' title='bbox 809 171 845 215; x_wconf 88' lang='lat' dir='ltr'><strong>I.</strong></span> <span class='ocrx_word' id='word_1_3' title='bbox 907 172 1046 217; x_wconf 80' lang='lat' dir='ltr'><strong>OAP.</strong></span> <span class='ocrx_word' id='word_1_4' title='bbox 1078 174 1152 222; x_wconf 85' lang='lat'><strong>40,</strong></span> <span class='ocrx_word' id='word_1_5' title='bbox 1182 175 1254 217; x_wconf 86' lang='lat'><strong>41.</strong></span> <span class='ocrx_word' id='word_1_6' title='bbox 1634 177 1689 219; x_wconf 81' lang='lat'><strong>31</strong></span> 
     </span>
    </p>
   </div>
   <div class='ocr_carea' id='block_1_2' title="bbox 195 299 1694 1883">
    <p class='ocr_par' dir='ltr' id='par_1_2' title="bbox 209 299 1693 478">
     <span class='ocr_line' id='line_1_2' title="bbox 209 299 1692 383; baseline -0.001 -38"><span class='ocrx_word' id='word_1_7' title='bbox 209 303 241 325; x_wconf 89' lang='lat'><strong>“</strong></span> <span class='ocrx_word' id='word_1_8' title='bbox 210 316 402 383; x_wconf 68' lang='lat' dir='ltr'><strong>“posse,</strong></span> <span class='ocrx_word' id='word_1_9' title='bbox 443 299 733 344; x_wconf 83' lang='lat' dir='ltr'><strong>diuturnitate</strong></span> <span class='ocrx_word' id='word_1_10' title='bbox 772 301 877 344; x_wconf 86' lang='lat' dir='ltr'><strong>belli</strong></span> <span class='ocrx_word' id='word_1_11' title='bbox 915 300 1160 359; x_wconf 84' lang='lat' dir='ltr'><strong>defatigatis</strong></span> <span class='ocrx_word' id='word_1_12' title='bbox 1211 300 1366 351; x_wconf 88' lang='lat' dir='ltr'><strong>Gallis,</strong></span> <span class='ocrx_word' id='word_1_13' title='bbox 1405 300 1692 353; x_wconf 87' lang='lat' dir='ltr'><strong>Ariovistum,</strong></span> 
     </span>
     <span class='ocr_line' id='line_1_3' title="bbox 209 359 1693 442; baseline 0.001 -40.037"><span class='ocrx_word' id='word_1_14' title='bbox 209 363 401 442; x_wconf 50' lang='lat' dir='ltr'><strong>:Equum</strong></span> <span class='ocrx_word' id='word_1_15' title='bbox 421 359 583 404; x_wconf 85' lang='lat' dir='ltr'><strong>multos</strong></span> <span class='ocrx_word' id='word_1_16' title='bbox 601 375 762 403; x_wconf 89' lang='lat' dir='ltr'><strong>menses</strong></span> <span class='ocrx_word' id='word_1_17' title='bbox 779 359 926 403; x_wconf 87' lang='lat' dir='ltr'><strong>castris</strong></span> <span class='ocrx_word' id='word_1_18' title='bbox 942 375 984 402; x_wconf 90' lang='lat' dir='ltr'><strong>se</strong></span> <span class='ocrx_word' id='word_1_19' title='bbox 1001 375 1049 401; x_wconf 90' lang='grc'><strong>30</strong></span> <span class='ocrx_word' id='word_1_20' title='bbox 1068 360 1300 417; x_wconf 86' lang='lat' dir='ltr'><strong>paludibus</strong></span> <span class='ocrx_word' id='word_1_21' title='bbox 1317 361 1538 411; x_wconf 90' lang='lat' dir='ltr'><strong>tenuisset,</strong></span> <span class='ocrx_word' id='word_1_22' title='bbox 1553 377 1693 419; x_wconf 90' lang='lat' dir='ltr'><strong>neque</strong></span> 
     </span>
     <span class='ocr_line' id='line_1_4' title="bbox 228 419 1692 478; baseline 0.001 -17.046"><span class='ocrx_word' id='word_1_23' title='bbox 228 419 328 462; x_wconf 88' lang='lat' dir='ltr'><strong>‘sui</strong></span> <span class='ocrx_word' id='word_1_24' title='bbox 359 427 619 478; x_wconf 84' lang='lat' dir='ltr'><strong>potestatem</strong></span> <span class='ocrx_word' id='word_1_25' title='bbox 650 419 830 469; x_wconf 85' lang='lat' dir='ltr'><strong>fecisset,</strong></span> <span class='ocrx_word' id='word_1_26' title='bbox 861 419 1134 476; x_wconf 82' lang='lat' dir='ltr'><strong>desperantes</strong></span> <span class='ocrx_word' id='word_1_27' title='bbox 1163 419 1251 476; x_wconf 84' lang='lat' dir='ltr'><strong>jam</strong></span> <span class='ocrx_word' id='word_1_28' title='bbox 1282 419 1334 462; x_wconf 91' lang='lat' dir='ltr'><strong>de</strong></span> <span class='ocrx_word' id='word_1_29' title='bbox 1368 435 1517 478; x_wconf 87' lang='lat' dir='ltr'><strong>pugna</strong></span> <span class='ocrx_word' id='word_1_30' title='bbox 1547 428 1592 462; x_wconf 89' lang='lat' dir='ltr'><strong>et</strong></span> <span class='ocrx_word' id='word_1_31' title='bbox 1611 420 1692 464; x_wconf 84' lang='lat' dir='ltr'><strong>dis-</strong></span> 
     </span>
    </p>

    <p class='ocr_par' dir='ltr' id='par_1_3' title="bbox 208 477 1693 537">
     <span class='ocr_line' id='line_1_5' title="bbox 208 477 1693 537; baseline 0.001 -17"><span class='ocrx_word' id='word_1_32' title='bbox 208 483 238 501; x_wconf 89' lang='lat'><strong>“</strong></span> <span class='ocrx_word' id='word_1_33' title='bbox 262 494 409 536; x_wconf 87' lang='lat' dir='ltr'><strong>persos</strong></span> <span class='ocrx_word' id='word_1_34' title='bbox 443 477 590 521; x_wconf 91' lang='lat' dir='ltr'><strong>subito</strong></span> <span class='ocrx_word' id='word_1_35' title='bbox 626 478 846 527; x_wconf 88' lang='lat' dir='ltr'><strong>adortum,</strong></span> <span class='ocrx_word' id='word_1_36' title='bbox 883 477 1018 535; x_wconf 86' lang='lat' dir='ltr'><strong>magis</strong></span> <span class='ocrx_word' id='word_1_37' title='bbox 1054 477 1220 519; x_wconf 86' lang='lat' dir='ltr'><strong>ratione</strong></span> <span class='ocrx_word' id='word_1_38' title='bbox 1256 486 1300 520; x_wconf 87' lang='lat' dir='ltr'><strong>et</strong></span> <span class='ocrx_word' id='word_1_39' title='bbox 1332 479 1523 528; x_wconf 89' lang='lat' dir='ltr'><strong>consilio,</strong></span> <span class='ocrx_word' id='word_1_40' title='bbox 1560 495 1693 537; x_wconf 87' lang='lat' dir='ltr'><strong>quam</strong></span> 
     </span>
    </p>

    <p class='ocr_par' dir='ltr' id='par_1_4' title="bbox 207 534 1694 596">
     <span class='ocr_line' id='line_1_6' title="bbox 207 534 1694 596; baseline 0 -16"><span class='ocrx_word' id='word_1_41' title='bbox 207 541 237 560; x_wconf 75' lang='lat'><strong>‘⁶</strong></span> <span class='ocrx_word' id='word_1_42' title='bbox 261 537 440 586; x_wconf 87' lang='lat' dir='ltr'><strong>virtute,</strong></span> <span class='ocrx_word' id='word_1_43' title='bbox 463 536 622 579; x_wconf 88' lang='lat' dir='ltr'><strong>vicisse.</strong></span> <span class='ocrx_word' id='word_1_44' title='bbox 674 536 760 578; x_wconf 86' lang='lat' dir='ltr'><strong>Cui</strong></span> <span class='ocrx_word' id='word_1_45' title='bbox 780 536 936 579; x_wconf 82' lang='lat' dir='ltr'><strong>rationi</strong></span> <span class='ocrx_word' id='word_1_46' title='bbox 953 543 1103 579; x_wconf 87' lang='lat' dir='ltr'><strong>contra</strong></span> <span class='ocrx_word' id='word_1_47' title='bbox 1123 534 1312 578; x_wconf 88' lang='lat' dir='ltr'><strong>homines</strong></span> <span class='ocrx_word' id='word_1_48' title='bbox 1329 536 1539 581; x_wconf 87' lang='lat' dir='ltr'><strong>barbaros</strong></span> <span class='ocrx_word' id='word_1_49' title='bbox 1559 547 1694 596; x_wconf 88' lang='lat' dir='ltr'><strong>atque</strong></span> 
     </span>
    </p>

    <p class='ocr_par' dir='ltr' id='par_1_5' title="bbox 208 593 1692 662">
     <span class='ocr_line' id='line_1_7' title="bbox 208 593 1692 662; baseline 0.002 -25"><span class='ocrx_word' id='word_1_50' title='bbox 208 600 237 619; x_wconf 92' lang='lat'><strong>“</strong></span> <span class='ocrx_word' id='word_1_51' title='bbox 259 595 467 653; x_wconf 90' lang='lat' dir='ltr'><strong>inperitos</strong></span> <span class='ocrx_word' id='word_1_52' title='bbox 485 595 605 637; x_wconf 89' lang='lat' dir='ltr'><strong>locus</strong></span> <span class='ocrx_word' id='word_1_53' title='bbox 621 594 787 645; x_wconf 86' lang='lat' dir='ltr'><strong>fuisset,</strong></span> <span class='ocrx_word' id='word_1_54' title='bbox 807 594 886 637; x_wconf 89' lang='lat' dir='ltr'><strong>hac</strong></span> <span class='ocrx_word' id='word_1_55' title='bbox 902 610 954 637; x_wconf 89' lang='lat' dir='ltr'><strong>ne</strong></span> <span class='ocrx_word' id='word_1_56' title='bbox 969 595 1113 653; x_wconf 89' lang='lat' dir='ltr'><strong>ipsum</strong></span> <span class='ocrx_word' id='word_1_57' title='bbox 1130 593 1304 660; x_wconf 85' lang='lat' dir='ltr'><strong>quidem</strong></span> <span class='ocrx_word' id='word_1_58' title='bbox 1320 611 1509 662; x_wconf 82' lang='lat' dir='ltr'><strong>sperare,</strong></span> <span class='ocrx_word' id='word_1_59' title='bbox 1523 605 1692 639; x_wconf 86' lang='lat' dir='ltr'><strong>nostros</strong></span> 
     </span>
    </p>

    <p class='ocr_par' dir='ltr' id='par_1_6' title="bbox 206 653 1692 711">
     <span class='ocr_line' id='line_1_8' title="bbox 206 653 1692 711; baseline 0.001 -15"><span class='ocrx_word' id='word_1_60' title='bbox 206 658 237 678; x_wconf 92' lang='lat'><strong>“</strong></span> <span class='ocrx_word' id='word_1_61' title='bbox 259 654 473 696; x_wconf 85' lang='lat' dir='ltr'><strong>exercitus</strong></span> <span class='ocrx_word' id='word_1_62' title='bbox 507 654 604 711; x_wconf 89' lang='lat' dir='ltr'><strong>capi</strong></span> <span class='ocrx_word' id='word_1_63' title='bbox 638 669 775 711; x_wconf 91' lang='lat' dir='ltr'><strong>posse.</strong></span> <span class='ocrx_word' id='word_1_64' title='bbox 840 654 928 704; x_wconf 82' lang='lat' dir='ltr'><strong>Qui</strong></span> <span class='ocrx_word' id='word_1_65' title='bbox 959 669 1086 696; x_wconf 90' lang='lat' dir='ltr'><strong>suum</strong></span> <span class='ocrx_word' id='word_1_66' title='bbox 1119 653 1319 695; x_wconf 87' lang='lat' dir='ltr'><strong>timorem</strong></span> <span class='ocrx_word' id='word_1_67' title='bbox 1351 654 1395 695; x_wconf 92' lang='grc'><strong>111</strong></span> <span class='ocrx_word' id='word_1_68' title='bbox 1422 655 1484 696; x_wconf 84' lang='lat' dir='ltr'><strong>rei</strong></span> <span class='ocrx_word' id='word_1_69' title='bbox 1504 655 1544 696; x_wconf 80' lang='lat' dir='ltr'><strong>f1</strong></span> <span class='ocrx_word' id='word_1_70' title='bbox 1548 671 1692 698; x_wconf 87' lang='lat' dir='ltr'><strong>umen-</strong></span> 
     </span>
    </p>

    <p class='ocr_par' dir='ltr' id='par_1_7' title="bbox 206 711 1693 770">
     <span class='ocr_line' id='line_1_9' title="bbox 206 711 1693 770; baseline 0.001 -16"><span class='ocrx_word' id='word_1_71' title='bbox 206 717 236 736; x_wconf 86' lang='lat'><strong>“</strong></span> <span class='ocrx_word' id='word_1_72' title='bbox 257 713 379 755; x_wconf 89' lang='lat' dir='ltr'><strong>tariae</strong></span> <span class='ocrx_word' id='word_1_73' title='bbox 398 711 715 755; x_wconf 81' lang='lat' dir='ltr'><strong>simulationem</strong></span> <span class='ocrx_word' id='word_1_74' title='bbox 730 713 1036 770; x_wconf 85' lang='lat' dir='ltr'><strong>angustiasque</strong></span> <span class='ocrx_word' id='word_1_75' title='bbox 1055 711 1259 754; x_wconf 87' lang='lat' dir='ltr'><strong>itinerum</strong></span> <span class='ocrx_word' id='word_1_76' title='bbox 1276 712 1536 762; x_wconf 88' lang='lat' dir='ltr'><strong>conferrent,</strong></span> <span class='ocrx_word' id='word_1_77' title='bbox 1554 714 1693 756; x_wconf 87' lang='lat' dir='ltr'><strong>facere</strong></span> 
     </span>
    </p>

    <p class='ocr_par' dir='ltr' id='par_1_8' title="bbox 206 770 1692 829">
     <span class='ocr_line' id='line_1_10' title="bbox 206 770 1692 829; baseline 0.001 -16"><span class='ocrx_word' id='word_1_78' title='bbox 206 776 236 796; x_wconf 77' lang='lat'><strong>‘⁶</strong></span> <span class='ocrx_word' id='word_1_79' title='bbox 258 771 536 829; x_wconf 85' lang='lat' dir='ltr'><strong>adroganter,</strong></span> <span class='ocrx_word' id='word_1_80' title='bbox 559 787 697 828; x_wconf 91' lang='lat' dir='ltr'><strong>quum</strong></span> <span class='ocrx_word' id='word_1_81' title='bbox 717 780 796 814; x_wconf 91' lang='lat' dir='ltr'><strong>aut</strong></span> <span class='ocrx_word' id='word_1_82' title='bbox 815 772 868 815; x_wconf 91' lang='lat' dir='ltr'><strong>de</strong></span> <span class='ocrx_word' id='word_1_83' title='bbox 888 771 1028 815; x_wconf 90' lang='lat' dir='ltr'><strong>officio</strong></span> <span class='ocrx_word' id='word_1_84' title='bbox 1050 770 1332 829; x_wconf 85' lang='lat' dir='ltr'><strong>Imperatoris</strong></span> <span class='ocrx_word' id='word_1_85' title='bbox 1351 770 1594 829; x_wconf 87' lang='lat' dir='ltr'><strong>desperare,</strong></span> <span class='ocrx_word' id='word_1_86' title='bbox 1615 782 1692 816; x_wconf 87' lang='lat' dir='ltr'><strong>aut</strong></span> 
     </span>
    </p>

    <p class='ocr_par' dir='ltr' id='par_1_9' title="bbox 206 829 1692 888">
     <span class='ocr_line' id='line_1_11' title="bbox 206 829 1692 888; baseline 0.001 -16"><span class='ocrx_word' id='word_1_87' title='bbox 206 835 236 856; x_wconf 78' lang='lat'><strong>‘⁶</strong></span> <span class='ocrx_word' id='word_1_88' title='bbox 260 830 540 888; x_wconf 80' lang='lat' dir='ltr'><strong>praescribere</strong></span> <span class='ocrx_word' id='word_1_89' title='bbox 568 830 834 873; x_wconf 87' lang='lat' dir='ltr'><strong>viderentur.</strong></span> <span class='ocrx_word' id='word_1_90' title='bbox 900 830 1007 873; x_wconf 86' lang='lat' dir='ltr'><strong>Haec</strong></span> <span class='ocrx_word' id='word_1_91' title='bbox 1035 829 1116 872; x_wconf 91' lang='lat' dir='ltr'><strong>sibi</strong></span> <span class='ocrx_word' id='word_1_92' title='bbox 1145 846 1232 872; x_wconf 88' lang='lat' dir='ltr'><strong>esse</strong></span> <span class='ocrx_word' id='word_1_93' title='bbox 1255 845 1392 878; x_wconf 87' lang='lat' dir='ltr'><strong>curae;</strong></span> <span class='ocrx_word' id='word_1_94' title='bbox 1424 831 1692 873; x_wconf 84' lang='lat' dir='ltr'><strong>frumentum</strong></span> 
     </span>
    </p>

    <p class='ocr_par' dir='ltr' id='par_1_10' title="bbox 205 888 1692 957">
     <span class='ocr_line' id='line_1_12' title="bbox 205 888 1692 957; baseline 0 -26"><span class='ocrx_word' id='word_1_95' title='bbox 205 895 235 914; x_wconf 86' lang='lat'><strong>“</strong></span> <span class='ocrx_word' id='word_1_96' title='bbox 261 890 501 947; x_wconf 83' lang='lat' dir='ltr'><strong>Sequanos,</strong></span> <span class='ocrx_word' id='word_1_97' title='bbox 525 888 706 939; x_wconf 88' lang='lat' dir='ltr'><strong>Leucos,</strong></span> <span class='ocrx_word' id='word_1_98' title='bbox 735 889 949 957; x_wconf 87' lang='lat' dir='ltr'><strong>Lingonas</strong></span> <span class='ocrx_word' id='word_1_99' title='bbox 968 888 1316 938; x_wconf 88' lang='lat' dir='ltr'><strong>subministrare;</strong></span> <span class='ocrx_word' id='word_1_100' title='bbox 1341 889 1520 956; x_wconf 76' lang='lat' dir='ltr'><strong>jamque</strong></span> <span class='ocrx_word' id='word_1_101' title='bbox 1541 905 1628 932; x_wconf 86' lang='lat' dir='ltr'><strong>esse</strong></span> <span class='ocrx_word' id='word_1_102' title='bbox 1650 889 1692 932; x_wconf 90' lang='lat' dir='ltr'><strong>in</strong></span> 
     </span>
    </p>

    <p class='ocr_par' dir='ltr' id='par_1_11' title="bbox 205 948 1692 1006">
     <span class='ocr_line' id='line_1_13' title="bbox 205 948 1692 1006; baseline 0 -16"><span class='ocrx_word' id='word_1_103' title='bbox 205 953 235 974; x_wconf 78' lang='lat'><strong>‘⁶</strong></span> <span class='ocrx_word' id='word_1_104' title='bbox 258 950 374 1006; x_wconf 86' lang='lat' dir='ltr'><strong>agris</strong></span> <span class='ocrx_word' id='word_1_105' title='bbox 390 948 609 991; x_wconf 86' lang='lat' dir='ltr'><strong>frumenta</strong></span> <span class='ocrx_word' id='word_1_106' title='bbox 626 957 818 991; x_wconf 89' lang='lat' dir='ltr'><strong>matura:</strong></span> <span class='ocrx_word' id='word_1_107' title='bbox 858 949 911 991; x_wconf 92' lang='lat' dir='ltr'><strong>de</strong></span> <span class='ocrx_word' id='word_1_108' title='bbox 932 948 1084 991; x_wconf 87' lang='lat' dir='ltr'><strong>itinere</strong></span> <span class='ocrx_word' id='word_1_109' title='bbox 1102 948 1217 1006; x_wconf 90' lang='lat' dir='ltr'><strong>ipsos</strong></span> <span class='ocrx_word' id='word_1_110' title='bbox 1230 948 1283 990; x_wconf 90' lang='lat' dir='ltr'><strong>br</strong></span> <span class='ocrx_word' id='word_1_111' title='bbox 1285 948 1352 990; x_wconf 87' lang='lat' dir='ltr'><strong>evi</strong></span> <span class='ocrx_word' id='word_1_112' title='bbox 1371 956 1566 1006; x_wconf 88' lang='lat' dir='ltr'><strong>tempore</strong></span> <span class='ocrx_word' id='word_1_113' title='bbox 1579 948 1692 1006; x_wconf 85' lang='lat' dir='ltr'><strong>judi-</strong></span> 
     </span>
    </p>

    <p class='ocr_par' dir='ltr' id='par_1_12' title="bbox 205 1006 1693 1074">
     <span class='ocr_line' id='line_1_14' title="bbox 205 1006 1693 1074; baseline 0.001 -25"><span class='ocrx_word' id='word_1_114' title='bbox 205 1012 235 1033; x_wconf 89' lang='lat'><strong><em>“</em></strong></span> <span class='ocrx_word' id='word_1_115' title='bbox 258 1016 447 1050; x_wconf 85' lang='lat' dir='ltr'><strong>caturos.</strong></span> <span class='ocrx_word' id='word_1_116' title='bbox 493 1006 624 1057; x_wconf 83' lang='lat' dir='ltr'><strong>Quod</strong></span> <span class='ocrx_word' id='word_1_117' title='bbox 639 1022 726 1050; x_wconf 91' lang='lat' dir='ltr'><strong>non</strong></span> <span class='ocrx_word' id='word_1_118' title='bbox 743 1008 836 1050; x_wconf 88' lang='lat' dir='ltr'><strong>fore</strong></span> <span class='ocrx_word' id='word_1_119' title='bbox 856 1007 972 1050; x_wconf 91' lang='lat' dir='ltr'><strong>dicto</strong></span> <span class='ocrx_word' id='word_1_120' title='bbox 989 1006 1209 1049; x_wconf 85' lang='lat' dir='ltr'><strong>audientes</strong></span> <span class='ocrx_word' id='word_1_121' title='bbox 1229 1007 1401 1074; x_wconf 85' lang='lat' dir='ltr'><strong>milites,</strong></span> <span class='ocrx_word' id='word_1_122' title='bbox 1415 1023 1554 1065; x_wconf 88' lang='lat' dir='ltr'><strong>neque</strong></span> <span class='ocrx_word' id='word_1_123' title='bbox 1572 1008 1693 1065; x_wconf 87' lang='lat' dir='ltr'><strong>signa</strong></span> 
     </span>
    </p>

    <p class='ocr_par' dir='ltr' id='par_1_13' title="bbox 204 1065 1693 1124">
     <span class='ocr_line' id='line_1_15' title="bbox 204 1065 1693 1124; baseline 0.001 -16"><span class='ocrx_word' id='word_1_124' title='bbox 204 1072 233 1091; x_wconf 72' lang='lat'><strong>‘⁶</strong></span> <span class='ocrx_word' id='word_1_125' title='bbox 257 1065 391 1108; x_wconf 85' lang='lat' dir='ltr'><strong>laturi</strong></span> <span class='ocrx_word' id='word_1_126' title='bbox 410 1066 628 1115; x_wconf 81' lang='lat' dir='ltr'><strong>dicantur,</strong></span> <span class='ocrx_word' id='word_1_127' title='bbox 654 1066 759 1109; x_wconf 88' lang='lat' dir='ltr'><strong>nihil</strong></span> <span class='ocrx_word' id='word_1_128' title='bbox 785 1083 830 1110; x_wconf 91' lang='lat' dir='ltr'><strong>se</strong></span> <span class='ocrx_word' id='word_1_129' title='bbox 858 1082 908 1109; x_wconf 85' lang='lat' dir='ltr'><strong>ea</strong></span> <span class='ocrx_word' id='word_1_130' title='bbox 935 1082 982 1109; x_wconf 89' lang='lat' dir='ltr'><strong>re</strong></span> <span class='ocrx_word' id='word_1_131' title='bbox 1001 1066 1287 1109; x_wconf 88' lang='lat' dir='ltr'><strong>commoveri:</strong></span> <span class='ocrx_word' id='word_1_132' title='bbox 1321 1066 1426 1108; x_wconf 90' lang='lat' dir='ltr'><strong>scire</strong></span> <span class='ocrx_word' id='word_1_133' title='bbox 1446 1066 1574 1116; x_wconf 89' lang='lat' dir='ltr'><strong>enim,</strong></span> <span class='ocrx_word' id='word_1_134' title='bbox 1598 1067 1693 1124; x_wconf 90' lang='lat' dir='ltr'><strong>qui-</strong></span> 
     </span>
    </p>

    <p class='ocr_par' dir='ltr' id='par_1_14' title="bbox 203 1124 1693 1184">
     <span class='ocr_line' id='line_1_16' title="bbox 203 1124 1693 1184; baseline 0 -17"><span class='ocrx_word' id='word_1_135' title='bbox 203 1131 233 1151; x_wconf 88' lang='lat'><strong>“</strong></span> <span class='ocrx_word' id='word_1_136' title='bbox 256 1124 528 1184; x_wconf 90' lang='lat' dir='ltr'><strong>buscumque</strong></span> <span class='ocrx_word' id='word_1_137' title='bbox 559 1125 772 1168; x_wconf 85' lang='lat' dir='ltr'><strong>exercitus</strong></span> <span class='ocrx_word' id='word_1_138' title='bbox 802 1126 919 1168; x_wconf 84' lang='lat' dir='ltr'><strong>dieto</strong></span> <span class='ocrx_word' id='word_1_139' title='bbox 951 1125 1126 1168; x_wconf 85' lang='lat' dir='ltr'><strong>audiens</strong></span> <span class='ocrx_word' id='word_1_140' title='bbox 1154 1140 1240 1168; x_wconf 91' lang='lat' dir='ltr'><strong>non</strong></span> <span class='ocrx_word' id='word_1_141' title='bbox 1271 1125 1421 1173; x_wconf 84' lang='lat' dir='ltr'><strong>fuerit,</strong></span> <span class='ocrx_word' id='word_1_142' title='bbox 1453 1134 1546 1175; x_wconf 89' lang='lat' dir='ltr'><strong>aut,</strong></span> <span class='ocrx_word' id='word_1_143' title='bbox 1582 1125 1693 1168; x_wconf 85' lang='lat' dir='ltr'><strong>male</strong></span> 
     </span>
    </p>

    <p class='ocr_par' dir='ltr' id='par_1_15' title="bbox 203 1183 1691 1252">
     <span class='ocr_line' id='line_1_17' title="bbox 203 1183 1691 1252; baseline 0.001 -26"><span class='ocrx_word' id='word_1_144' title='bbox 203 1191 232 1211; x_wconf 88' lang='lat'><strong>“</strong></span> <span class='ocrx_word' id='word_1_145' title='bbox 256 1200 302 1226; x_wconf 91' lang='lat' dir='ltr'><strong>re</strong></span> <span class='ocrx_word' id='word_1_146' title='bbox 325 1193 460 1252; x_wconf 78' lang='lat' dir='ltr'><strong>gesta,</strong></span> <span class='ocrx_word' id='word_1_147' title='bbox 482 1185 705 1228; x_wconf 85' lang='lat' dir='ltr'><strong>fortunam</strong></span> <span class='ocrx_word' id='word_1_148' title='bbox 725 1184 929 1234; x_wconf 80' lang='lat' dir='ltr'><strong>defuisse3</strong></span> <span class='ocrx_word' id='word_1_149' title='bbox 960 1194 1053 1234; x_wconf 90' lang='lat' dir='ltr'><strong>aut,</strong></span> <span class='ocrx_word' id='word_1_150' title='bbox 1075 1183 1224 1252; x_wconf 87' lang='lat' dir='ltr'><strong>aliquo</strong></span> <span class='ocrx_word' id='word_1_151' title='bbox 1244 1183 1430 1227; x_wconf 86' lang='lat' dir='ltr'><strong>facinore</strong></span> <span class='ocrx_word' id='word_1_152' title='bbox 1448 1193 1691 1242; x_wconf 88' lang='lat' dir='ltr'><strong>comperto,</strong></span> 
     </span>
    </p>

    <p class='ocr_par' dir='ltr' id='par_1_16' title="bbox 204 1243 1692 1302">
     <span class='ocr_line' id='line_1_18' title="bbox 204 1243 1692 1302; baseline 0.001 -17"><span class='ocrx_word' id='word_1_153' title='bbox 204 1249 233 1268; x_wconf 73' lang='lat'><strong>‘⁶</strong></span> <span class='ocrx_word' id='word_1_154' title='bbox 256 1243 481 1286; x_wconf 87' lang='lat' dir='ltr'><strong>avaritiam</strong></span> <span class='ocrx_word' id='word_1_155' title='bbox 519 1260 606 1286; x_wconf 87' lang='lat' dir='ltr'><strong>esse</strong></span> <span class='ocrx_word' id='word_1_156' title='bbox 638 1253 925 1301; x_wconf 67' lang='lat' dir='ltr'><strong>conjunctam.</strong></span> <span class='ocrx_word' id='word_1_157' title='bbox 989 1244 1124 1286; x_wconf 89' lang='lat' dir='ltr'><strong>Suam</strong></span> <span class='ocrx_word' id='word_1_158' title='bbox 1156 1244 1441 1286; x_wconf 83' lang='lat' dir='ltr'><strong>innocentiam</strong></span> <span class='ocrx_word' id='word_1_159' title='bbox 1477 1260 1555 1302; x_wconf 82' lang='lat' dir='ltr'><strong>pel</strong></span> <span class='ocrx_word' id='word_1_160' title='bbox 1559 1253 1692 1302; x_wconf 85' lang='lat' dir='ltr'><strong>petua</strong></span> 
     </span>
    </p>

    <p class='ocr_par' dir='ltr' id='par_1_17' title="bbox 203 1302 1690 1361">
     <span class='ocr_line' id='line_1_19' title="bbox 203 1302 1690 1361; baseline 0.001 -18"><span class='ocrx_word' id='word_1_161' title='bbox 203 1309 233 1328; x_wconf 73' lang='lat'><strong>‘⁶</strong></span> <span class='ocrx_word' id='word_1_162' title='bbox 256 1302 361 1351; x_wconf 85' lang='lat' dir='ltr'><strong>vita,</strong></span> <span class='ocrx_word' id='word_1_163' title='bbox 384 1302 633 1345; x_wconf 86' lang='lat' dir='ltr'><strong>felicitatem</strong></span> <span class='ocrx_word' id='word_1_164' title='bbox 657 1302 961 1346; x_wconf 89' lang='lat' dir='ltr'><strong>Helvetiorum</strong></span> <span class='ocrx_word' id='word_1_165' title='bbox 983 1302 1116 1352; x_wconf 88' lang='lat' dir='ltr'><strong>bello,</strong></span> <span class='ocrx_word' id='word_1_166' title='bbox 1146 1319 1232 1345; x_wconf 88' lang='lat' dir='ltr'><strong>esse</strong></span> <span class='ocrx_word' id='word_1_167' title='bbox 1254 1311 1540 1361; x_wconf 84' lang='lat' dir='ltr'><strong>perspectam.</strong></span> <span class='ocrx_word' id='word_1_168' title='bbox 1606 1302 1690 1345; x_wconf 87' lang='grc'>113-</span> 
     </span>
    </p>

    <p class='ocr_par' dir='ltr' id='par_1_18' title="bbox 203 1361 1691 1420">
     <span class='ocr_line' id='line_1_20' title="bbox 203 1361 1691 1420; baseline 0.001 -18"><span class='ocrx_word' id='word_1_169' title='bbox 203 1367 232 1386; x_wconf 90' lang='lat'><strong>“</strong></span> <span class='ocrx_word' id='word_1_170' title='bbox 256 1376 341 1418; x_wconf 89' lang='lat' dir='ltr'><strong>que</strong></span> <span class='ocrx_word' id='word_1_171' title='bbox 363 1377 422 1411; x_wconf 94' lang='lat' dir='ltr'><strong>se,</strong></span> <span class='ocrx_word' id='word_1_172' title='bbox 444 1361 594 1419; x_wconf 91' lang='lat' dir='ltr'><strong>quod</strong></span> <span class='ocrx_word' id='word_1_173' title='bbox 586 1378 628 1404; x_wconf 88' lang='lat' dir='ltr'><strong>m</strong></span> <span class='ocrx_word' id='word_1_174' title='bbox 645 1361 885 1419; x_wconf 88' lang='lat' dir='ltr'><strong>longiorem</strong></span> <span class='ocrx_word' id='word_1_175' title='bbox 905 1361 1018 1403; x_wconf 91' lang='lat' dir='ltr'><strong>diem</strong></span> <span class='ocrx_word' id='word_1_176' title='bbox 1037 1361 1290 1404; x_wconf 82' lang='lat' dir='ltr'><strong>conlaturus</strong></span> <span class='ocrx_word' id='word_1_177' title='bbox 1311 1370 1434 1411; x_wconf 88' lang='lat' dir='ltr'><strong>esset,</strong></span> <span class='ocrx_word' id='word_1_178' title='bbox 1459 1377 1691 1420; x_wconf 87' lang='lat' dir='ltr'><strong>repraesen-</strong></span> 
     </span>
    </p>

    <p class='ocr_par' dir='ltr' id='par_1_19' title="bbox 203 1398 1690 1478">
     <span class='ocr_line' id='line_1_21' title="bbox 203 1398 1690 1478; baseline 0 -16"><span class='ocrx_word' id='word_1_179' title='bbox 203 1427 231 1446; x_wconf 88' lang='lat'><strong>“</strong></span> <span class='ocrx_word' id='word_1_180' title='bbox 256 1428 455 1462; x_wconf 87' lang='lat' dir='ltr'><strong>taturum</strong></span> <span class='ocrx_word' id='word_1_181' title='bbox 471 1428 515 1462; x_wconf 91' lang='lat' dir='ltr'><strong>et</strong></span> <span class='ocrx_word' id='word_1_182' title='bbox 533 1398 873 1477; x_wconf 56' lang='lat' dir='ltr'><strong>proxima⁵1iocte</strong></span> <span class='ocrx_word' id='word_1_183' title='bbox 889 1420 941 1462; x_wconf 91' lang='lat' dir='ltr'><strong>de</strong></span> <span class='ocrx_word' id='word_1_184' title='bbox 958 1429 1117 1477; x_wconf 87' lang='lat' dir='ltr'><strong>quarta</strong></span> <span class='ocrx_word' id='word_1_185' title='bbox 1133 1420 1281 1478; x_wconf 86' lang='lat' dir='ltr'><strong>vigilia</strong></span> <span class='ocrx_word' id='word_1_186' title='bbox 1298 1429 1437 1462; x_wconf 85' lang='lat' dir='ltr'><strong>castra</strong></span> <span class='ocrx_word' id='word_1_187' title='bbox 1449 1429 1690 1470; x_wconf 86' lang='lat' dir='ltr'><strong>moturum,</strong></span> 
     </span>
    </p>

    <p class='ocr_par' dir='ltr' id='par_1_20' title="bbox 203 1479 1691 1537">
     <span class='ocr_line' id='line_1_22' title="bbox 203 1479 1691 1537; baseline 0.001 -17"><span class='ocrx_word' id='word_1_188' title='bbox 203 1486 231 1505; x_wconf 78' lang='lat'><strong>‘⁶</strong></span> <span class='ocrx_word' id='word_1_189' title='bbox 256 1488 307 1521; x_wconf 86' lang='lat' dir='ltr'><strong>ut</strong></span> <span class='ocrx_word' id='word_1_190' title='bbox 329 1495 461 1536; x_wconf 89' lang='lat' dir='ltr'><strong>quam</strong></span> <span class='ocrx_word' id='word_1_191' title='bbox 483 1480 674 1536; x_wconf 88' lang='lat' dir='ltr'><strong>primum</strong></span> <span class='ocrx_word' id='word_1_192' title='bbox 695 1479 946 1537; x_wconf 85' lang='lat' dir='ltr'><strong>intellegere</strong></span> <span class='ocrx_word' id='word_1_193' title='bbox 968 1489 1127 1537; x_wconf 90' lang='lat' dir='ltr'><strong>posset,</strong></span> <span class='ocrx_word' id='word_1_194' title='bbox 1146 1488 1296 1521; x_wconf 84' lang='lat' dir='ltr'><strong>utrum</strong></span> <span class='ocrx_word' id='word_1_195' title='bbox 1319 1479 1437 1536; x_wconf 87' lang='lat' dir='ltr'><strong>apud</strong></span> <span class='ocrx_word' id='word_1_196' title='bbox 1454 1495 1524 1522; x_wconf 92' lang='lat' dir='ltr'><strong>eos</strong></span> <span class='ocrx_word' id='word_1_197' title='bbox 1547 1480 1691 1537; x_wconf 90' lang='lat' dir='ltr'><strong>pudor</strong></span> 
     </span>
    </p>

    <p class='ocr_par' dir='ltr' id='par_1_21' title="bbox 201 1516 1690 1595">
     <span class='ocr_line' id='line_1_23' title="bbox 201 1516 1690 1595; baseline 0 -15"><span class='ocrx_word' id='word_1_198' title='bbox 201 1545 230 1564; x_wconf 73' lang='lat'><strong>‘⁶</strong></span> <span class='ocrx_word' id='word_1_199' title='bbox 253 1545 388 1595; x_wconf 83' lang='lat' dir='ltr'><strong>atque</strong></span> <span class='ocrx_word' id='word_1_200' title='bbox 416 1537 620 1587; x_wconf 89' lang='lat' dir='ltr'><strong>officium,</strong></span> <span class='ocrx_word' id='word_1_201' title='bbox 642 1553 697 1579; x_wconf 88' lang='grc'><strong>311</strong></span> <span class='ocrx_word' id='word_1_202' title='bbox 719 1538 849 1580; x_wconf 88' lang='lat' dir='ltr'><strong>timor</strong></span> <span class='ocrx_word' id='word_1_203' title='bbox 846 1516 1056 1580; x_wconf 58' lang='lat' dir='ltr'><strong>²³valer-et</strong></span> <span class='ocrx_word' id='word_1_204' title='bbox 1122 1538 1252 1586; x_wconf 82' lang='lat' dir='ltr'><strong>Quod</strong></span> <span class='ocrx_word' id='word_1_205' title='bbox 1279 1539 1313 1579; x_wconf 89' lang='lat' dir='ltr'><strong>si</strong></span> <span class='ocrx_word' id='word_1_206' title='bbox 1334 1547 1545 1595; x_wconf 85' lang='lat' dir='ltr'><strong>praeterea</strong></span> <span class='ocrx_word' id='word_1_207' title='bbox 1566 1553 1690 1581; x_wconf 91' lang='lat' dir='ltr'><strong>nemo</strong></span> 
     </span>
    </p>

    <p class='ocr_par' dir='ltr' id='par_1_22' title="bbox 201 1596 1692 1673">
     <span class='ocr_line' id='line_1_24' title="bbox 201 1596 1692 1673; baseline 0 -34"><span class='ocrx_word' id='word_1_208' title='bbox 201 1604 231 1623; x_wconf 77' lang='lat'><strong>‘⁶</strong></span> <span class='ocrx_word' id='word_1_209' title='bbox 253 1604 480 1653; x_wconf 83' lang='lat' dir='ltr'><strong>sequatur,</strong></span> <span class='ocrx_word' id='word_1_210' title='bbox 503 1604 647 1639; x_wconf 86' lang='lat' dir='ltr'><strong>tamen</strong></span> <span class='ocrx_word' id='word_1_211' title='bbox 667 1612 710 1638; x_wconf 92' lang='lat' dir='ltr'><strong>se</strong></span> <span class='ocrx_word' id='word_1_212' title='bbox 731 1612 830 1639; x_wconf 91' lang='lat' dir='ltr'><strong>cum</strong></span> <span class='ocrx_word' id='word_1_213' title='bbox 851 1596 941 1639; x_wconf 90' lang='lat' dir='ltr'><strong>sola</strong></span> <span class='ocrx_word' id='word_1_214' title='bbox 959 1596 1123 1638; x_wconf 88' lang='lat' dir='ltr'><strong>decima</strong></span> <span class='ocrx_word' id='word_1_215' title='bbox 1144 1596 1311 1653; x_wconf 85' lang='lat' dir='ltr'><strong>legione</strong></span> <span class='ocrx_word' id='word_1_216' title='bbox 1329 1597 1511 1645; x_wconf 88' lang='lat' dir='ltr'><strong>iturum,</strong></span> <span class='ocrx_word' id='word_1_217' title='bbox 1530 1596 1582 1638; x_wconf 89' lang='lat' dir='ltr'><strong>de</strong></span> <span class='ocrx_word' id='word_1_218' title='bbox 1604 1613 1692 1673; x_wconf 71' lang='lat' dir='ltr'><strong>qua</strong></span> 
     </span>
    </p>

    <p class='ocr_par' dir='ltr' id='par_1_23' title="bbox 199 1653 1691 1722">
     <span class='ocr_line' id='line_1_25' title="bbox 199 1653 1691 1722; baseline 0 -26"><span class='ocrx_word' id='word_1_219' title='bbox 199 1663 229 1682; x_wconf 77' lang='lat'><strong>‘⁶</strong></span> <span class='ocrx_word' id='word_1_220' title='bbox 254 1670 340 1697; x_wconf 92' lang='lat' dir='ltr'><strong>non</strong></span> <span class='ocrx_word' id='word_1_221' title='bbox 358 1654 603 1703; x_wconf 56' lang='lat' dir='ltr'><strong>dubitarem</strong></span> <span class='ocrx_word' id='word_1_222' title='bbox 634 1654 804 1713; x_wconf 86' lang='lat' dir='ltr'><strong>sibique</strong></span> <span class='ocrx_word' id='word_1_223' title='bbox 825 1671 917 1697; x_wconf 90' lang='lat' dir='ltr'><strong>eam</strong></span> <span class='ocrx_word' id='word_1_224' title='bbox 939 1654 1189 1722; x_wconf 83' lang='lat' dir='ltr'><strong>praetoriam</strong></span> <span class='ocrx_word' id='word_1_225' title='bbox 1210 1653 1432 1697; x_wconf 89' lang='lat' dir='ltr'><strong>cohortem</strong></span> <span class='ocrx_word' id='word_1_226' title='bbox 1453 1654 1691 1697; x_wconf 84' lang='lat' dir='ltr'><strong>futuram.”</strong></span> 
     </span>
    </p>

    <p class='ocr_par' dir='ltr' id='par_1_24' title="bbox 201 1713 1689 1773">
     <span class='ocr_line' id='line_1_26' title="bbox 201 1713 1689 1773; baseline -0.001 -16"><span class='ocrx_word' id='word_1_227' title='bbox 201 1713 320 1757; x_wconf 91' lang='lat' dir='ltr'><strong>Huic</strong></span> <span class='ocrx_word' id='word_1_228' title='bbox 338 1713 497 1771; x_wconf 84' lang='lat' dir='ltr'><strong>legioni</strong></span> <span class='ocrx_word' id='word_1_229' title='bbox 512 1713 657 1756; x_wconf 84' lang='lat' dir='ltr'><strong>Caesar</strong></span> <span class='ocrx_word' id='word_1_230' title='bbox 675 1722 719 1757; x_wconf 91' lang='lat' dir='ltr'><strong>et</strong></span> <span class='ocrx_word' id='word_1_231' title='bbox 735 1714 972 1757; x_wconf 83' lang='lat' dir='ltr'><strong>indulserat</strong></span> <span class='ocrx_word' id='word_1_232' title='bbox 990 1714 1209 1773; x_wconf 80' lang='lat' dir='ltr'><strong>praecipue</strong></span> <span class='ocrx_word' id='word_1_233' title='bbox 1221 1723 1265 1757; x_wconf 89' lang='lat' dir='ltr'><strong>et</strong></span> <span class='ocrx_word' id='word_1_234' title='bbox 1283 1722 1469 1772; x_wconf 86' lang='lat' dir='ltr'><strong>propter</strong></span> <span class='ocrx_word' id='word_1_235' title='bbox 1481 1713 1689 1757; x_wconf 87' lang='lat' dir='ltr'><strong>virtutem</strong></span> 
     </span>
    </p>

    <p class='ocr_par' dir='ltr' id='par_1_25' title="bbox 195 1772 657 1817">
     <span class='ocr_line' id='line_1_27' title="bbox 195 1772 657 1817; baseline -0.004 0"><span class='ocrx_word' id='word_1_236' title='bbox 195 1772 440 1817; x_wconf 83' lang='lat' dir='ltr'><strong>confidebat</strong></span> <span class='ocrx_word' id='word_1_237' title='bbox 459 1774 657 1815; x_wconf 82' lang='lat' dir='ltr'><strong>maxime.</strong></span> 
     </span>
    </p>

    <p class='ocr_par' dir='ltr' id='par_1_26' title="bbox 255 1831 1691 1883">
     <span class='ocr_line' id='line_1_28' title="bbox 255 1831 1691 1883; baseline 0.002 -9"><span class='ocrx_word' id='word_1_238' title='bbox 255 1832 328 1875; x_wconf 83' lang='lat'><strong>41.</strong></span> <span class='ocrx_word' id='word_1_239' title='bbox 365 1831 461 1875; x_wconf 84' lang='lat' dir='ltr'><strong>Hac</strong></span> <span class='ocrx_word' id='word_1_240' title='bbox 482 1833 676 1876; x_wconf 86' lang='lat' dir='ltr'><strong>oratione</strong></span> <span class='ocrx_word' id='word_1_241' title='bbox 696 1831 860 1883; x_wconf 84' lang='lat' dir='ltr'><strong>habita,</strong></span> <span class='ocrx_word' id='word_1_242' title='bbox 891 1832 1050 1876; x_wconf 87' lang='lat' dir='ltr'><strong>mirum</strong></span> <span class='ocrx_word' id='word_1_243' title='bbox 1083 1831 1126 1875; x_wconf 88' lang='lat' dir='ltr'><strong>in</strong></span> <span class='ocrx_word' id='word_1_244' title='bbox 1147 1831 1325 1876; x_wconf 89' lang='lat' dir='ltr'><strong>modum</strong></span> <span class='ocrx_word' id='word_1_245' title='bbox 1353 1848 1568 1876; x_wconf 81' lang='lat' dir='ltr'><strong>conversae</strong></span> <span class='ocrx_word' id='word_1_246' title='bbox 1589 1842 1691 1877; x_wconf 84' lang='lat' dir='ltr'><strong>sunt</strong></span> 
     </span>
    </p>
   </div>
   <div class='ocr_carea' id='block_1_3' title="bbox 194 1993 914 3007">
    <p class='ocr_par' dir='ltr' id='par_1_27' title="bbox 197 1993 912 2122">
     <span class='ocr_line' id='line_1_29' title="bbox 246 1993 912 2035; baseline 0 -11"><span class='ocrx_word' id='word_1_247' title='bbox 246 1995 287 2026; x_wconf 86' lang='lat' dir='ltr'><strong>Se</strong></span> <span class='ocrx_word' id='word_1_248' title='bbox 300 1996 461 2026; x_wconf 72' lang='lat' dir='ltr'><strong>tenuisset.</strong></span> <span class='ocrx_word' id='word_1_249' title='bbox 500 1993 556 2025; x_wconf 83' lang='lat' dir='ltr'><strong>Sic</strong></span> <span class='ocrx_word' id='word_1_250' title='bbox 573 1994 671 2025; x_wconf 87' lang='lat' dir='ltr'><strong>codd.</strong></span> <span class='ocrx_word' id='word_1_251' title='bbox 682 1998 715 2024; x_wconf 76' lang='lat' dir='ltr'><strong>et</strong></span> <span class='ocrx_word' id='word_1_252' title='bbox 730 1994 804 2025; x_wconf 84' lang='lat' dir='ltr'><strong>edd.</strong></span> <span class='ocrx_word' id='word_1_253' title='bbox 820 2005 912 2035; x_wconf 80' lang='lat' dir='ltr'><strong>quae-</strong></span> 
     </span>
     <span class='ocr_line' id='line_1_30' title="bbox 197 2038 912 2079; baseline 0.001 -11"><span class='ocrx_word' id='word_1_254' title='bbox 197 2038 274 2069; x_wconf 84' lang='lat' dir='ltr'><strong>dam</strong></span> <span class='ocrx_word' id='word_1_255' title='bbox 290 2043 356 2069; x_wconf 84' lang='lat' dir='ltr'><strong>vet.</strong></span> <span class='ocrx_word' id='word_1_256' title='bbox 381 2044 418 2069; x_wconf 88' lang='lat' dir='ltr'><strong>ut</strong></span> <span class='ocrx_word' id='word_1_257' title='bbox 440 2039 531 2079; x_wconf 90' lang='lat' dir='ltr'><strong>apud</strong></span> <span class='ocrx_word' id='word_1_258' title='bbox 549 2038 685 2070; x_wconf 79' lang='lat' dir='ltr'><strong>Livium</strong></span> <span class='ocrx_word' id='word_1_259' title='bbox 711 2038 912 2079; x_wconf 81' lang='lat' dir='ltr'><strong>frequenter.</strong></span> 
     </span>
     <span class='ocr_line' id='line_1_31' title="bbox 201 2082 591 2122; baseline -0.005 -8"><span class='ocrx_word' id='word_1_260' title='bbox 201 2082 314 2122; x_wconf 87' lang='lat' dir='ltr'><strong>Vulgo</strong></span> <span class='ocrx_word' id='word_1_261' title='bbox 327 2092 360 2113; x_wconf 80' lang='lat' dir='ltr'><strong>se</strong></span> <span class='ocrx_word' id='word_1_262' title='bbox 374 2085 591 2115; x_wconf 66' lang='lat' dir='ltr'><strong>continuisset.</strong></span> 
     </span>
    </p>

    <p class='ocr_par' dir='ltr' id='par_1_28' title="bbox 194 2126 912 2466">
     <span class='ocr_line' id='line_1_32' title="bbox 245 2126 912 2168; baseline 0 -11"><span class='ocrx_word' id='word_1_263' title='bbox 245 2128 310 2161; x_wconf 68' lang='lat' dir='ltr'><strong>Qui</strong></span> <span class='ocrx_word' id='word_1_264' title='bbox 323 2137 424 2158; x_wconf 75' lang='lat' dir='ltr'><strong>suum</strong></span> <span class='ocrx_word' id='word_1_265' title='bbox 433 2144 477 2149; x_wconf 92' lang='lat'><strong>—</strong></span> <span class='ocrx_word' id='word_1_266' title='bbox 489 2127 686 2168; x_wconf 52' lang='lat' dir='ltr'><strong>conferrent.</strong></span> <span class='ocrx_word' id='word_1_267' title='bbox 731 2126 912 2158; x_wconf 85' lang='lat' dir='ltr'><strong>Simulatio</strong></span> 
     </span>
     <span class='ocr_line' id='line_1_33' title="bbox 197 2169 909 2202; baseline 0 -1"><span class='ocrx_word' id='word_1_268' title='bbox 197 2169 245 2201; x_wconf 88' lang='lat' dir='ltr'><strong>rei</strong></span> <span class='ocrx_word' id='word_1_269' title='bbox 261 2170 488 2202; x_wconf 78' lang='lat' dir='ltr'><strong>frumentariae</strong></span> <span class='ocrx_word' id='word_1_270' title='bbox 505 2177 555 2201; x_wconf 84' lang='lat' dir='ltr'><strong>est</strong></span> <span class='ocrx_word' id='word_1_271' title='bbox 572 2170 746 2202; x_wconf 82' lang='lat' dir='ltr'><strong>simulatio</strong></span> <span class='ocrx_word' id='word_1_272' title='bbox 766 2181 856 2202; x_wconf 74' lang='lat' dir='ltr'><strong>curae</strong></span> <span class='ocrx_word' id='word_1_273' title='bbox 871 2181 909 2201; x_wconf 84' lang='lat' dir='ltr'><strong>ac</strong></span> 
     </span>
     <span class='ocr_line' id='line_1_34' title="bbox 195 2213 912 2256; baseline 0.003 -12"><span class='ocrx_word' id='word_1_274' title='bbox 195 2213 339 2253; x_wconf 85' lang='lat' dir='ltr'><strong>timoris,</strong></span> <span class='ocrx_word' id='word_1_275' title='bbox 352 2225 395 2246; x_wconf 87' lang='lat' dir='ltr'><strong>ne</strong></span> <span class='ocrx_word' id='word_1_276' title='bbox 410 2215 615 2246; x_wconf 79' lang='lat' dir='ltr'><strong>frumentum</strong></span> <span class='ocrx_word' id='word_1_277' title='bbox 628 2225 696 2246; x_wconf 84' lang='lat' dir='ltr'><strong>non</strong></span> <span class='ocrx_word' id='word_1_278' title='bbox 709 2215 819 2256; x_wconf 81' lang='lat' dir='ltr'><strong>possit</strong></span> <span class='ocrx_word' id='word_1_279' title='bbox 831 2226 867 2245; x_wconf 82' lang='lat' dir='ltr'><strong>su</strong></span> <span class='ocrx_word' id='word_1_280' title='bbox 874 2226 912 2255; x_wconf 90' lang='lat' dir='ltr'><strong>p-</strong></span> 
     </span>
     <span class='ocr_line' id='line_1_35' title="bbox 196 2258 911 2298; baseline 0.001 -9"><span class='ocrx_word' id='word_1_281' title='bbox 196 2258 344 2298; x_wconf 84' lang='lat' dir='ltr'><strong>portari:</strong></span> <span class='ocrx_word' id='word_1_282' title='bbox 374 2258 420 2290; x_wconf 80' lang='lat' dir='ltr'><strong>cf.</strong></span> <span class='ocrx_word' id='word_1_283' title='bbox 443 2269 476 2289; x_wconf 91' lang='grc'><strong>0.</strong></span> <span class='ocrx_word' id='word_1_284' title='bbox 502 2260 560 2291; x_wconf 84' lang='lat'><strong>39:</strong></span> <span class='ocrx_word' id='word_1_285' title='bbox 590 2266 622 2290; x_wconf 91' lang='lat' dir='ltr'><strong>et</strong></span> <span class='ocrx_word' id='word_1_286' title='bbox 646 2259 804 2290; x_wconf 74' lang='lat' dir='ltr'><strong>timorem</strong></span> <span class='ocrx_word' id='word_1_287' title='bbox 828 2269 911 2290; x_wconf 91' lang='lat' dir='ltr'><strong>con-</strong></span> 
     </span>
     <span class='ocr_line' id='line_1_36' title="bbox 195 2302 912 2341; baseline 0.001 -9"><span class='ocrx_word' id='word_1_288' title='bbox 195 2302 278 2333; x_wconf 87' lang='lat' dir='ltr'><strong>serre</strong></span> <span class='ocrx_word' id='word_1_289' title='bbox 292 2302 325 2333; x_wconf 89' lang='lat' dir='ltr'><strong>in</strong></span> <span class='ocrx_word' id='word_1_290' title='bbox 341 2302 597 2335; x_wconf 78' lang='lat' dir='ltr'><strong>simulationem</strong></span> <span class='ocrx_word' id='word_1_291' title='bbox 611 2302 658 2334; x_wconf 81' lang='grc' dir='ltr'><strong>1·οἰ</strong></span> <span class='ocrx_word' id='word_1_292' title='bbox 669 2310 731 2337; x_wconf 74' lang='lat' dir='ltr'><strong>est,</strong></span> <span class='ocrx_word' id='word_1_293' title='bbox 741 2303 912 2341; x_wconf 79' lang='lat' dir='ltr'><strong>simulare,</strong></span> 
     </span>
     <span class='ocr_line' id='line_1_37' title="bbox 196 2345 911 2378; baseline 0.003 -2"><span class='ocrx_word' id='word_1_294' title='bbox 196 2345 355 2378; x_wconf 87' lang='lat' dir='ltr'><strong>timorem</strong></span> <span class='ocrx_word' id='word_1_295' title='bbox 378 2346 464 2378; x_wconf 85' lang='lat' dir='ltr'><strong>oriri·</strong></span> <span class='ocrx_word' id='word_1_296' title='bbox 484 2358 524 2378; x_wconf 78' lang='lat' dir='ltr'><strong>ex</strong></span> <span class='ocrx_word' id='word_1_297' title='bbox 540 2358 587 2378; x_wconf 89' lang='lat' dir='ltr'><strong>re.</strong></span> <span class='ocrx_word' id='word_1_298' title='bbox 614 2348 664 2378; x_wconf 84' lang='lat' dir='ltr'><strong>M.</strong></span> <span class='ocrx_word' id='word_1_299' title='bbox 712 2347 853 2378; x_wconf 64' lang='lat' dir='ltr'><strong>Ursinus</strong></span> <span class='ocrx_word' id='word_1_300' title='bbox 879 2354 911 2378; x_wconf 86' lang='lat' dir='ltr'><strong>et</strong></span> 
     </span>
     <span class='ocr_line' id='line_1_38' title="bbox 197 2389 912 2433; baseline 0.003 -13"><span class='ocrx_word' id='word_1_301' title='bbox 197 2389 360 2422; x_wconf 85' lang='lat' dir='ltr'><strong>Ciaccon.</strong></span> <span class='ocrx_word' id='word_1_302' title='bbox 374 2397 510 2430; x_wconf 83' lang='lat' dir='ltr'><strong>temere,</strong></span> <span class='ocrx_word' id='word_1_303' title='bbox 532 2394 590 2433; x_wconf 78' lang='lat' dir='ltr'><strong>que&#39;</strong></span> <span class='ocrx_word' id='word_1_304' title='bbox 603 2393 657 2423; x_wconf 77' lang='lat' dir='ltr'><strong>sui</strong></span> <span class='ocrx_word' id='word_1_305' title='bbox 672 2393 795 2424; x_wconf 74' lang='lat' dir='ltr'><strong>timoris</strong></span> <span class='ocrx_word' id='word_1_306' title='bbox 809 2393 912 2422; x_wconf 74' lang='lat' dir='ltr'><strong>simu-</strong></span> 
     </span>
     <span class='ocr_line' id='line_1_39' title="bbox 194 2434 360 2466; baseline -0.006 -2"><span class='ocrx_word' id='word_1_307' title='bbox 194 2434 360 2466; x_wconf 70' lang='lat' dir='ltr'><strong>lationem.</strong></span> 
     </span>
    </p>

    <p class='ocr_par' dir='ltr' id='par_1_29' title="bbox 195 2478 914 2555">
     <span class='ocr_line' id='line_1_40' title="bbox 243 2478 914 2520; baseline 0.001 -11"><span class='ocrx_word' id='word_1_308' title='bbox 243 2479 468 2511; x_wconf 59' lang='lat' dir='ltr'><strong>Praescribere.</strong></span> <span class='ocrx_word' id='word_1_309' title='bbox 515 2478 629 2520; x_wconf 85' lang='lat' dir='ltr'><strong>Vulgo</strong></span> <span class='ocrx_word' id='word_1_310' title='bbox 652 2478 861 2520; x_wconf 80' lang='lat' dir='ltr'><strong>praemittunt</strong></span> <span class='ocrx_word' id='word_1_311' title='bbox 884 2481 914 2510; x_wconf 66' lang='lat' dir='ltr'><strong>ec*</strong></span> 
     </span>
     <span class='ocr_line' id='line_1_41' title="bbox 195 2523 684 2555; baseline 0.002 -3"><span class='ocrx_word' id='word_1_312' title='bbox 195 2528 311 2553; x_wconf 85' lang='lat' dir='ltr'><strong>contra</strong></span> <span class='ocrx_word' id='word_1_313' title='bbox 327 2523 426 2553; x_wconf 90' lang='lat' dir='ltr'><strong>codd.</strong></span> <span class='ocrx_word' id='word_1_314' title='bbox 442 2529 475 2554; x_wconf 88' lang='grc'><strong>01</strong></span> <span class='ocrx_word' id='word_1_315' title='bbox 489 2525 565 2554; x_wconf 86' lang='lat' dir='ltr'><strong>edd.</strong></span> <span class='ocrx_word' id='word_1_316' title='bbox 581 2530 684 2555; x_wconf 77' lang='lat' dir='ltr'><strong>veter.</strong></span> 
     </span>
    </p>

    <p class='ocr_par' dir='ltr' id='par_1_30' title="bbox 196 2565 912 2652">
     <span class='ocr_line' id='line_1_42' title="bbox 245 2565 912 2608; baseline 0.003 -12"><span class='ocrx_word' id='word_1_317' title='bbox 245 2565 378 2598; x_wconf 57' lang='lat' dir='ltr'><strong>Leucae.</strong></span> <span class='ocrx_word' id='word_1_318' title='bbox 410 2566 565 2608; x_wconf 83' lang='lat' dir='ltr'><strong>Belgiam</strong></span> <span class='ocrx_word' id='word_1_319' title='bbox 580 2568 750 2599; x_wconf 86' lang='lat' dir='ltr'><strong>Gallicam</strong></span> <span class='ocrx_word' id='word_1_320' title='bbox 774 2566 912 2598; x_wconf 86' lang='lat' dir='ltr'><strong>inhabi-</strong></span> 
     </span>
     <span class='ocr_line' id='line_1_43' title="bbox 196 2609 765 2652; baseline 0.004 -12"><span class='ocrx_word' id='word_1_321' title='bbox 196 2614 319 2646; x_wconf 75' lang='lat' dir='ltr'><strong>tarunt,</strong></span> <span class='ocrx_word' id='word_1_322' title='bbox 334 2609 441 2641; x_wconf 86' lang='lat' dir='ltr'><strong>vicini</strong></span> <span class='ocrx_word' id='word_1_323' title='bbox 460 2610 689 2652; x_wconf 81' lang='lat' dir='ltr'><strong>Lingonibus.</strong></span> <span class='ocrx_word' id='word_1_324' title='bbox 714 2612 765 2642; x_wconf 89' lang='lat' dir='ltr'><strong>M.</strong></span> 
     </span>
    </p>

    <p class='ocr_par' dir='ltr' id='par_1_31' title="bbox 194 2654 910 2874">
     <span class='ocr_line' id='line_1_44' title="bbox 241 2654 909 2687; baseline 0.003 -3"><span class='ocrx_word' id='word_1_325' title='bbox 241 2655 374 2685; x_wconf 73' lang='lat' dir='ltr'><strong>lllilites.</strong></span> <span class='ocrx_word' id='word_1_326' title='bbox 420 2654 523 2686; x_wconf 86' lang='lat' dir='ltr'><strong>Abest</strong></span> <span class='ocrx_word' id='word_1_327' title='bbox 538 2666 557 2686; x_wconf 89' lang='lat' dir='ltr'><strong>a</strong></span> <span class='ocrx_word' id='word_1_328' title='bbox 573 2655 671 2685; x_wconf 79' lang='lat' dir='ltr'><strong>MSS.</strong></span> <span class='ocrx_word' id='word_1_329' title='bbox 718 2654 861 2686; x_wconf 86' lang='lat' dir='ltr'><strong>Additur</strong></span> <span class='ocrx_word' id='word_1_330' title='bbox 875 2655 909 2687; x_wconf 92' lang='lat' dir='ltr'><strong>in</strong></span> 
     </span>
     <span class='ocr_line' id='line_1_45' title="bbox 195 2697 909 2739; baseline 0.003 -11"><span class='ocrx_word' id='word_1_331' title='bbox 195 2698 271 2728; x_wconf 88' lang='lat' dir='ltr'><strong>edd.</strong></span> <span class='ocrx_word' id='word_1_332' title='bbox 333 2697 396 2729; x_wconf 77' lang='lat' dir='ltr'><strong>Sed</strong></span> <span class='ocrx_word' id='word_1_333' title='bbox 412 2697 608 2739; x_wconf 78' lang='lat' dir='ltr'><strong>explicandi</strong></span> <span class='ocrx_word' id='word_1_334' title='bbox 634 2709 736 2730; x_wconf 82' lang='lat' dir='ltr'><strong>causa</strong></span> <span class='ocrx_word' id='word_1_335' title='bbox 755 2699 909 2731; x_wconf 83' lang='lat' dir='ltr'><strong>additum</strong></span> 
     </span>
     <span class='ocr_line' id='line_1_46' title="bbox 194 2742 910 2775; baseline 0.006 -4"><span class='ocrx_word' id='word_1_336' title='bbox 194 2748 244 2773; x_wconf 87' lang='lat' dir='ltr'><strong>est</strong></span> <span class='ocrx_word' id='word_1_337' title='bbox 267 2753 287 2773; x_wconf 88' lang='lat' dir='ltr'><strong>a</strong></span> <span class='ocrx_word' id='word_1_338' title='bbox 308 2742 497 2774; x_wconf 83' lang='lat' dir='ltr'><strong>lectoribus</strong></span> <span class='ocrx_word' id='word_1_339' title='bbox 520 2749 577 2774; x_wconf 82' lang='lat' dir='ltr'><strong>aut</strong></span> <span class='ocrx_word' id='word_1_340' title='bbox 602 2742 764 2774; x_wconf 69' lang='grc'>1111131118.</span> <span class='ocrx_word' id='word_1_341' title='bbox 810 2742 863 2774; x_wconf 88' lang='lat' dir='ltr'><strong>Cf.</strong></span> <span class='ocrx_word' id='word_1_342' title='bbox 878 2755 910 2775; x_wconf 90' lang='grc'><strong>0.</strong></span> 
     </span>
     <span class='ocr_line' id='line_1_47' title="bbox 197 2787 910 2820; baseline 0.006 -4"><span class='ocrx_word' id='word_1_343' title='bbox 197 2787 238 2816; x_wconf 83' lang='grc'><strong>39</strong></span> <span class='ocrx_word' id='word_1_344' title='bbox 253 2792 338 2818; x_wconf 76' lang='lat' dir='ltr'><strong>extr.</strong></span> <span class='ocrx_word' id='word_1_345' title='bbox 354 2787 416 2818; x_wconf 91' lang='lat' dir='ltr'><strong>ubi</strong></span> <span class='ocrx_word' id='word_1_346' title='bbox 431 2798 483 2818; x_wconf 82' lang='lat' dir='ltr'><strong>res</strong></span> <span class='ocrx_word' id='word_1_347' title='bbox 498 2793 625 2818; x_wconf 77' lang='lat' dir='ltr'><strong>nairata</strong></span> <span class='ocrx_word' id='word_1_348' title='bbox 642 2793 703 2818; x_wconf 88' lang='lat' dir='ltr'><strong>est.</strong></span> <span class='ocrx_word' id='word_1_349' title='bbox 729 2787 779 2818; x_wconf 88' lang='lat' dir='ltr'><strong>M.</strong></span> <span class='ocrx_word' id='word_1_350' title='bbox 819 2787 910 2820; x_wconf 85' lang='lat' dir='ltr'><strong>Grae-</strong></span> 
     </span>
     <span class='ocr_line' id='line_1_48' title="bbox 195 2830 781 2874; baseline 0 -14"><span class='ocrx_word' id='word_1_351' title='bbox 195 2839 256 2860; x_wconf 86' lang='lat' dir='ltr'><strong>cus</strong></span> <span class='ocrx_word' id='word_1_352' title='bbox 271 2830 376 2862; x_wconf 82' lang='lat' dir='ltr'><strong>etiam</strong></span> <span class='ocrx_word' id='word_1_353' title='bbox 393 2831 495 2862; x_wconf 78' lang='lat' dir='ltr'><strong>habet</strong></span> <span class='ocrx_word' id='word_1_354' title='bbox 511 2830 567 2861; x_wconf 61' lang='grc' dir='ltr'><strong>τῶν</strong></span> <span class='ocrx_word' id='word_1_355' title='bbox 582 2831 781 2874; x_wconf 55' lang='grc' dir='ltr'><strong>στρατιωτῶν.</strong></span> 
     </span>
    </p>

    <p class='ocr_par' dir='ltr' id='par_1_32' title="bbox 195 2875 907 2960">
     <span class='ocr_line' id='line_1_49' title="bbox 243 2875 907 2918; baseline 0.005 -13"><span class='ocrx_word' id='word_1_356' title='bbox 243 2875 472 2917; x_wconf 74' lang='lat' dir='ltr'><strong>C&#39;onjunccam.</strong></span> <span class='ocrx_word' id='word_1_357' title='bbox 521 2875 576 2906; x_wconf 84' lang='lat' dir='ltr'><strong>Sic</strong></span> <span class='ocrx_word' id='word_1_358' title='bbox 594 2875 749 2906; x_wconf 85' lang='lat' dir='ltr'><strong>Oudend.</strong></span> <span class='ocrx_word' id='word_1_359' title='bbox 773 2877 907 2918; x_wconf 15' lang='lat' dir='ltr'><strong>effcodd.</strong></span> 
     </span>
     <span class='ocr_line' id='line_1_50' title="bbox 195 2917 872 2960; baseline 0.006 -12"><span class='ocrx_word' id='word_1_360' title='bbox 195 2917 266 2949; x_wconf 84' lang='lat' dir='ltr'><strong>Alii</strong></span> <span class='ocrx_word' id='word_1_361' title='bbox 281 2921 471 2958; x_wconf 68' lang='lat' dir='ltr'><strong>convictam,</strong></span> <span class='ocrx_word' id='word_1_362' title='bbox 485 2921 577 2960; x_wconf 85' lang='lat' dir='ltr'><strong>quod</strong></span> <span class='ocrx_word' id='word_1_363' title='bbox 595 2919 689 2960; x_wconf 78' lang='lat' dir='ltr'><strong>prius</strong></span> <span class='ocrx_word' id='word_1_364' title='bbox 703 2918 872 2952; x_wconf 86' lang='lat' dir='ltr'><strong>amiserat.</strong></span> 
     </span>
    </p>

    <p class='ocr_par' dir='ltr' id='par_1_33' title="bbox 241 2963 906 3007">
     <span class='ocr_line' id='line_1_51' title="bbox 241 2963 906 3007; baseline 0.005 -13"><span class='ocrx_word' id='word_1_365' title='bbox 241 2963 358 2997; x_wconf 78' lang='lat' dir='ltr'><strong>Innoc.</strong></span> <span class='ocrx_word' id='word_1_366' title='bbox 371 2975 464 3006; x_wconf 71' lang='lat' dir='ltr'><strong>perp.</strong></span> <span class='ocrx_word' id='word_1_367' title='bbox 480 2966 560 3003; x_wconf 75' lang='lat' dir='ltr'><strong>vita,</strong></span> <span class='ocrx_word' id='word_1_368' title='bbox 581 2970 648 2996; x_wconf 85' lang='lat' dir='ltr'><strong>etc.</strong></span> <span class='ocrx_word' id='word_1_369' title='bbox 694 2964 840 3007; x_wconf 85' lang='lat' dir='ltr'><strong>Egregie</strong></span> <span class='ocrx_word' id='word_1_370' title='bbox 856 2965 906 2997; x_wconf 88' lang='lat' dir='ltr'><strong>sic</strong></span> 
     </span>
    </p>
   </div>
   <div class='ocr_carea' id='block_1_4' title="bbox 968 1992 1690 3004">
    <p class='ocr_par' dir='ltr' id='par_1_34' title="bbox 972 1992 1690 2122">
     <span class='ocr_line' id='line_1_52' title="bbox 976 1992 1689 2035; baseline 0.001 -10"><span class='ocrx_word' id='word_1_371' title='bbox 976 1993 1053 2025; x_wconf 77' lang='lat' dir='ltr'><strong>Ald.</strong></span> <span class='ocrx_word' id='word_1_372' title='bbox 1069 1992 1258 2033; x_wconf 84' lang='lat' dir='ltr'><strong>Manutius,</strong></span> <span class='ocrx_word' id='word_1_373' title='bbox 1283 1993 1377 2035; x_wconf 87' lang='lat' dir='ltr'><strong>prius</strong></span> <span class='ocrx_word' id='word_1_374' title='bbox 1393 1993 1568 2035; x_wconf 71' lang='lat' dir='ltr'><strong>legebatur</strong></span> <span class='ocrx_word' id='word_1_375' title='bbox 1581 1996 1689 2026; x_wconf 74' lang='lat' dir='ltr'><strong>innoc.</strong></span> 
     </span>
     <span class='ocr_line' id='line_1_53' title="bbox 972 2038 1690 2080; baseline 0.003 -11"><span class='ocrx_word' id='word_1_376' title='bbox 972 2044 1131 2080; x_wconf 72' lang='lat' dir='ltr'><strong>pmpetna</strong></span> <span class='ocrx_word' id='word_1_377' title='bbox 1154 2041 1230 2070; x_wconf 72' lang='lat' dir='ltr'><strong>ritoe</strong></span> <span class='ocrx_word' id='word_1_378' title='bbox 1247 2038 1400 2079; x_wconf 75' lang='lat' dir='ltr'><strong>felicitate</strong></span> <span class='ocrx_word' id='word_1_379' title='bbox 1421 2039 1474 2069; x_wconf 85' lang='lat' dir='ltr'><strong>vel</strong></span> <span class='ocrx_word' id='word_1_380' title='bbox 1494 2045 1690 2080; x_wconf 74' lang='lat' dir='ltr'><strong>perpetuam</strong></span> 
     </span>
     <span class='ocr_line' id='line_1_54' title="bbox 973 2083 1254 2122; baseline -0.004 -9"><span class='ocrx_word' id='word_1_381' title='bbox 973 2083 1254 2122; x_wconf 69' lang='lat' dir='ltr'><strong>rieoefhlicitatem.</strong></span> 
     </span>
    </p>

    <p class='ocr_par' dir='ltr' id='par_1_35' title="bbox 1021 2126 1689 2159">
     <span class='ocr_line' id='line_1_55' title="bbox 1021 2126 1689 2159; baseline -0.001 -1"><span class='ocrx_word' id='word_1_382' title='bbox 1021 2128 1247 2158; x_wconf 72' lang='lat' dir='ltr'><strong>Helvetiorum</strong></span> <span class='ocrx_word' id='word_1_383' title='bbox 1261 2126 1352 2159; x_wconf 73' lang='lat' dir='ltr'><strong>hello.</strong></span> <span class='ocrx_word' id='word_1_384' title='bbox 1390 2126 1491 2158; x_wconf 77' lang='lat' dir='ltr'><strong>Conf.</strong></span> <span class='ocrx_word' id='word_1_385' title='bbox 1509 2138 1541 2157; x_wconf 93' lang='lat' dir='ltr'><strong>c.</strong></span> <span class='ocrx_word' id='word_1_386' title='bbox 1557 2128 1612 2157; x_wconf 73' lang='lat'><strong>27.</strong></span> <span class='ocrx_word' id='word_1_387' title='bbox 1639 2127 1689 2158; x_wconf 86' lang='lat' dir='ltr'><strong>M.</strong></span> 
     </span>
    </p>

    <p class='ocr_par' dir='ltr' id='par_1_36' title="bbox 972 2170 1690 2291">
     <span class='ocr_line' id='line_1_56' title="bbox 1024 2170 1690 2211; baseline 0 -10"><span class='ocrx_word' id='word_1_388' title='bbox 1024 2172 1233 2203; x_wconf 73' lang='lat' dir='ltr'><strong>Conlatums.</strong></span> <span class='ocrx_word' id='word_1_389' title='bbox 1257 2170 1434 2206; x_wconf 77' lang='lat' dir='ltr'><strong>dilaturus,</strong></span> <span class='ocrx_word' id='word_1_390' title='bbox 1456 2178 1491 2202; x_wconf 91' lang='lat' dir='ltr'><strong>ut</strong></span> <span class='ocrx_word' id='word_1_391' title='bbox 1507 2172 1598 2211; x_wconf 87' lang='lat' dir='ltr'><strong>apud</strong></span> <span class='ocrx_word' id='word_1_392' title='bbox 1614 2171 1690 2201; x_wconf 87' lang='lat' dir='ltr'><strong>Cic.</strong></span> 
     </span>
     <span class='ocr_line' id='line_1_57' title="bbox 972 2214 1690 2257; baseline 0 -11"><span class='ocrx_word' id='word_1_393' title='bbox 972 2215 1014 2246; x_wconf 85' lang='lat' dir='ltr'><strong>ad</strong></span> <span class='ocrx_word' id='word_1_394' title='bbox 1031 2214 1110 2245; x_wconf 85' lang='lat' dir='ltr'><strong>Div.</strong></span> <span class='ocrx_word' id='word_1_395' title='bbox 1130 2215 1180 2251; x_wconf 82' lang='lat'><strong>11,</strong></span> <span class='ocrx_word' id='word_1_396' title='bbox 1201 2217 1251 2246; x_wconf 85' lang='lat'><strong>13.</strong></span> <span class='ocrx_word' id='word_1_397' title='bbox 1273 2217 1309 2246; x_wconf 82' lang='lat' dir='ltr'><strong>in</strong></span> <span class='ocrx_word' id='word_1_398' title='bbox 1327 2220 1497 2257; x_wconf 74' lang='lat' dir='ltr'><strong>posterum</strong></span> <span class='ocrx_word' id='word_1_399' title='bbox 1521 2216 1606 2247; x_wconf 81' lang='lat' dir='ltr'><strong>diem</strong></span> <span class='ocrx_word' id='word_1_400' title='bbox 1628 2218 1690 2248; x_wconf 74' lang='lat' dir='ltr'><strong>iter</strong></span> 
     </span>
     <span class='ocr_line' id='line_1_58' title="bbox 972 2260 1232 2291; baseline -0.008 0"><span class='ocrx_word' id='word_1_401' title='bbox 972 2269 1073 2291; x_wconf 77' lang='lat' dir='ltr'><strong>suum</strong></span> <span class='ocrx_word' id='word_1_402' title='bbox 1087 2260 1232 2290; x_wconf 74' lang='lat' dir='ltr'><strong>contulit.</strong></span> 
     </span>
    </p>

    <p class='ocr_par' dir='ltr' id='par_1_37' title="bbox 971 2302 1689 2644">
     <span class='ocr_line' id='line_1_59' title="bbox 1021 2302 1689 2343; baseline 0 -9"><span class='ocrx_word' id='word_1_403' title='bbox 1021 2304 1122 2334; x_wconf 74' lang='lat' dir='ltr'><strong>Esset.</strong></span> <span class='ocrx_word' id='word_1_404' title='bbox 1170 2303 1289 2334; x_wconf 83' lang='lat' dir='ltr'><strong>Immo.</strong></span> <span class='ocrx_word' id='word_1_405' title='bbox 1319 2302 1446 2343; x_wconf 68' lang='lat' dir='ltr'><strong>fuisset,</strong></span> <span class='ocrx_word' id='word_1_406' title='bbox 1478 2314 1496 2334; x_wconf 91' lang='lat' dir='ltr'><strong>e</strong></span> <span class='ocrx_word' id='word_1_407' title='bbox 1526 2303 1625 2334; x_wconf 89' lang='lat' dir='ltr'><strong>codd.</strong></span> <span class='ocrx_word' id='word_1_408' title='bbox 1656 2309 1689 2334; x_wconf 83' lang='lat' dir='ltr'><strong>et</strong></span> 
     </span>
     <span class='ocr_line' id='line_1_60' title="bbox 971 2346 1687 2388; baseline 0.001 -11"><span class='ocrx_word' id='word_1_409' title='bbox 971 2347 1048 2377; x_wconf 86' lang='lat' dir='ltr'><strong>edd.</strong></span> <span class='ocrx_word' id='word_1_410' title='bbox 1071 2346 1297 2388; x_wconf 82' lang='lat' dir='ltr'><strong>quibusdam:</strong></span> <span class='ocrx_word' id='word_1_411' title='bbox 1335 2358 1401 2378; x_wconf 67' lang='lat' dir='ltr'><strong>iras</strong></span> <span class='ocrx_word' id='word_1_412' title='bbox 1424 2358 1460 2378; x_wconf 83' lang='lat' dir='ltr'><strong>er</strong></span> <span class='ocrx_word' id='word_1_413' title='bbox 1482 2348 1596 2379; x_wconf 65' lang='lat' dir='ltr'><strong>wilrde</strong></span> <span class='ocrx_word' id='word_1_414' title='bbox 1617 2358 1687 2378; x_wconf 71' lang='lat' dir='ltr'><strong>rer-</strong></span> 
     </span>
     <span class='ocr_line' id='line_1_61' title="bbox 973 2390 1687 2423; baseline -0.003 -1"><span class='ocrx_word' id='word_1_415' title='bbox 973 2391 1105 2422; x_wconf 70' lang='lat' dir='ltr'><strong>sclzoben</strong></span> <span class='ocrx_word' id='word_1_416' title='bbox 1143 2393 1261 2423; x_wconf 79' lang='lat' dir='ltr'><strong>haben.</strong></span> <span class='ocrx_word' id='word_1_417' title='bbox 1285 2407 1388 2413; x_wconf 79' lang='lat'><strong>—--</strong></span> <span class='ocrx_word' id='word_1_418' title='bbox 1407 2390 1563 2423; x_wconf 81' lang='lat' dir='ltr'><strong>Ceterum</strong></span> <span class='ocrx_word' id='word_1_419' title='bbox 1601 2391 1687 2421; x_wconf 89' lang='grc'>113110</span> 
     </span>
     <span class='ocr_line' id='line_1_62' title="bbox 974 2434 1687 2475; baseline -0.003 -9"><span class='ocrx_word' id='word_1_420' title='bbox 974 2435 1163 2466; x_wconf 75' lang='lat' dir='ltr'><strong>orationem</strong></span> <span class='ocrx_word' id='word_1_421' title='bbox 1193 2435 1335 2466; x_wconf 76' lang='lat' dir='ltr'><strong>Caesaris</strong></span> <span class='ocrx_word' id='word_1_422' title='bbox 1367 2434 1483 2475; x_wconf 78' lang='lat' dir='ltr'><strong>attigit</strong></span> <span class='ocrx_word' id='word_1_423' title='bbox 1515 2434 1687 2466; x_wconf 78' lang='lat' dir='ltr'><strong>Plutarch.</strong></span> 
     </span>
     <span class='ocr_line' id='line_1_63' title="bbox 976 2478 1687 2520; baseline -0.001 -11"><span class='ocrx_word' id='word_1_424' title='bbox 976 2478 1011 2510; x_wconf 89' lang='grc'><strong>111</strong></span> <span class='ocrx_word' id='word_1_425' title='bbox 1028 2480 1098 2520; x_wconf 79' lang='lat' dir='ltr'><strong>ejus</strong></span> <span class='ocrx_word' id='word_1_426' title='bbox 1114 2478 1196 2518; x_wconf 79' lang='lat' dir='ltr'><strong>vita,</strong></span> <span class='ocrx_word' id='word_1_427' title='bbox 1211 2490 1242 2511; x_wconf 92' lang='grc'><strong>0.</strong></span> <span class='ocrx_word' id='word_1_428' title='bbox 1263 2481 1312 2511; x_wconf 87' lang='grc'><strong>19.</strong></span> <span class='ocrx_word' id='word_1_429' title='bbox 1359 2479 1486 2517; x_wconf 81' lang='lat' dir='ltr'><strong>Aliam,</strong></span> <span class='ocrx_word' id='word_1_430' title='bbox 1501 2490 1542 2509; x_wconf 73' lang='lat' dir='ltr'><strong>ex</strong></span> <span class='ocrx_word' id='word_1_431' title='bbox 1556 2490 1616 2509; x_wconf 86' lang='lat' dir='ltr'><strong>suo</strong></span> <span class='ocrx_word' id='word_1_432' title='bbox 1635 2478 1687 2509; x_wconf 91' lang='lat' dir='ltr'><strong>in-</strong></span> 
     </span>
     <span class='ocr_line' id='line_1_64' title="bbox 972 2521 1687 2565; baseline -0.001 -12"><span class='ocrx_word' id='word_1_433' title='bbox 972 2523 1074 2563; x_wconf 70' lang='lat' dir='ltr'><strong>genio</strong></span> <span class='ocrx_word' id='word_1_434' title='bbox 1106 2523 1231 2561; x_wconf 84' lang='lat' dir='ltr'><strong>fictam,</strong></span> <span class='ocrx_word' id='word_1_435' title='bbox 1261 2523 1422 2565; x_wconf 72' lang='lat' dir='ltr'><strong>scriptam</strong></span> <span class='ocrx_word' id='word_1_436' title='bbox 1453 2523 1521 2553; x_wconf 90' lang='lat' dir='ltr'><strong>Dio</strong></span> <span class='ocrx_word' id='word_1_437' title='bbox 1550 2521 1687 2553; x_wconf 78' lang='lat' dir='ltr'><strong>Cassius</strong></span> 
     </span>
     <span class='ocr_line' id='line_1_65' title="bbox 973 2565 1687 2609; baseline -0.003 -11"><span class='ocrx_word' id='word_1_438' title='bbox 973 2568 1043 2606; x_wconf 80' lang='lat'><strong>(38,</strong></span> <span class='ocrx_word' id='word_1_439' title='bbox 1059 2568 1217 2608; x_wconf 74' lang='lat'><strong>35-47),</strong></span> <span class='ocrx_word' id='word_1_440' title='bbox 1245 2574 1416 2609; x_wconf 83' lang='lat' dir='ltr'><strong>tamquam</strong></span> <span class='ocrx_word' id='word_1_441' title='bbox 1440 2578 1459 2598; x_wconf 86' lang='lat' dir='ltr'><strong>a</strong></span> <span class='ocrx_word' id='word_1_442' title='bbox 1475 2567 1606 2598; x_wconf 70' lang='lat' dir='ltr'><strong>Caesare</strong></span> <span class='ocrx_word' id='word_1_443' title='bbox 1628 2565 1687 2597; x_wconf 88' lang='grc'>113-</span> 
     </span>
     <span class='ocr_line' id='line_1_66' title="bbox 971 2611 1167 2644; baseline 0 -2"><span class='ocrx_word' id='word_1_444' title='bbox 971 2611 1091 2644; x_wconf 87' lang='lat' dir='ltr'><strong>bitam.</strong></span> <span class='ocrx_word' id='word_1_445' title='bbox 1116 2613 1167 2643; x_wconf 83' lang='lat' dir='ltr'><strong>M.</strong></span> 
     </span>
    </p>

    <p class='ocr_par' dir='ltr' id='par_1_38' title="bbox 972 2654 1688 2780">
     <span class='ocr_line' id='line_1_67' title="bbox 1021 2654 1688 2696; baseline -0.004 -9"><span class='ocrx_word' id='word_1_446' title='bbox 1021 2657 1138 2688; x_wconf 66' lang='lat' dir='ltr'><strong>Castra</strong></span> <span class='ocrx_word' id='word_1_447' title='bbox 1165 2662 1348 2687; x_wconf 63' lang='lat' dir='ltr'><strong>moturum.</strong></span> <span class='ocrx_word' id='word_1_448' title='bbox 1396 2655 1501 2686; x_wconf 74' lang='lat' dir='ltr'><strong>Vetus</strong></span> <span class='ocrx_word' id='word_1_449' title='bbox 1524 2654 1688 2696; x_wconf 80' lang='lat' dir='ltr'><strong>Bongars.</strong></span> 
     </span>
     <span class='ocr_line' id='line_1_68' title="bbox 972 2698 1687 2732; baseline -0.004 0"><span class='ocrx_word' id='word_1_450' title='bbox 972 2706 1144 2732; x_wconf 70' lang='lat' dir='ltr'><strong>moturum</strong></span> <span class='ocrx_word' id='word_1_451' title='bbox 1160 2699 1341 2731; x_wconf 82' lang='lat' dir='ltr'><strong>subaudito</strong></span> <span class='ocrx_word' id='word_1_452' title='bbox 1356 2705 1476 2730; x_wconf 62' lang='lat' dir='ltr'><strong>castra.</strong></span> <span class='ocrx_word' id='word_1_453' title='bbox 1501 2705 1536 2730; x_wconf 88' lang='lat' dir='ltr'><strong>ut</strong></span> <span class='ocrx_word' id='word_1_454' title='bbox 1558 2699 1598 2730; x_wconf 87' lang='lat' dir='ltr'><strong>B.</strong></span> <span class='ocrx_word' id='word_1_455' title='bbox 1617 2698 1687 2730; x_wconf 85' lang='lat' dir='ltr'><strong>Afr.</strong></span> 
     </span>
     <span class='ocr_line' id='line_1_69' title="bbox 972 2742 1685 2780; baseline -0.003 -5"><span class='ocrx_word' id='word_1_456' title='bbox 972 2755 1003 2775; x_wconf 89' lang='lat' dir='ltr'><strong>c.</strong></span> <span class='ocrx_word' id='word_1_457' title='bbox 1019 2746 1050 2774; x_wconf 81' lang='lat'><strong>7.</strong></span> <span class='ocrx_word' id='word_1_458' title='bbox 1091 2743 1145 2774; x_wconf 84' lang='lat' dir='ltr'><strong>Sic</strong></span> <span class='ocrx_word' id='word_1_459' title='bbox 1162 2750 1195 2774; x_wconf 77' lang='lat' dir='ltr'><strong>et</strong></span> <span class='ocrx_word' id='word_1_460' title='bbox 1208 2744 1298 2774; x_wconf 86' lang='lat' dir='ltr'><strong>Flor.</strong></span> <span class='ocrx_word' id='word_1_461' title='bbox 1313 2747 1342 2775; x_wconf 72' lang='lat'><strong>2.</strong></span> <span class='ocrx_word' id='word_1_462' title='bbox 1360 2746 1391 2780; x_wconf 83' lang='lat'><strong>8,</strong></span> <span class='ocrx_word' id='word_1_463' title='bbox 1405 2745 1437 2773; x_wconf 88' lang='grc'><strong>8.</strong></span> <span class='ocrx_word' id='word_1_464' title='bbox 1476 2742 1570 2774; x_wconf 85' lang='lat' dir='ltr'><strong>Curt.</strong></span> <span class='ocrx_word' id='word_1_465' title='bbox 1585 2747 1616 2779; x_wconf 84' lang='lat'><strong>5,</strong></span> <span class='ocrx_word' id='word_1_466' title='bbox 1635 2744 1685 2775; x_wconf 79' lang='lat'><strong>13.</strong></span> 
     </span>
    </p>

    <p class='ocr_par' dir='ltr' id='par_1_39' title="bbox 973 2786 1687 2907">
     <span class='ocr_line' id='line_1_70' title="bbox 1024 2786 1687 2827; baseline 0 -9"><span class='ocrx_word' id='word_1_467' title='bbox 1024 2789 1162 2820; x_wconf 77' lang='lat' dir='ltr'><strong>t&#39;aleret.</strong></span> <span class='ocrx_word' id='word_1_468' title='bbox 1203 2788 1316 2824; x_wconf 67' lang='lat' dir='ltr'><strong>Vulgo</strong></span> <span class='ocrx_word' id='word_1_469' title='bbox 1328 2789 1403 2827; x_wconf 69' lang='lat' dir='ltr'><strong>plus</strong></span> <span class='ocrx_word' id='word_1_470' title='bbox 1417 2788 1549 2819; x_wconf 67' lang='lat' dir='ltr'><strong>valeret.</strong></span> <span class='ocrx_word' id='word_1_471' title='bbox 1583 2786 1687 2818; x_wconf 89' lang='lat' dir='ltr'><strong>Com-</strong></span> 
     </span>
     <span class='ocr_line' id='line_1_71' title="bbox 973 2830 1686 2874; baseline -0.003 -10"><span class='ocrx_word' id='word_1_472' title='bbox 973 2833 1161 2874; x_wconf 78' lang='lat' dir='ltr'><strong>paiativum</strong></span> <span class='ocrx_word' id='word_1_473' title='bbox 1185 2830 1286 2872; x_wconf 84' lang='lat' dir='ltr'><strong>ejecit</strong></span> <span class='ocrx_word' id='word_1_474' title='bbox 1312 2831 1467 2862; x_wconf 81' lang='lat' dir='ltr'><strong>Oudend.</strong></span> <span class='ocrx_word' id='word_1_475' title='bbox 1484 2831 1686 2863; x_wconf 82' lang='lat' dir='ltr'><strong>auctoritate</strong></span> 
     </span>
     <span class='ocr_line' id='line_1_72' title="bbox 973 2876 1142 2907; baseline -0.006 0"><span class='ocrx_word' id='word_1_476' title='bbox 973 2876 1142 2907; x_wconf 87' lang='lat' dir='ltr'><strong>codicum.</strong></span> 
     </span>
    </p>

    <p class='ocr_par' dir='ltr' id='par_1_40' title="bbox 968 2919 1686 3004">
     <span class='ocr_line' id='line_1_73' title="bbox 1021 2919 1686 2958; baseline 0.002 -7"><span class='ocrx_word' id='word_1_477' title='bbox 1021 2921 1146 2952; x_wconf 79' lang='lat' dir='ltr'><strong>Tamen</strong></span> <span class='ocrx_word' id='word_1_478' title='bbox 1170 2931 1202 2951; x_wconf 81' lang='lat' dir='ltr'><strong>se</strong></span> <span class='ocrx_word' id='word_1_479' title='bbox 1227 2930 1313 2958; x_wconf 73' lang='lat' dir='ltr'><strong>cnm,</strong></span> <span class='ocrx_word' id='word_1_480' title='bbox 1336 2926 1402 2952; x_wconf 81' lang='lat' dir='ltr'><strong>etc.</strong></span> <span class='ocrx_word' id='word_1_481' title='bbox 1449 2920 1559 2952; x_wconf 86' lang='lat' dir='ltr'><strong>Paulo</strong></span> <span class='ocrx_word' id='word_1_482' title='bbox 1585 2919 1686 2952; x_wconf 87' lang='lat' dir='ltr'><strong>aliter</strong></span> 
     </span>
     <span class='ocr_line' id='line_1_74' title="bbox 968 2963 1269 3004; baseline -0.003 -8"><span class='ocrx_word' id='word_1_483' title='bbox 968 2963 1122 2998; x_wconf 80' lang='lat' dir='ltr'><strong>Frontin.</strong></span> <span class='ocrx_word' id='word_1_484' title='bbox 1143 2967 1172 3004; x_wconf 89' lang='lat' dir='ltr'><strong>l,</strong></span> <span class='ocrx_word' id='word_1_485' title='bbox 1187 2965 1220 3004; x_wconf 89' lang='lat'><strong>9,</strong></span> <span class='ocrx_word' id='word_1_486' title='bbox 1236 2966 1269 2995; x_wconf 82' lang='lat'><strong>4.</strong></span> 
     </span>
    </p>
   </div>
  </div>
 </body>
</html>
