1946 3261
251 214 340 258 212
664 214 749 258 DE
783 213 989 258 BELLO
1023 214 1319 261 GALLICO.

251 348 284 369 “
308 339 606 400 reperiuntur,
639 356 771 399 quam
792 342 868 400 qui
889 341 1090 386 dolorem
1111 344 1331 403 patienter
1359 342 1517 401 ferant.
1581 343 1733 402 Atque

252 408 284 427 ‘⁶
307 415 388 457 ego
417 399 526 443 hanc
561 401 821 444 sententiam
855 403 1105 461 probarem,
1143 405 1260 459 (nam
1297 403 1419 462 apud
1457 418 1524 446 me
1562 410 1734 446 tantum

253 467 285 486 ‘⁶
307 457 497 516 dignitas
519 462 700 518 potest,)
718 461 751 504 si
772 460 953 512 nullam,
984 471 1277 521 praeterquam
1313 461 1415 505 vitae
1446 469 1621 511 nostrae,
1648 461 1735 519 jac-

251 524 283 544 “
307 524 452 560 turam
490 518 585 562 fieri
624 519 853 570 vide1·em;
902 520 977 564 sed
1012 521 1055 564 iu
1093 522 1270 565 consilio
1317 519 1529 580 capiendo
1564 535 1739 564 omnem

250 583 282 603 “
309 575 500 621 Galliam
536 578 830 638 respiciamus,
880 596 1012 638 quam
1051 580 1107 624 ad
1148 590 1346 624 nostrum
1386 579 1598 623 auxilium
1636 593 1737 622 cou-

227 642 281 674 .“
305 635 550 680 citavimus.
613 638 744 689 Quid,
793 638 1015 682 hominum
1061 639 1236 683 milibus
1288 639 1453 683 LXXX
1504 653 1591 682 uno
1639 637 1738 681 loeo

245 701 280 721 “
303 694 562 752 interfectis,
590 697 848 757 propinquis
868 699 1280 757 consanguineisque
1300 698 1457 743 nostris
1485 696 1615 741 animi
1645 697 1740 740 fore

246 761 279 781 “
303 754 572 808 existimatis,
608 757 642 800 si
681 773 802 816 paene
839 757 882 801 in
903 757 1004 816 ipsis
1024 757 1310 802 cadaveribus
1333 756 1490 817 proelio
1510 755 1739 800 decertare

245 820 279 840 ‘⁶
304 823 519 872 cogentur
536 820 554 859 ’ἐ
587 815 740 860 Nolite
760 815 836 860 hos
857 826 1003 860 vestro
1023 817 1186 860 auxilio
1207 818 1465 876 exspoliare,
1483 815 1561 874 qui
1581 824 1735 859 vestrae

246 879 280 900 “
302 873 455 917 salutis
487 890 633 918 caussa
663 892 789 919 suum
825 876 1071 935 periculum
1105 877 1408 935 neglexerint;
1440 890 1519 918 nec
1549 873 1739 918 stultitia

247 939 280 959 “
303 947 352 975 ac
373 933 621 977 temeritate
643 945 802 986 vestra,
837 944 914 978 aut
951 935 1238 978 inbecillitate
1270 935 1415 987 animi,
1438 949 1608 979 omnem
1632 932 1737 976 Gal-

245 998 277 1018 “
302 990 404 1036 liam
421 1001 697 1051 prosternere
715 1003 760 1037 et
782 1002 1005 1053 perpetuae
1021 995 1221 1037 servituti
1244 994 1456 1037 addicere.
1509 993 1597 1045 An,
1616 991 1736 1050 quod

245 1057 278 1078 “
301 1051 357 1094 ad
386 1051 500 1095 diem
532 1068 616 1096 non
639 1063 869 1103 venerunt,
900 1053 953 1096 de
975 1070 1122 1097 eorem
1151 1053 1236 1096 fide
1258 1053 1589 1110 constantiaque
1607 1050 1736 1095 dubi-

246 1118 278 1137 “
302 1111 444 1154 tatis?
492 1111 611 1161 Quid
634 1115 771 1171 ergo?
832 1112 1053 1156 Romanos
1091 1113 1132 1155 in
1163 1113 1247 1156 illis
1284 1111 1566 1155 ulterioribus
1597 1111 1737 1154 muni-

246 1176 277 1196 “
301 1170 494 1214 tionibus
534 1171 719 1215 animine
757 1188 905 1215 caussa
944 1171 1143 1230 quotidie
1183 1172 1375 1216 exerceri
1420 1170 1623 1230 putatis?
1687 1169 1735 1212 Si

246 1228 474 1272 “illorum
510 1230 676 1274 nunciis
713 1231 960 1276 confirmari
993 1247 1077 1274 non
1112 1232 1307 1290 potestis,
1341 1230 1458 1274 omni
1480 1228 1606 1272 aditu
1660 1244 1736 1272 rae-

244 1295 276 1315 “
299 1296 455 1347 septo;
487 1287 536 1330 iis
569 1290 738 1333 utimini
774 1291 975 1339 testibus,
1013 1290 1371 1348 adpropinquare
1402 1304 1557 1332 eorum
1636 1303 1735 1331 ven·

243 1353 274 1374 “
299 1355 393 1390 tum
416 1363 426 1395 ;
458 1347 584 1404 cujus
617 1348 678 1391 rei
714 1347 867 1391 timore
890 1350 1090 1391 exterriti
1111 1349 1225 1391 diem
1248 1357 1507 1406 noctemque
1529 1347 1573 1390 in
1595 1363 1732 1406 opere

242 1413 274 1433 “
297 1414 538 1449 versantur.
605 1406 723 1456 Quid
763 1423 871 1464 ergo
911 1407 992 1449 mei
1030 1407 1192 1450 consilii
1228 1417 1293 1450 est
1311 1412 1328 1450 ’Ξ
1390 1407 1569 1457 Facere,
1608 1405 1731 1465 quod

241 1471 273 1492 ‘⁴
297 1465 434 1508 nostri
453 1465 652 1523 majores,
684 1482 959 1524 nequaquam
997 1468 1088 1525 pari
1123 1466 1241 1511 bello
1265 1466 1549 1510 Cimbrorum
1571 1465 1734 1508 Teuto-

239 1530 271 1551 “
296 1538 506 1582 numque,
529 1524 756 1573 fecerunt;
788 1526 863 1582 qui
885 1526 926 1567 in
949 1525 1115 1585 oppida
1132 1526 1427 1585 compulsi‚ac
1444 1524 1571 1568 simili
1588 1524 1733 1583 inopia

240 1590 272 1610 “
295 1583 482 1631 subacti,
505 1598 657 1626 eorum
683 1584 958 1641 corporibus,
991 1585 1067 1642 qui
1107 1594 1236 1628 :etate
1269 1584 1443 1628 inutiles
1475 1583 1532 1626 ad
1564 1583 1731 1626 bellum

240 1647 274 1669 ‘⁶
295 1639 577 1690 videbantur,
601 1642 734 1684 vitam
756 1642 1057 1685 toleraverunt
1079 1659 1219 1701 neque
1247 1661 1290 1686 se
1321 1643 1517 1686 hostibus
1544 1638 1730 1683 transdi-

240 1707 272 1728 “
297 1699 475 1742 derunt.
539 1700 677 1757 Cujus
715 1701 777 1743 rei
809 1701 842 1742 si
878 1701 1125 1759 exemplum
1156 1717 1240 1743 non
1276 1701 1547 1749 haberemus,
1587 1707 1729 1742 tamen

241 1758 515 1801 “libertatis
550 1774 699 1800 caussa
737 1759 906 1801 institui
941 1768 986 1801 et
1021 1759 1205 1817 posteris
1235 1759 1361 1817 prodi
1385 1757 1730 1818 pulcherrimum

240 1825 272 1847 “
293 1817 550 1878 judicarem.
615 1817 727 1860 Nam
749 1816 856 1875 quid
878 1817 939 1860 illi
963 1817 1097 1861 simile
1119 1817 1237 1862 bello
1258 1817 1342 1861 fuit
1362 1819 1379 1860 ?
1443 1817 1729 1877 Depopulata

295 2009 447 2041 Tamum
460 2008 556 2048 distri.
568 2013 637 2050 pol.
673 2007 701 2038 Ε
717 2007 817 2037 codd.
835 2017 950 2049 rcccp-

245 2057 317 2085 tum
346 2058 397 2085 est
424 2057 569 2090 tamum,
596 2062 656 2093 pro
681 2051 773 2093 vulg.
795 2052 951 2085 multum.

248 2098 299 2128 M.

266 2142 268 2145 ’
296 2142 553 2174 Comme-imus.
607 2141 694 2172 (lod.
727 2140 844 2172 Pcluv.
872 2151 950 2172 ron·

245 2186 396 2217 civv'mus.

295 2229 434 2262 Milibus
466 2228 618 2260 LXXX.
676 2228 743 2259 Tot
774 2228 870 2261 milia
901 2238 953 2260 sc-

246 2282 327 2305 cum
344 2272 469 2306 habuit
489 2272 755 2314 Vercingetorix.
781 2274 831 2305 Cf.
849 2285 880 2304 c.
898 2275 952 2304 71.

296 2362 507 2404 Exspoliare.
524 2360 577 2392 Sic
590 2360 679 2392 Oud.
695 2372 713 2392 c
724 2361 826 2393 codd.
842 2361 951 2403 Vulgo

243 2407 402 2448 spoliare.

299 2450 367 2482 Nec
378 2451 529 2482 stultitia.
556 2450 689 2492 Duplex
704 2450 841 2491 negatio
860 2460 952 2483 more

250 2494 461 2533 Graecorum,
475 2494 510 2526 ni
527 2494 721 2528 subaudias.
738 2496 850 2526 relius.

297 2539 386 2573 Quid
401 2549 480 2579 erqo
491 2541 507 2570 .³
519 2542 695 2582 —putate's
707 2541 722 2570 ‚³
737 2537 823 2570 Cum
841 2538 955 2580 cogito

248 2582 358 2615 varias
383 2582 560 2621 lectiones,
584 2589 667 2625 puto
685 2582 733 2614 sic
752 2583 928 2623 legendum
946 2596 953 2614 :

252 2627 341 2662 Quid
355 2627 446 2669 (pro,
462 2628 537 2665 cur)
556 2639 635 2668 erqo
664 2628 831 2658 Romanos
858 2629 889 2657 in
917 2628 953 2659 il.

247 2672 309 2703 ult.
336 2682 430 2703 mim.
456 2672 603 2713 quotidie²
627 2674 771 2703 arm-reri
801 2673 953 2712 putatis?

248 2721 285 2746 ut
301 2715 413 2747 omnis
425 2715 497 2746 sine
514 2715 733 2747 distinctione
747 2714 951 2750 cohaercunt,

246 2766 279 2791 ct
297 2758 384 2790 istud
403 2762 552 2791 ani-mim*
568 2771 698 2794 caussa.
726 2766 757 2792 ul
788 2759 951 2799 interpro-

246 2807 443 2837 ramentum.
482 2804 631 2835 tollatur.
671 2804 758 2835 Nam
801 2802 833 2834 in
872 2803 951 2834 aliis

246 2847 346 2878 codd.
394 2854 443 2878 ost
463 2859 470 2878 ε
529 2849 760 2879 leo-'ymnorum
803 2849 945 2881 animas.

247 2890 376 2921 omisso
393 2890 514 2923 deinde
530 2892 638 2923 verbu
654 2902 786 2924 caussa.
821 2891 854 2922 ln
869 2891 948 2922 aliis

244 2937 417 2966 estaminia*
431 2946 564 2971 mmm,
582 2935 709 2967 omisso
727 2945 780 2967 ne».
819 2936 854 2967 ln
870 2935 948 2966 aliis

243 2985 293 3010 cst
334 2978 437 3010 lectio
471 2981 614 3021 vulgata.
660 2981 749 3018 Ergo
780 2985 830 3012 ost
859 2988 947 3013 mern

1017 2007 1205 2049 explicatio
1238 2007 1268 2038 in
1301 2007 1352 2039 liis
1383 2005 1639 2040 additamentis.
1676 2008 1725 2041 M.

1020 2051 1109 2083 Mihi
1123 2052 1295 2090 vulgatum
1310 2052 1504 2094 praeplacct,
1517 2052 1609 2095 quod
1621 2056 1655 2084 et
1667 2062 1727 2084 ex—

1021 2096 1138 2138 primit
1155 2097 1292 2127 Gra-cus
1312 2096 1488 2137 interpres.

1070 2142 1288 2173 firmioribus
1309 2141 1560 2174 munitionibus.
1589 2151 1622 2174 v.
1651 2152 1730 2184 cap.

1069 2229 1115 2260 Iis
1130 2231 1274 2261 utimini.
1299 2229 1381 2271 ch.
1404 2230 1466 2267 his,
1490 2239 1567 2261 nam
1593 2230 1636 2262 ad
1653 2230 1724 2262 Ro-

1021 2283 1141 2305 manos
1157 2274 1307 2305 refertur.
1337 2275 1383 2305 M.

1070 2320 1174 2358 Cujus
1191 2321 1247 2350 rei.
1274 2318 1342 2350 Alii
1358 2322 1418 2360 qui
1433 2319 1535 2358 hujux
1551 2321 1610 2351 rei.

1071 2364 1211 2395 Fam-e.
1239 2363 1341 2404 quod.
1380 2363 1475 2394 Male
1500 2361 1584 2394 olim
1611 2361 1732 2397 distin·

1023 2406 1173 2447 guebnnt
1193 2407 1402 2448 postsact’re.

1071 2452 1267 2493 Forporibus
1279 2455 1381 2482 vitam
1393 2452 1628 2490 tolerat-ermae,
1639 2462 1732 2484 mac·

1025 2501 1135 2527 larunt
1152 2495 1305 2529 infantes.
1322 2503 1354 2525 ct
1375 2495 1514 2527 inutiles
1528 2495 1569 2527 ad
1586 2495 1730 2529 bellum.

1023 2546 1055 2571 et
1074 2538 1122 2570 sic
1139 2539 1261 2571 samem
1281 2539 1496 2581 depulerunt.
1524 2541 1572 2571 M.

1071 2584 1160 2615 Nam
1179 2584 1261 2626 quid
1283 2585 1332 2614 ille·
1355 2585 1437 2615 bello
1454 2586 1490 2623 (a
1503 2583 1654 2616 Cimbris
1677 2583 1728 2615 in-

1024 2627 1112 2665 lato)
1129 2630 1234 2659 simile
1246 2628 1309 2670 sitit
1324 2630 1417 2666 (cum
1436 2628 1489 2659 liis
1513 2628 1626 2666 rebus,
1649 2628 1728 2670 qui-

1023 2671 1086 2703 bus
1103 2681 1188 2704 nunc
1214 2673 1353 2710 utimur,
1379 2683 1458 2703 cum
1486 2671 1541 2703 his
1567 2671 1727 2704 miseriis.

1021 2715 1147 2758 quilius
1172 2726 1258 2747 nunc
1286 2718 1485 2755 vexamur-D
1532 2716 1630 2748 Hunc
1653 2726 1728 2747 ver-

1022 2759 1144 2792 borum
1173 2771 1319 2795 sensum.
1350 2761 1453 2803 paulo
1481 2760 1729 2795 obscuriorem.

1020 2804 1078 2845 qui
1092 2815 1158 2836 non
1171 2805 1486 2844 animadverterant,
1495 2815 1555 2846 pro
1567 2805 1617 2835 im
1629 2805 1726 2838 bella.

1015 2849 1105 2889 quod
1129 2849 1159 2880 in
1182 2849 1343 2880 omnibus
1364 2850 1464 2881 codd.
1492 2847 1624 2890 legitur,
1647 2858 1726 2890 pos-

1017 2900 1134 2924 uerunt
1168 2895 1245 2926 huic·
1284 2894 1379 2928 bello.
1416 2892 1570 2925 facilior(¹
1600 2902 1726 2923 sensu:

1018 2935 1101 2969 inter
1125 2949 1211 2980 quos
1227 2944 1277 2970 est
1296 2937 1540 2980 metaphrastes
1572 2936 1722 2969 Graecus.
