1946 3261
623 252 741 296 LIB.
776 252 813 295 Ι.
877 251 1018 296 CAP.
1050 249 1241 294 49-52.
1597 250 1682 294 291

182 377 292 422 bant
313 378 372 423 ad
389 381 621 431 Caesarem,
650 381 707 424 ad
730 382 890 425 flumen
911 380 1166 425 constitisse.
1230 379 1452 422 Venerant
1471 393 1523 422 eo
1550 377 1683 437 sagit-

182 437 283 482 tarii
319 455 373 483 ex
410 440 613 491 Rutenis,
649 441 820 499 equites
849 457 903 483 ex
934 439 1082 482 Gallia
1115 454 1215 481 cum
1235 438 1386 481 multis
1408 438 1542 483 carris
1561 454 1682 499 mag-

183 496 337 557 nisque
375 500 691 559 inpedimentis,
738 510 789 544 ut
831 502 920 544 fert
963 499 1136 542 Gallica
1178 498 1460 542 consuetudo.
1542 499 1686 542 Erant

182 566 395 614 praeterea
424 560 636 618 cujusque
666 561 836 617 generis
866 559 1088 602 hominum
1118 557 1237 600 milia
1268 557 1442 600 circiter
1471 573 1546 602 sex
1568 568 1681 601 'cum

180 616 316 660 servis
335 617 598 677 liberisque:
631 618 706 661 sed
733 619 877 662 nullus
900 619 1024 668 ordo,
1047 616 1220 660 nullum
1241 616 1474 674 imperium
1494 626 1684 668 certum,

180 690 318 733 quum
337 692 416 721 suo
438 678 625 736 quisque
646 678 823 720 consilio
845 686 1046 721 uteretur
1073 686 1209 733 atque
1239 691 1384 718 omnes
1415 676 1504 718 sine
1531 677 1686 720 timore

180 733 266 778 iter
305 734 517 786 facerent,
562 754 642 780 usu
685 738 961 796 superiorum
1011 745 1259 795 temporum
1299 744 1435 794 atque
1474 734 1685 778 itinerum

181 791 372 837 licentia.
449 796 591 839 Erant
633 798 878 855 complures
927 795 1093 839 honesti
1143 795 1451 844 adolescentes,
1506 794 1688 837 Senato-

181 869 282 897 rum
311 853 391 898 filii
419 864 464 898 et
493 855 658 898 ordinis
688 856 940 914 Equestris:
983 863 1110 898 erant
1144 854 1384 912 legationes
1420 852 1688 903 civitatum;

182 920 310 956 erant
354 913 509 974 Legati
551 915 746 959 Caesaris.
825 916 918 959 Hos
964 930 1110 958 omnes
1156 914 1334 957 flumina
1384 913 1689 956 continebant.

183 972 261 1017 Ad
306 972 383 1017 hos
423 975 731 1034 obprimendos
774 992 873 1018 cum
914 975 1030 1018 omni
1072 974 1276 1031 equitatu
1317 972 1546 1032 tribusque
1583 972 1692 1031 legi-

182 1032 339 1077 onibus
370 1034 581 1078 Afranius
609 1035 663 1078 de
693 1044 819 1078 nocte
852 1033 1144 1094 proficiscitur
1178 1032 1553 1092 inprudentesque
1587 1041 1693 1075 ante

182 1092 318 1136 missis
364 1094 588 1152 equitibus
631 1093 908 1153 adgreditur.
983 1093 1201 1137 Celeriter
1250 1100 1396 1136 tamen
1437 1108 1526 1135 sese
1567 1091 1692 1135 Galli

181 1151 352 1211 equites
378 1154 616 1213 expediunt
643 1154 938 1213 proeliumque
971 1153 1270 1196 committunt.
1335 1152 1415 1202 Hi,
1449 1150 1556 1194 dum
1580 1151 1695 1210 'pari

183 1211 421 1255 certamine
475 1229 541 1256 res
602 1215 695 1272 geri
755 1213 916 1272 potuit,
967 1228 1172 1272 magnum
1216 1211 1408 1255 hostium
1459 1226 1693 1254 numerum

185 1271 314 1330 pauci
343 1271 615 1321 sustinuere;
660 1273 752 1322 sed,
806 1273 882 1315 ubi
919 1272 1042 1332 signa
1075 1271 1296 1329 legionum
1335 1270 1698 1330 adpropinquare

185 1340 434 1390 coeperunt,
480 1332 629 1390 paucis
669 1333 833 1381 amicis,
880 1349 969 1374 sese
1012 1332 1053 1373 in
1114 1339 1283 1373 montes
1326 1330 1546 1388 proximos
1593 1346 1695 1375 con-

186 1389 351 1433 ferunt.
435 1390 533 1434 Hoc
577 1407 736 1450 pugnae
775 1401 951 1449 tempus
991 1405 1199 1448 magnum
1239 1389 1403 1432 adtulit
1441 1389 1600 1433 nostris
1640 1390 1697 1433 ad

185 1448 370 1493 salutem
391 1458 683 1493 momentum:
727 1452 842 1494 nacti
865 1450 980 1493 enim
1002 1449 1192 1507 spatium
1212 1465 1255 1490 se
1282 1448 1326 1490 in
1349 1448 1445 1491 loca
1464 1447 1698 1507 superiora.

187 1519 464 1569 receperunt.
529 1510 779 1553 Desiderati
811 1517 914 1552 sunt
943 1525 995 1551 eo
1026 1508 1095 1551 die
1131 1507 1350 1566 sagittarii
1383 1507 1559 1551 circiter
1596 1508 1697 1558 CC,

186 1568 355 1626 equites
390 1570 533 1627 pauci,
569 1569 770 1613 calonum
803 1578 936 1627 atque
966 1567 1369 1627 inpedimentorum
1404 1582 1490 1610 non
1515 1582 1698 1627 magnus

193 1641 412 1671 numerus.

246 1686 318 1730 52.
355 1687 437 1730 His
460 1697 605 1731 tamen
629 1687 829 1730 omnibus
859 1701 1030 1729 annona
1063 1685 1228 1729 crevit:
1265 1701 1364 1744 quae
1398 1686 1488 1728 fere
1521 1700 1587 1728 res
1608 1700 1696 1729 non

184 1745 325 1790 solum
342 1746 487 1806 inopia
510 1746 749 1806 praesentis,
784 1746 858 1789 sed
878 1746 1012 1790 etiam
1043 1746 1183 1789 futuri
1219 1744 1430 1804 temporis
1455 1744 1610 1788 timore
1633 1744 1698 1788 in-

186 1821 441 1865 gravescere
476 1807 715 1850 consuevit.
780 1806 973 1865 Jamque
1010 1805 1064 1848 ad
1101 1805 1305 1848 denarios
1342 1804 1379 1847 L
1420 1804 1463 1846 in
1500 1804 1698 1863 singulos

184 1865 354 1910 modios
377 1882 547 1910 annona
571 1875 832 1926 pervenerat
866 1875 911 1908 et
934 1865 1125 1908 militum
1161 1865 1275 1908 vires
1310 1863 1456 1922 inopia
1486 1862 1698 1907 frumenti

185 1922 490 1975 deminuerat:
522 1935 656 1985 atque
691 1925 967 1969 incommoda
996 1924 1038 1967 in
1068 1925 1159 1968 dies
1188 1924 1504 1983 augebantur;
1535 1933 1582 1968 et
1605 1933 1695 1966 tam

188 1985 337 2043 paucis
357 1985 513 2029 diebus
533 2002 693 2044 magna
716 1995 812 2028 erat
835 2002 982 2028 rerum
1006 1984 1122 2027 facta
1151 1982 1435 2027 commutatio
1467 1998 1517 2025 ac
1538 1998 1583 2025 se
1606 1983 1697 2026 for-

184 2052 295 2087 tuna
345 2044 645 2094 inclinaverat,
701 2045 921 2087 ut‘nostri
954 2060 1112 2102 magna
1162 2043 1308 2101 iuopia
1353 2042 1697 2086 necessariarum

186 2118 337 2147 rerum
375 2104 756 2148 conflictarentur:
802 2104 1100 2157 illi-omnibus
1138 2102 1417 2146 abundarent
1465 2102 1598 2146 rebus
1627 2118 1700 2145 su-

184 2162 465 2222 perioresque
522 2163 807 2207 haberentur.
892 2165 1041 2206 Caesar
1084 2163 1135 2205 iis
1176 2162 1448 2212 civitatibus,
1500 2178 1599 2220 quae
1640 2162 1699 2206 ad

186 2221 280 2280 ejus
309 2223 546 2267 amicitiam
587 2234 873 2274 accesserant,
923 2238 1014 2281 quo
1056 2223 1196 2265 minor
1227 2230 1326 2264 erat
1372 2221 1584 2265 frumenti
1627 2237 1698 2265 co-

187 2281 275 2342 pia,
320 2299 451 2343 pecus
499 2283 772 2343 imperabat;
819 2283 989 2327 calones
1022 2281 1079 2326 ad
1123 2280 1452 2341 longinquiores
1495 2280 1699 2326 civitates

237 2397 350 2429 Servis
363 2398 549 2440 liberisque.
586 2397 642 2430 Sic
659 2397 760 2430 codd.
781 2402 814 2429 et
831 2397 908 2429 edd.

191 2445 260 2473 vet.
308 2440 377 2473 Alii
391 2442 595 2484 libertisque.

238 2486 360 2528 Super.
374 2491 474 2528 temp.
489 2492 588 2529 atque
603 2490 640 2520 il.
661 2489 807 2525 liz-entia,
834 2486 857 2518 i.
875 2499 908 2518 e.

190 2529 334 2562 licentia
350 2542 377 2562 s.
392 2530 567 2571 securitas,
589 2542 658 2573 qua
681 2532 745 2564 iter
760 2532 908 2564 fecerent

190 2574 366 2617 superiore
390 2580 557 2617 tempore,
581 2583 763 2617 antequam
780 2576 823 2607 ad
841 2575 906 2607 hoc

192 2618 322 2652 flumen
338 2619 531 2662 inpeditum
551 2628 698 2652 venerat.
743 2620 803 2652 Est
818 2618 844 2650 ἕν
861 2618 907 2651 διὰ

193 2659 277 2704 δυοῖν,
304 2664 367 2696 iter
402 2669 438 2696 et
469 2663 624 2706 superius
647 2671 794 2706 tempus,
834 2675 908 2706 pro,

191 2708 257 2741 iter
285 2707 446 2751 superior
477 2709 651 2751 temporis.
690 2711 741 2741 M.
789 2710 908 2750 Repo-

192 2752 245 2786 sui
283 2764 363 2787 cum
403 2753 497 2795 ond:
533 2765 609 2791 usu,
650 2754 741 2795 quod
781 2754 906 2796 optimi

191 2797 294 2830 codd.
325 2797 465 2830 habent.
539 2798 654 2840 Vulgo
685 2798 808 2840 legitur
845 2800 907 2830 usi.

191 2841 287 2880 Leve
299 2842 484 2875 discrimen
499 2848 561 2875 est.

234 2888 311 2929 ,His
321 2893 447 2921 tamen.
483 2888 658 2929 Intellege,
668 2885 824 2929 quamvis
839 2887 905 2919 hoc

195 2941 321 2977 puguae
332 2939 472 2975 tempus
481 2941 645 2976 magnum
655 2931 819 2967 adtulerit
831 2941 909 2965 mo-

977 2402 1129 2429 mentum
1143 2396 1187 2427 ad
1204 2395 1360 2428 salutem.
1405 2394 1498 2438 Ergo
1516 2405 1582 2428 non
1606 2403 1694 2436 opus
1753 2393 1756 2395 '

978 2441 1093 2483 legere
1114 2442 1181 2473 His
1196 2446 1280 2473 tum.

1026 2487 1101 2518 Non
1114 2486 1223 2517 solum
1237 2485 1353 2526 inopia
1365 2486 1554 2527 proesentis.
1582 2483 1693 2525 Lege-

977 2530 1077 2563 batur
1094 2529 1128 2562 in
1143 2529 1222 2561 aliis
1247 2531 1363 2570 inopia
1378 2539 1444 2561 mm
1459 2529 1569 2560 solum
1581 2538 1687 2569 proes.

975 2576 1099 2607 eodem
1146 2584 1258 2606 sensu.
1296 2584 1357 2605 nec
1394 2582 1508 2614 operae
1540 2571 1689 2614 pretium

973 2626 1046 2653 erat
1064 2624 1192 2652 mutare
1205 2618 1238 2651 in
1252 2620 1412 2660 praesenti
1425 2623 1484 2650 aut
1494 2627 1692 2659 expungere

974 2675 1028 2697 mo
1054 2675 1102 2696 za.

1023 2676 1075 2741 lid
1089 2709 1246 2741 denarios
1271 2707 1311 2738 L.
1348 2706 1437 2738 Cum
1460 2705 1562 2737 codd.
1580 2705 1691 2739 habe-

974 2759 1044 2793 ant,
1059 2754 1107 2785 ml
1126 2753 1203 2791 XL,
1235 2750 1503 2792 Oudendorpius
1516 2750 1584 2782 hoc
1596 2751 1691 2794 judi-

976 2804 1030 2830 cat
1049 2809 1123 2830 esse
1138 2795 1384 2838 compendium
1400 2794 1588 2834 scribendi,
1602 2802 1641 2829 ut
1651 2796 1688 2828 X

976 2843 1020 2874 sit
1041 2848 1121 2874 nota
1131 2840 1275 2879 denarii,
1301 2839 1330 2870 L
1351 2845 1431 2871 nota
1445 2839 1591 2880 numeri,
1607 2851 1691 2883 pro-

977 2887 1103 2929 batque
1125 2886 1211 2917 adeo
1239 2885 1316 2926 hos,
1337 2883 1396 2928 qui
1419 2885 1466 2919 ad
1482 2884 1641 2921 denarios
1657 2886 1691 2921 L

973 2931 1163 2966 ediderunt.
1208 2931 1252 2964 M
1253 2953 1264 2964 .
1434 2974 1466 3010 U
