1946 3261
659 208 779 253 LIB.
842 209 983 253 GAP.
1015 208 1209 253 21-23,
1609 210 1698 253 487

203 335 330 386 ciata,
366 337 510 381 Caesai
537 336 688 380 classes
709 337 872 380 circum
891 337 1047 380 insulas
1076 347 1315 396 portusque
1332 335 1575 397 disposuit;
1607 353 1696 396 quo

204 396 342 438 tutius
359 406 621 439 commeatus
642 397 807 454 51111Ρο1
811 405 894 438 tau
919 405 1077 454 posset.

262 456 334 497 22.
371 455 438 497 Μ.
474 456 587 498 Cato
619 456 807 505 interim,
833 455 910 512 qui
932 455 1072 498 Uticae
1095 462 1296 513 praeerat,
1329 455 1412 498 Cn
1439 455 1697 515 Pompeium

203 512 343 556 filium
381 514 530 557 multis
567 514 712 556 verbis
747 513 1014 571 adsidueque
1053 514 1288 580 objurgare
1323 529 1408 556 non
1441 513 1693 558 desistebat.

205 579 234 598 ‘⁶
258 573 425 622 Tuus‚''
461 572 621 628 inquit,
662 580 690 598 ‘⁶
715 582 842 630 patei
864 572 973 620 istuc
992 573 1130 615 aetatis
1151 588 1288 628 quum
1316 581 1425 614 esset
1445 582 1489 616 et
1510 574 1700 617 animad-

204 637 234 657 “
258 632 472 680 vertisset,
506 630 842 688 Rempublicam
870 632 926 673 ab
946 630 1183 674 audacibus
1202 630 1508 689 sceleratisque
1529 633 1696 676 civibus

204 697 234 718 “
257 691 526 757 obpressam,
556 690 778 748 bonosque
798 699 874 733 aut
896 690 1164 739 interfecto&
1198 697 1275 731 aut
1298 689 1448 732 exsilio
1473 692 1696 742 multatoS,

205 756 234 775 “
258 749 403 807 patria
444 749 711 807 civitateque
752 765 916 799 carere,
968 749 1108 808 gloria
1147 756 1192 791 et
1233 748 1364 791 animi
1406 751 1700 817 magnitudine

180 815 235 836 ·“
259 808 415 857 elatus,
452 808 650 866 privatus
691 816 823 866 atque
869 808 1232 856 adolescentulus,
1273 807 1447 866 paterni
1486 809 1700 852 exercitus

203 873 233 893 “
257 867 453 925 reliquiis
487 867 706 919 conlectis,
745 883 866 926 paene
908 868 1156 926 obpressam
1194 866 1392 909 funditus
1429 874 1474 909 et
1509 866 1701 911 deletam

204 925 431 969 “Italiam
472 927 715 985 urbemque
770 926 1011 970 Romanam
1059 943 1102 969 in
1142 925 1392 969 libertatem
1429 926 1695 970 vindicavit:

204 992 234 1013 “
258 986 460 1043 idemque
484 986 691 1035 Siciliam,
716 986 929 1037 Africam,
955 985 1221 1035 Numidiam,
1243 984 1559 1028 Maulitaniam
1575 986 1701 1029 mir-a

205 1049 236 1070 ‘⁶
258 1044 338 1087 bili
371 1045 596 1088 celeritate
628 1046 758 1088 armis
788 1045 969 1104 recepit.
1035 1045 1204 1095 Quibus
1231 1061 1284 1087 ex
1317 1044 1448 1087 rebus
1480 1045 1562 1088 sibi
1601 1061 1698 1088 eam

204 1111 236 1134 ⁵‘
257 1104 530 1163 dignitatem,
565 1121 662 1163 quae
696 1113 760 1147 est
793 1120 872 1162 per
914 1113 1065 1162 gentes
1105 1104 1337 1148 clarissima
1378 1105 1700 1161 notissimaque,

204 1170 235 1193 ⁵⁶
257 1163 529 1212 conciliavit;
573 1163 1007 1220 adolescentulusque
1040 1172 1175 1221 atque
1209 1163 1354 1220 Eques
1381 1163 1602 1206 Romanus
1628 1163 1705 1205 tri-

206 1230 235 1248 “
260 1222 504 1281 umphavit
569 1224 718 1280 Atque
742 1223 814 1265 ille
837 1238 922 1265 non
945 1224 1005 1265 ita
1034 1223 1190 1281 nnplis
1225 1223 1353 1264 rebus
1387 1223 1523 1280 patris
1551 1222 1701 1281 gestis,

206 1289 236 1308 ‘⁴
261 1297 400 1339 neque
422 1290 511 1323 tam
532 1282 762 1324 excellenti
783 1282 996 1339 majorum
1016 1282 1231 1340 dignitate
1252 1290 1393 1340 parta,
1412 1297 1550 1339 neque
1574 1282 1704 1324 tantis

206 1347 237 1368 “
260 1340 471 1383 clientelis
499 1341 766 1398 nominisque
803 1341 1002 1383 claritate
1037 1340 1262 1398 praeditus,
1295 1341 1338 1383 in
1368 1340 1706 1399 Rempublicam

211 1408 240 1427 ‘⁶
263 1408 328 1442 est
350 1399 590 1458 ingressus:
624 1409 673 1442 tu
695 1408 863 1466 contra,
884 1408 929 1442 et
950 1409 1086 1457 patus
1108 1400 1338 1442 nobilitate
1358 1409 1402 1442 et
1421 1400 1638 1458 dignitate
1660 1407 1705 1441 et

208 1466 240 1486 “
266 1474 344 1518 per
364 1467 408 1501 te
429 1475 521 1517 ipse
540 1459 642 1501 satis
663 1459 790 1501 animi
813 1458 1114 1517 magnitudine
1135 1458 1455 1516 diligentiaque
1471 1438 1703 1516 praeditus,

209 1526 238 1546 ‘⁶
262 1533 403 1560 nonne
424 1518 600 1560 eniteris
620 1526 664 1560 et
696 1498 981 1576 proficisceiis
1013 1517 1069 1559 ad
1105 1526 1307 1575 paternas
1332 1517 1568 1567 clientelas,
1601 1533 1707 1560 aux-

211 1577 387 1620 “ilium
424 1576 507 1620 tibi
537 1577 708 1634 Reique
748 1577 937 1635 publicae
972 1584 1106 1634 atque
1143 1577 1308 1634 optimo
1349 1577 1506 1634 cuique
1544 1576 1706 1635 effiagi-

213 1645 243 1664 “
268 1646 410 1679 tatum
425 1639 472 1678 ?’'

267 1697 339 1739 23.
376 1695 458 1737 His
478 1694 623 1737 verbis
642 1694 823 1737 hominis
851 1710 958 1752 grav
964 1694 1091 1737 issimi
1116 1694 1319 1737 incitatus
1339 1693 1708 1745 adolescentulus,

210 1772 309 1799 011111
345 1754 554 1798 naviculis
593 1753 919 1812 cujusquemodi
962 1754 1132 1820 generis
1171 1753 1370 1811 triginta,
1415 1753 1519 1796 inibi
1559 1753 1709 1812 paucis

209 1814 425 1865 rostratis,
440 1813 665 1879 profectus
677 1814 733 1856 ab
753 1813 889 1856 Utica
907 1821 970 1854 est
993 1813 1035 1854 in
1059 1790 1391 1862 Mauritaniam,
1415 1811 1707 1871 Regnumque

212 1873 410 1933 Bogudis
444 1881 508 1915 est
532 1872 775 1929 ingressu83
821 1871 1122 1938 expeditoque
1157 1872 1365 1921 exercitu,
1407 1887 1588 1914 numero
1620 1888 1706 1914 ser-

210 1949 382 1982 vorum,
418 1931 673 1982 liberorum,
703 1930 820 1974 duol
826 1947 898 1973 um
922 1930 1106 1979 milium,
1140 1931 1264 1987 cujus
1292 1938 1465 1988 partem
1486 1930 1708 1981 inermem,

211 2002 381 2059 partem
411 1998 627 2033 armatam
655 1990 885 2038 habuerat,
916 1990 972 2033 ad
997 1990 1210 2048 oppidum
1249 1990 1468 2032 Ascurum
1502 1989 1710 2032 accedere

211 2051 368 2110 coepit:
420 2050 463 2092 in
500 2064 587 2107 quo
618 2048 788 2108 oppido
821 2048 1069 2108 praesidium
1100 2049 1186 2090 fuit
1223 2047 1426 2106 Regium.
1500 2048 1708 2107 Pompeio

263 2235 388 2267 Coesar.
420 2234 469 2266 sic
487 2233 606 2265 Clarke
623 2239 654 2264 et
671 2232 760 2264 Oud.
785 2243 804 2263 e
826 2233 926 2264 codd.

1042 2234 1090 2265 Ab
1104 2233 1230 2265 audac.
1243 2234 1312 2265 scil.
1325 2235 1386 2264 cic.
1440 2232 1564 2271 Mario,
1587 2232 1705 2272 Cinna,

217 2284 251 2311 et
265 2279 342 2310 edd.
357 2285 423 2311 vet.
465 2279 576 2319 Vulgo
594 2279 731 2310 Caesari.

993 2277 1164 2309 Carbone.
1212 2278 1336 2309 Cellar.
1380 2279 1445 2309 Pro
1463 2278 1652 2309 audacibus
1670 2277 1705 2309 in

262 2324 312 2355 M.
332 2325 427 2356 Cato.
475 2323 592 2357 Etiam
608 2322 663 2353 hic
685 2326 761 2363 post
777 2321 924 2353 Pharsa-

215 2367 320 2400 licam
337 2378 484 2409 pugnam
500 2368 534 2399 in
554 2366 705 2399 Africam
721 2365 851 2407 effugit,
877 2366 929 2397 in-

215 2417 335 2453 terque
352 2412 580 2454 Pompeianos
595 2421 731 2451 semper
746 2410 809 2442 fuit
834 2421 928 2452 mag-

216 2467 270 2488 nae
297 2456 522 2488 auctoritatis.
569 2455 634 2487 Sed
662 2465 742 2486 cum
775 2454 927 2486 oblatum

219 2500 287 2532 sibi
326 2499 508 2542 imperium
535 2511 603 2532 non
632 2498 848 2540 suscepisset,
885 2509 928 2530 ne

221 2544 373 2585 Scipioni
400 2544 604 2576 Proconsuli
633 2543 801 2586 eripuisse
833 2543 930 2574 vide-

222 2594 313 2620 retur
329 2601 336 2619 :
361 2588 488 2629 effecit,
503 2595 540 2620 ut
555 2587 771 2629 Pompeiani,
784 2597 849 2618 non
865 2598 930 2628 op·

221 2632 305 2665 timo
331 2634 416 2664 duce
442 2632 603 2675 Scipione
633 2633 699 2667 usi,
725 2642 767 2662 eo
796 2631 931 2662 facilius

221 2677 446 2708 vincerentur.
508 2677 645 2709 Uticam
682 2675 834 2717 quidem,
874 2675 930 2706 cni

223 2728 378 2764 praeerat,
402 2720 536 2763 egregie
559 2720 717 2758 munivit,
742 2719 834 2750 omni
859 2720 932 2751 bel-

220 2766 291 2798 lico
321 2767 482 2807 adparatu
514 2765 680 2803 instruxit,
710 2764 933 2806 ducendoque

223 2810 318 2842 bello
334 2809 501 2842 Caesarem
516 2809 688 2841 debilitari
704 2807 833 2847 voluit3
874 2809 933 2840 sed

225 2853 345 2896 Scipio
361 2865 428 2886 non
445 2853 707 2895 obtemperavit.
760 2853 934 2886 Plutarch.

223 2898 257 2935 in
273 2899 393 2932 Caton.
409 2910 440 2931 c.
458 2900 511 2931 56.
522 2909 594 2941 sqq.
620 2899 670 2931 M.

992 2323 1091 2353 codd.
1115 2321 1240 2361 legitur
1261 2322 1316 2353 vel
1340 2322 1469 2359 arduas,
1490 2321 1545 2353 vel
1567 2322 1710 2359 narnias,

994 2366 1049 2397 vel
1079 2366 1226 2399 rar-duis.
1286 2366 1378 2408 Ergo
1409 2366 1590 2404 nescimus,
1619 2366 1703 2407 quid

995 2409 1140 2451 scriptor
1156 2410 1231 2452 ipse
1247 2410 1281 2441 h.
1298 2411 1322 2442 l.
1340 2410 1483 2442 dederit.
1511 2410 1563 2440 Μ.

1043 2457 1182 2487 Clariss.
1200 2457 1315 2487 notiss.
1347 2454 1434 2486 Edd.
1452 2459 1519 2485 vet.
1531 2454 1707 2487 rarissima

994 2501 1266 2541 clarissimaque.

1046 2545 1293 2584 Trimnphavzt.
1340 2542 1416 2575 Cic.
1434 2541 1515 2584 Leg.
1532 2541 1626 2573 Man.
1651 2541 1704 2572 12.

998 2590 1052 2620 21.
1084 2589 1264 2619 Cellarius.

1043 2634 1165 2664 Parta.
1205 2631 1318 2663 Deleri
1337 2631 1406 2662 vult
1423 2630 1510 2662 Scal.
1529 2630 1587 2661 sed
1605 2629 1705 2661 codd.

997 2682 1142 2708 servant.

1046 2722 1136 2752 Inibi
1156 2720 1271 2761 paucis
1291 2724 1389 2750 νοεῖν.
1417 2718 1450 2749 111
1474 2717 1599 2759 quibus
1618 2723 1709 2749 erant

999 2775 1118 2807 paucae
1144 2769 1308 2795 rostratae.
1334 2764 1384 2795 M.
1431 2761 1541 2794 Jurin.
1567 2761 1649 2794 velit
1672 2764 1710 2794 in

999 2812 1049 2841 his
1066 2808 1120 2840 vel
1135 2811 1169 2839 in
1185 2810 1236 2839 iis.

1049 2855 1196 2885 Numero
1213 2862 1386 2883 serrorum
1423 2851 1510 2894 Cod.
1528 2852 1645 2884 Petav.
1664 2850 1711 2883 ad

1003 2901 1192 2935 numerum,
1211 2901 1245 2928 ut
1260 2896 1301 2928 G.
1325 2898 1352 2935 1,
1372 2897 1421 2930 15.
