1946 3261
189 223 278 268 224
601 217 686 265 DE
719 215 925 263 BELLO
959 213 1256 262 GALLICO.

191 358 221 378 “
243 350 429 409 scriptiS,
451 349 655 392 contexui
676 348 1040 406 novissimumque
1067 362 1116 389 ac
1144 344 1437 405 inperfectum
1464 344 1521 388 ab
1549 344 1681 389 rebus

192 417 221 437 “
246 411 374 468 gestis
407 407 684 451 Alexandriae
716 407 881 451 confeci
924 403 1061 464 usque
1095 405 1150 448 ad
1181 405 1348 448 exitum
1382 419 1467 447 non
1501 404 1680 462 quidem

190 473 220 495 ‘⁶
241 468 377 511 civilis
397 466 684 517 dissensionis,
717 467 840 525 cujus
873 465 1003 509 finem
1038 465 1209 508 nullum
1240 463 1448 515 videmus,
1469 463 1542 506 sed
1579 463 1681 506 vitae

189 534 220 554 ‘⁶
246 527 439 570 Caesaris.
515 526 636 576 Quos
668 525 836 569 utinam
871 525 946 582 qui
984 525 1147 582 legent,
1185 523 1294 566 scire
1333 523 1513 581 possint,
1583 538 1684 565 uam

190 592 220 612 “
245 585 406 630 invitus
425 585 690 645 susceperim
707 584 971 633 scribendos,
994 600 1083 641 quo
1105 582 1273 626 facilius
1294 597 1464 626 caream
1484 589 1554 624 stu
1576 581 1684 624 titiae

187 651 217 671 “
239 652 373 702 atque
406 644 676 702 adrogantiae
711 644 906 693 crimine,
937 643 1013 700 qui
1049 658 1117 685 me
1156 641 1311 685 mediis
1346 640 1683 700 interposuerim

189 711 219 730 “
244 703 427 748 Caesaris
461 703 648 763 scriptis.
727 703 913 746 Constat
951 702 1065 744 enim
1096 701 1210 744 inter
1248 716 1410 752 omnes,
1453 700 1558 743 nihil
1595 708 1685 742 tam

189 770 219 794 “
244 778 426 822 operose
447 763 504 806 ab
524 762 618 806 aliis
639 777 726 806 esse
745 761 1009 821 perfectum,
1040 759 1162 819 quod
1185 776 1268 804 non
1291 759 1448 804 horum
1469 759 1686 818 elegantia

189 829 220 857 6‘
241 822 650 866 commentariorum
668 829 901 879 superetur
918 836 927 863 :
963 820 1038 878 qui
1061 829 1163 862 sunt
1175 819 1297 869 editi,
1320 834 1374 862 ne
1395 819 1572 862 scientia
1590 827 1685 861 tan-

189 889 219 916 “
243 889 389 925 tarum
431 897 577 924 rerum
619 879 914 939 scriptoribus
953 879 1145 927 deesset:
1197 878 1396 935 adeoque
1438 878 1686 937 probantur

189 948 219 977 c‘
242 940 435 983 omnium
452 940 636 998 judicio,
662 948 712 981 ut
735 948 972 998 praerepta,
987 954 1073 982 non
1088 937 1292 997 praebita,
1308 937 1492 980 facultas
1503 937 1684 995 scripto-

188 1007 218 1040 κ
242 999 366 1044 ribus
385 999 602 1043 videatur.

191 1111 334 1154 priores.
380 1111 665 1154 comparentibus.-
711 1110 758 1142 sic
795 1111 903 1142 codex

190 1165 288 1195 unus,
304 1155 399 1198 isque
413 1155 684 1198 antiquissimus,
703 1165 904 1197 comparan-

189 1200 262 1233 dis.-
285 1201 361 1232 cod.
378 1199 560 1241 Oxon.qui
577 1199 701 1241 etipse
716 1199 829 1230 bonus
841 1204 903 1231 est.

190 1245 243 1277 M.
299 1244 429 1276 Forsan
456 1243 635 1285 legendum
659 1245 903 1275 commemor-iis

188 1294 225 1320 et
256 1294 336 1330 post
356 1288 599 1330 comparandos
628 1287 901 1319 subaudiendum

186 1334 454 1372 commentarios,
480 1338 552 1363 tum
574 1333 740 1368 contexui,
773 1330 904 1371 signifi-

188 1382 279 1408 caret
294 1377 442 1414 adterat,
454 1375 587 1408 addidi.
623 1375 679 1407 Sic
699 1374 789 1405 Oud.
810 1375 904 1405 Uau-

187 1419 259 1453 sius
269 1420 400 1452 mavult
413 1430 481 1452 non
490 1419 725 1461 comparmulis
738 1417 812 1449 scil.
823 1428 902 1449 cum

189 1463 278 1496 meis
292 1463 368 1504 his;
394 1474 491 1495 sensu
509 1464 643 1500 eodem,
655 1463 713 1494 sed
730 1468 904 1494 construc-

189 1508 285 1540 tione
301 1508 414 1539 minus
429 1508 621 1543 commoda.

238 1554 536 1595 Novissimumque
573 1551 807 1594 inpmfectnm:
854 1550 903 1582 sic

190 1596 346 1639 plerique
362 1596 461 1629 MSS.
479 1603 512 1628 et
528 1596 605 1627 edd.
622 1600 702 1627 vett.
716 1597 906 1627 novissime-

189 1651 257 1683 que
280 1641 512 1683 inperfectum.-
543 1639 591 1671 sic
613 1645 678 1670 tres
702 1640 800 1670 codd.
825 1638 907 1670 satis

191 1684 287 1717 boni.
302 1687 520 1716 notissimum
537 1695 578 1715 oc
592 1683 807 1725 inperfectum
818 1697 828 1714 .·
855 1684 904 1714 sic

190 1729 260 1761 duo
283 1729 381 1761 codd.
405 1733 568 1760 recentes.
591 1729 832 1769 novissimeque
853 1729 907 1758 in-

187 1773 358 1815 perfecta.-
392 1773 465 1804 haec
482 1778 532 1804 est
549 1771 652 1803 lectio
670 1771 829 1812 vulgaris.
856 1772 906 1802 M.

192 1816 285 1859 Lego
301 1828 340 1850 oc
354 1817 573 1859 inperfectum
589 1821 622 1847 et
639 1816 740 1857 plane
755 1815 803 1847 sic
821 1816 906 1847 Sue-

194 1867 263 1894 ton.
281 1861 314 1893 in
329 1861 416 1893 Caes.
433 1871 464 1892 c.
482 1863 534 1893 56.
552 1860 593 1891 de
613 1859 738 1892 Hirtio.

241 1907 382 1938 Caesaris
396 1905 678 1946 nostri—conjeci.
725 1903 812 1941 Quis
827 1914 906 1945 ergo

191 1949 291 1982 facile
306 1949 442 1988 dixerit,
457 1959 612 1991 quaenam
627 1948 725 1989 hujus
743 1948 810 1979 loci
827 1958 907 1979 vera

193 1993 296 2026 lectio
312 1994 380 2025 sit?
433 1994 469 2025 Si
487 2004 553 2025 non
571 1992 786 2024 temerarium
814 1992 908 2023 vide-

193 2044 260 2078 tur,
286 2048 487 2080 proponam,
511 2037 689 2079 quomodo
716 2037 812 2068 locus
832 2046 907 2067 mea

191 2083 431 2124 qualicumque
466 2081 631 2113 sententia
670 2080 737 2123 legi
776 2080 883 2122 possit
899 2093 906 2111 :

197 2128 337 2159 Caesaris
349 2129 450 2159 nostri
459 2136 603 2158 commen
608 2127 702 2158 tar-iis
715 2135 889 2167 comparem
896 2143 909 2149 -

192 2172 283 2204 tibus
296 2170 371 2212 (qui
389 2178 601 2212 comparent,
618 2170 756 2204 adsunt.
774 2179 838 2200 non
858 2169 909 2200 iu-

194 2215 426 2255 terei-ierunt),
454 2215 677 2256 superioribus
715 2213 787 2255 (qui
818 2214 906 2245 huuc

194 2260 318 2292 librum
353 2265 512 2291 octavum
551 2259 769 2296 anu-cedunt)
810 2264 911 2299 atque

192 2304 440 2346 insequentibus
470 2302 542 2344 (qui
576 2303 665 2334 hunc
694 2303 818 2333 librum
851 2313 909 2333 oc-

196 2356 310 2381 tavum
341 2347 550 2388 sequuntur).
589 2350 744 2377 contexui
774 2349 908 2378 noe-issi-

193 2404 289 2426 mum
317 2392 494 2433 (ultimum
520 2390 631 2432 adjeci
658 2391 782 2422 librum
811 2390 907 2422 libris

196 2442 327 2479 septem
363 2436 405 2468 de
442 2435 534 2467 bello
569 2434 713 2468 Gallico.
748 2435 907 2466 ultimum

196 2482 281 2514 item
318 2479 416 2513 libris
442 2480 553 2520 tribus
583 2480 624 2510 dc
651 2479 744 2510 bello
784 2479 908 2518 civili),

195 2532 297 2568 atque
318 2525 537 2567 inperfectum
558 2522 653 2563 (eum
678 2523 815 2562 librum,
847 2523 907 2564 qui

197 2580 265 2602 non
289 2568 470 2602 absolutus
493 2573 584 2600 erat:
617 2567 645 2599 is
662 2573 710 2599 est
726 2567 844 2599 tertius
866 2569 906 2599 de

198 2614 291 2646 bello
320 2613 431 2651 civili,
462 2623 537 2644 vere
564 2611 740 2653 abruptus.
768 2623 802 2642 v.
833 2612 907 2652 ejus

196 2664 300 2701 caput
315 2657 404 2695 ult-L
418 2657 461 2689 ab
477 2657 570 2688 rebus
580 2659 676 2698 yestis
693 2657 907 2688 Alexandr-ize

196 2703 319 2744 confeci
333 2701 429 2741 (feci,
443 2706 477 2732 ut
494 2706 582 2732 esset
595 2700 735 2741 integer,
752 2700 907 2742 perfeci.)

196 2757 302 2788 usque
318 2745 363 2778 ml
379 2747 521 2777 arritum
618 2768 625 2775 .
662 2744 727 2776 Cui
740 2745 906 2786 placuerit

198 2789 307 2822 varias
330 2789 494 2822 lectiones
515 2788 719 2828 examinare,
743 2789 770 2820 is
785 2788 872 2819 nihil
886 2799 905 2819 a

197 2844 252 2865 me
268 2834 339 2866 sine
355 2833 535 2865 codicibus
551 2840 735 2875 receptum,
748 2833 904 2874 quaedam

197 2887 217 2910 e
227 2879 421 2920 conjectura
430 2888 502 2909 esse
516 2877 640 2909 omissa
652 2876 808 2919 reperiet.
831 2876 906 2908 Sin-

197 2922 277 2963 gula
293 2919 476 2959 vindicare,
492 2921 548 2952 vix
564 2932 651 2963 opus
664 2928 726 2953 est.
758 2921 842 2952 Nam
862 2920 905 2954 id.

195 2967 289 3008 quod
312 2967 419 3004 adest,
440 2967 534 3011 quod
559 2965 591 2999 in
614 2965 766 2999 omnium
795 2965 907 2998 oculis

666 999 806 1057 Cujus
828 1008 972 1042 tamen
995 1013 1056 1041 rei
1079 1013 1217 1056 major
1246 1006 1411 1048 nostra,
1435 1012 1567 1056 quam
1588 995 1687 1039 reli-

974 1116 1008 1141 οἱ
1029 1108 1186 1141 manibus
1208 1116 1370 1147 versatur,
1393 1108 1460 1140 dici
1485 1094 1691 1150 comparere,

974 1153 1146 1185 neminem
1179 1153 1276 1195 fugit.
1333 1154 1376 1185 Et
1404 1153 1545 1184 fortasse
1574 1152 1688 1184 Faesar

974 1198 1153 1240 scripserat
1179 1199 1274 1239 plura
1298 1198 1340 1229 de
1363 1197 1418 1228 his
1442 1196 1555 1234 benis,
1582 1207 1684 1237 quam

972 1254 1050 1284 quae
1089 1249 1220 1274 servata
1256 1248 1354 1281 sunt,·
1394 1242 1536 1273 sortasse
1575 1241 1685 1272 noluit

973 1287 1119 1318 schedas
1134 1297 1252 1317 omnes
1265 1285 1403 1324 servari,
1417 1285 1497 1327 quia
1510 1295 1576 1316 non
1593 1286 1687 1316 rede-

973 1336 1066 1371 gerat
1090 1330 1123 1361 in
1151 1331 1328 1369 ordinem;
1369 1336 1405 1360 ut
1434 1330 1520 1360 adeo
1554 1328 1687 1360 Hirtius

974 1375 1168 1415 loqueretur
1195 1374 1237 1404 de
1263 1374 1330 1409 his,
1347 1383 1422 1415 quae
1449 1378 1688 1415 comparerent

973 1419 1101 1449 adhuc.
1148 1416 1250 1455 Quod
1274 1417 1499 1450 novissimum
1525 1428 1691 1449 commen-

974 1464 1101 1494 tarium
1124 1461 1210 1493 dicit
1236 1462 1461 1494 novissimum
1489 1460 1629 1501 librum,
1653 1467 1688 1493 et

973 1517 1082 1537 unum
1094 1505 1222 1538 librum
1237 1507 1384 1548 adpellat
1394 1509 1687 1544 commentarium,

976 1550 1010 1581 id
1028 1556 1079 1581 est
1092 1561 1110 1581 e
1121 1551 1368 1583 consuetudine
1380 1551 1479 1593 hujus
1488 1550 1665 1592 scriptoris
1678 1563 1686 1582 :

976 1604 1057 1626 nam
1077 1595 1231 1635 singulos
1248 1594 1354 1627 libros
1369 1595 1519 1637 adponat
1535 1595 1688 1636 singulos

976 1639 1250 1670 commentarios.
1275 1650 1308 1670 v.
1331 1650 1364 1671 c.
1380 1644 1412 1671 4.
1428 1642 1482 1671 48.
1499 1646 1532 1670 et
1548 1639 1688 1680 passim.

978 1683 1027 1713 De
1045 1683 1298 1723 significatione
1321 1683 1418 1715 verbi
1439 1685 1599 1724 conficere
1619 1693 1688 1715 non

975 1727 1193 1765 dubitabunt,
1227 1727 1301 1769 qui.
1337 1727 1421 1769 quid
1453 1727 1496 1759 sit
1533 1729 1689 1768 conficere

974 1773 1154 1812 neqntium.
1178 1781 1371 1809 numer-um,
1394 1781 1427 1803 ct
1450 1771 1534 1809 alia,
1557 1771 1688 1813 cogita-

975 1815 1102 1854 verim3
1141 1814 1206 1847 etsi
1249 1816 1371 1847 librum
1407 1817 1565 1856 conficere
1603 1815 1688 1847 alibi

977 1859 1176 1901 plerumque
1214 1859 1418 1901 simpliciter
1455 1865 1506 1891 est
1535 1860 1690 1900 scribere,

976 1906 1182 1946 coneiynare.
1229 1905 1306 1941 Sed,
1321 1910 1356 1935 ut
1371 1903 1458 1943 dixi,
1469 1909 1600 1936 tantum
1615 1915 1688 1936 sus-

977 1947 1087 1990 picor,
1103 1947 1150 1979 sic
1169 1948 1234 1990 legi
1254 1959 1366 1989 posse.
1391 1949 1441 1980 M.

1024 1992 1088 2023 Sed
1114 1995 1188 2025 ritae
1221 1994 1376 2025 Caesaris.
1436 1992 1550 2024 Hodie
1575 1998 1688 2025 tamen

977 2045 1043 2067 non
1059 2043 1188 2068 exstant
1203 2048 1242 2067 ea
1251 2037 1462 2078 omnia.quae
1474 2037 1529 2068 hic
1544 2037 1689 2079 scriptor

975 2080 1118 2111 addidit.
1142 2092 1173 2112 v.
1197 2081 1276 2112 libr.
1301 2082 1342 2111 de
1367 2081 1405 2112 13.
1432 2081 1500 2112 Asr.
1524 2087 1606 2113 extr.
1631 2089 1691 2113 aut

975 2125 1063 2157 adeo
1078 2126 1120 2155 de
1138 2126 1177 2157 B.
1195 2125 1337 2166 Hispan.
1353 2132 1439 2157 extr.
1454 2125 1517 2156 etsi
1531 2136 1596 2158 non
1609 2135 1692 2159 con-

979 2175 1054 2202 stat.
1081 2180 1122 2201 an
1148 2170 1234 2202 liber
1261 2171 1303 2200 de
1332 2170 1368 2202 B.
1400 2169 1546 2211 Hispan.
1573 2170 1617 2202 sit
1644 2171 1690 2202 ab

976 2214 1098 2245 eodem
1122 2221 1275 2248 auctore.
1299 2214 1361 2255 qui
1387 2214 1449 2246 lib.
1475 2216 1506 2245 8.
1531 2215 1572 2245 de
1590 2215 1631 2246 B.
1648 2216 1691 2246 G.

977 2264 1011 2289 et
1027 2258 1132 2290 libros
1146 2260 1187 2290 de
1213 2259 1249 2291 Β.
1274 2259 1371 2291 Alex.
1392 2264 1426 2290 et
1450 2258 1522 2290 Asr.
1545 2257 1690 2300 scripse-

978 2309 1040 2334 rat.
1065 2303 1116 2334 Μ.

1025 2350 1115 2382 Quos·-
1139 2351 1197 2390 qui
1221 2347 1340 2389 Irqent.
1402 2345 1575 2384 Quoniam
1604 2347 1691 2380 dicit

978 2402 1060 2433 quos
1084 2401 1223 2423 numero
1248 2390 1386 2432 plurali,
1410 2401 1547 2423 necesse
1570 2399 1633 2431 est,
1655 2399 1693 2424 ut

977 2435 1153 2477 superiora
1178 2435 1281 2466 verba
1306 2434 1354 2466 sic
1382 2434 1627 2478 intellig-amur,
1655 2444 1691 2468 ut

978 2480 1114 2511 duobus
1129 2480 1273 2511 diversis
1291 2479 1387 2511 libris
1406 2490 1631 2521 agnoscamus
1645 2480 1692 2512 ab

979 2523 1042 2555 hoc
1059 2530 1159 2555 aucto
1165 2535 1197 2556 re
1208 2523 1425 2555 continuatos
1434 2535 1507 2556 esse
1519 2535 1692 2556 commen-

976 2568 1082 2600 tarios
1099 2568 1257 2600 Cmsaris.
1286 2569 1335 2600 M.
1639 2569 1645 2572 '

1022 2614 1078 2644 Me
1093 2613 1206 2645 maliis
1223 2616 1342 2655 interp.
1357 2612 1418 2646 alii
1434 2613 1592 2646 medium.
1607 2612 1688 2644 item

975 2658 1113 2689 malins.

1026 2702 1216 2733 rmum-um
1255 2711 1381 2734 rerum.

974 2751 1106 2787 pessaria
1112 2756 1142 2776 m
1149 2768 1156 2775 .

1021 2791 1165 2821 Deessee.
1194 2788 1254 2821 alii
1270 2790 1370 2822 desit.

1021 2835 1179 2868 Praeln'm.
1203 2834 1363 2875 'sacomam
1393 2835 1461 2867 vid.
1481 2834 1690 2866 admonitio·

974 2887 1063 2913 nem.
1081 2877 1176 2910 libris
1191 2879 1233 2910 de
1248 2879 1288 2912 B.
1305 2880 1394 2912 Gall.
1417 2890 1438 2912 a
1458 2890 1511 2911 me
1535 2879 1689 2921 praemis-

974 2933 1058 2954 sam.
1084 2923 1135 2955 M.

1454 2701 1523 2734 Alii
1562 2700 1687 2733 addunt
