1946 3261
242 169 333 217 298
672 175 758 220 DE
789 176 993 221 BELLO
1025 175 1240 221 CIVILI.

239 315 268 345 a
304 299 455 343 castris
495 310 808 358 processerant,
849 303 906 346 ab
942 303 1162 361 equitibus
1203 304 1438 364 conreptiS,
1476 305 1527 348 fit
1567 305 1623 349 ab
1660 305 1723 350 his

239 358 400 410 certior
423 358 580 411 Caesar,
618 359 765 404 Duces
800 361 1147 406 adversariorum
1181 364 1352 407 silentio
1388 364 1536 423 copias
1571 365 1724 408 castris

237 416 433 460 educere.
498 417 597 466 Quo
617 420 808 476 cognito,
830 421 1003 479 signum
1034 421 1129 464 dari
1156 422 1286 481 jubet
1321 430 1367 465 et
1403 438 1507 465 vasa
1544 422 1721 466 militari

238 490 355 518 more
373 474 643 519 conclamari.
707 477 794 529 Illi,
828 479 1033 522 exaudito
1072 480 1272 533 clamore,
1309 481 1452 532 veriti,
1496 496 1548 524 ne
1587 488 1719 525 noctu

238 531 419 591 inpediti
442 533 525 577 sub
547 550 677 579 onere
698 538 930 596 confligere
951 548 1230 597 cogerentur,
1254 548 1332 583 aut
1349 556 1400 582 ne
1433 540 1490 583 ab
1517 539 1721 598 equitatu

238 591 418 634 Caesaris
440 591 483 634 in
500 595 707 651 angustiis
728 605 997 647 tenerentur,
1020 599 1102 641 iter
1126 599 1405 657 subprimunt
1428 598 1660 658 copiasque
1677 599 1721 643 in

235 649 384 692 castris
404 651 636 695 continent.
701 654 881 701 Postero
902 656 971 699 die
996 656 1194 700 Petreius
1215 674 1314 701 cum
1337 658 1482 717 paucis
1502 658 1720 716 equitibus

235 708 406 751 occulte
436 709 493 752 ad
515 711 784 770 exploranda
805 715 899 757 loca
921 715 1221 773 proficiscitur.
1302 716 1400 759 Hoc
1432 716 1547 760 idem
1581 715 1632 759 fit
1666 733 1720 760 ex

236 767 418 810 Caesaris
436 769 598 813 castris.
662 772 864 816 Mittitur
884 773 935 816 L.
962 774 1167 817 Decidius
1191 777 1306 818 Saxa
1327 792 1425 821 cum
1447 775 1610 835 paucis,
1643 775 1717 834 qui

235 825 317 869 loci
367 835 569 871 naturam
619 832 864 890 perspiciat.
951 833 1155 891 Uterque
1196 833 1311 877 idem
1346 834 1432 876 suis
1475 834 1716 884 renunciat,

233 884 427 944 quinque
467 887 585 930 milia
622 904 825 947 passuum
862 891 1060 949 proxima
1100 892 1367 937 intercedere
1403 892 1568 936 itineris
1608 908 1719 936 carn-

234 945 421 1002 pestris3
455 945 555 989 inde
577 948 775 1008 excipere
808 950 903 994 loca
939 965 1090 1010 aspera
1120 960 1164 994 et
1201 962 1452 995 montuosa:
1487 952 1563 1010 qui
1630 951 1720 995 rior

232 1002 308 1046 has
327 1004 548 1062 angustias
568 1009 862 1066 occupaverit,
879 1009 935 1052 ab
955 1008 1034 1052 hoc
1055 1009 1221 1053 hostem
1244 1011 1482 1070 prohiberi,
1500 969 1718 1054 nihii‘esse

233 1062 411 1119 negotii.

290 1121 362 1163 67.
397 1121 663 1181 Disputatur
684 1123 726 1166 in
746 1125 924 1169 consilio
945 1142 970 1169 a
994 1127 1169 1170 Petreio
1191 1136 1235 1170 et
1263 1128 1450 1172 Afranio
1471 1136 1516 1171 et
1543 1136 1717 1197 tempus

231 1180 514 1238 profectionis
555 1183 777 1240 quaeritur.
853 1185 1057 1243 Plerique
1078 1187 1329 1237 censebant,
1353 1196 1382 1214 “
1407 1196 1458 1230 ut
1479 1196 1610 1232 noctu
1633 1197 1716 1232 lter

231 1244 263 1264 “
286 1239 478 1283 facerent
497 1255 507 1280 :
543 1257 665 1299 posse
689 1243 808 1300 prius
829 1242 885 1285 ad
906 1245 1126 1302 angustias
1148 1245 1305 1294 veniri,
1341 1262 1473 1303 quam
1507 1246 1714 1290 sentiren-

231 1303 261 1322 “
284 1299 399 1341 tur.”
461 1298 566 1349 Alii,
590 1301 762 1358 “quod
804 1301 944 1360 pridie
983 1312 1116 1345 noctu
1167 1304 1483 1347 conclamatum
1523 1313 1633 1348 esset
1671 1305 1714 1350 in

230 1363 260 1381 “
282 1356 432 1400 castris
449 1357 644 1408 Caesaris,
676 1361 925 1418 argumenti
947 1362 1174 1405 sumebant
1207 1362 1317 1413 loco,
1341 1379 1424 1406 non
1458 1379 1578 1423 posse
1600 1364 1713 1409 clam

228 1421 258 1440 “
281 1414 421 1465 exiri;
452 1415 739 1461 circumfundi
772 1427 904 1461 noctu
936 1420 1181 1478 equitatum
1206 1421 1386 1465 Caesaris
1415 1432 1548 1481 atque
1568 1423 1713 1467 omnia

229 1474 377 1517 “loca
415 1482 551 1533 atque
594 1476 748 1519 itinera
789 1477 1010 1521 obsideri:
1074 1489 1371 1538 nocturnaque
1425 1481 1582 1540 proelia
1621 1499 1709 1526 esse

229 1539 258 1557 ‘⁶
282 1532 476 1584 vitanda,
502 1535 622 1592 quod
645 1537 907 1593 perterritus
936 1538 1054 1580 miles
1076 1539 1117 1581 in
1139 1539 1255 1582 civili
1278 1539 1534 1583 dissensione
1563 1541 1709 1584 timori

227 1598 258 1617 “
283 1592 437 1650 magis,
475 1609 606 1650 quam
649 1595 863 1652 religioni,
909 1596 1128 1639 consulere
1175 1600 1428 1648 consuerit;
1481 1608 1527 1642 at
1569 1600 1708 1643 lucem

227 1658 256 1676 “
281 1651 468 1694 multum
502 1668 581 1710 per
616 1668 660 1694 se
701 1654 909 1711 pudorem
949 1656 1136 1698 omnium
1177 1657 1326 1706 oculis,
1360 1658 1547 1701 multum
1576 1658 1707 1702 ctiam

223 1716 254 1735 “
279 1709 574 1753 Tribunorum
603 1711 788 1754 militum
809 1723 854 1755 et
874 1714 1190 1758 centurionum
1213 1717 1482 1782 praesentiam
1505 1717 1704 1760 adferre:

224 1775 254 1793 “
278 1767 436 1826 quibus
458 1769 586 1812 rebus
605 1771 792 1813 coerceri
814 1772 969 1815 milites
988 1782 1032 1815 et
1057 1774 1098 1816 in
1121 1775 1261 1817 officlo
1290 1775 1499 1818 contineri
1521 1776 1702 1820 soleant.

223 1836 253 1853 ‘⁶
279 1828 427 1877 Quare
463 1827 577 1871 omni
614 1829 782 1872 ratione
819 1847 907 1873 esse
951 1831 1139 1874 interdiu
1177 1833 1581 1893 perrumpendum;
1628 1836 1707 1878 etsi

224 1894 255 1912 “
277 1885 424 1944 aliquo
445 1894 626 1944 accepto
646 1887 930 1938 detrimento;
965 1898 1107 1934 tamen
1136 1908 1302 1935 summa
1334 1893 1547 1936 exercitus
1566 1893 1703 1943 salva,

223 1953 254 1971 “
278 1944 437 1995 locum,
461 1962 591 2002 quem
613 1955 783 2004 petant,
805 1949 903 2007 capi
926 1951 1093 2008 posse.'’
1154 1950 1262 1994 Haec
1291 1951 1422 1994 evicit
1453 1952 1496 1994 in
1529 1952 1706 1996 consilio

222 2003 434 2048 sententia
449 2013 494 2047 et
511 2005 653 2063 prima
675 2005 770 2049 luce
791 2007 997 2065 postridie
1020 2009 1290 2052 constituunt
1312 2010 1541 2069 proficisci.

282 2063 353 2105 68.
399 2064 558 2113 Caesar,
601 2065 838 2123 exploratis
872 2068 1138 2125 regionibuS,
1177 2068 1351 2112 albente
1392 2069 1517 2120 coelo,
1559 2086 1704 2114 omnes

223 2217 286 2250 Sed
304 2217 392 2249 nihil
414 2220 609 2250 mutandum
629 2219 772 2252 videtur.
804 2238 847 2244 ———
865 2222 930 2253 Lo-

223 2272 303 2293 cum
316 2261 466 2294 Frontini
489 2264 649 2303 (Strateg.
678 2267 705 2298 l.
737 2267 768 2295 8.
795 2266 831 2305 8)
857 2266 928 2307 jam

227 2305 368 2338 Vossius
385 2306 560 2339 indicavit.
591 2309 641 2338 M.
674 2308 741 2340 Ubi
758 2321 807 2341 res
823 2312 928 2342 adcu-

224 2350 329 2383 ratius
346 2356 509 2383 narratur.

271 2396 340 2427 Sub
354 2405 465 2427 onere.
495 2394 671 2435 Usitatius,
693 2397 755 2428 sub
772 2398 926 2430 sarcinis.

274 2483 491 2516 Tenerentur.
549 2483 702 2516 Freinsh.
743 2484 777 2517 in
816 2485 927 2518 indice

223 2527 333 2559 Curtii
352 2538 383 2560 v.
396 2529 540 2560 obterere
550 2528 692 2569 conjicit
708 2529 774 2569 leg.
785 2536 928 2562 tereren-

221 2576 290 2609 mr,
305 2577 341 2603 ut
357 2571 390 2603 iu
406 2572 501 2604 Curt.
518 2577 550 2611 4,
580 2574 629 2604 14.
662 2575 800 2614 unqac‘is
830 2585 926 2616 equo-

221 2626 299 2647 rum
313 2617 427 2647 obteri.
458 2618 491 2647 ld
506 2616 539 2648 h.
555 2617 576 2648 l.
594 2618 726 2649 frustra.

270 2661 500 2701 Submimu‘ne.
517 2673 549 2693 v.
567 2662 637 2693 lnd.
673 2662 721 2693 M.

270 2704 432 2735 Decidius
462 2706 567 2737 Sarra.
591 2705 659 2737 vid.
682 2705 757 2736 Cic.
775 2705 924 2747 Philipp.

225 2747 275 2784 11,
295 2750 324 2778 5.
341 2754 377 2779 et
395 2751 443 2786 13,
462 2750 512 2780 13.
527 2756 560 2781 et
575 2750 715 2791 passim.
735 2751 782 2781 M.

270 2791 314 2821 In
327 2793 471 2824 consilio.
497 2793 553 2826 Sic
571 2794 656 2826 bene
671 2793 817 2826 restituit
832 2794 923 2826 Oud.

223 2844 242 2865 e
259 2834 358 2867 codd.
376 2843 411 2866 et
426 2837 502 2869 edd.
523 2848 573 2879 pr.

269 2879 435 2920 Rele'ffl'oni
463 2883 615 2922 consulit,
644 2881 702 2924 qui
733 2882 922 2925 diligentis-

997 2223 1081 2254 simo
1101 2223 1195 2257 facit,
1219 2224 1309 2264 quod
1329 2224 1566 2266 jusjurandum
1583 2231 1617 2257 et
1629 2226 1701 2258 offi-

996 2268 1088 2299 cium
1108 2268 1294 2308 postulant.
1344 2270 1469 2303 Timor.
1497 2280 1537 2301 ne
1562 2269 1654 2302 cives
1669 2277 1701 2302 et

996 2312 1266 2349 consanguineos
1282 2314 1423 2344 caedant.
1440 2324 1470 2344 c.
1489 2315 1543 2345 74.
1577 2315 1626 2346 M.

1043 2357 1203 2388 Omnium
1230 2358 1345 2388 omme.
1391 2358 1456 2393 An,
1486 2360 1521 2389 in
1548 2360 1700 2391 omnium

995 2402 1097 2433 aculis
1110 2402 1124 2431 ‚²
1156 2400 1206 2431 M.
1248 2400 1368 2432 Marci.
1388 2401 1406 2432 1.
1425 2412 1456 2432 c.
1471 2413 1505 2443 p.
1523 2403 1597 2434 267.
1622 2413 1699 2444 pro-

996 2444 1055 2476 bat
1069 2445 1296 2486 conjecturam
1317 2444 1499 2477 Ciacconii
1515 2447 1590 2478 luce
1610 2447 1651 2486 (i.
1666 2458 1699 2478 e.

996 2488 1157 2527 interdiu)
1171 2490 1332 2519 —oculos
1345 2496 1378 2520 ct
1392 2491 1524 2521 confert
1538 2489 1577 2522 C.
1593 2494 1626 2529 2,
1643 2493 1698 2523 31.

994 2534 1060 2564 Sed
1087 2533 1178 2573 vulg.
1205 2532 1382 2564 codicibus
1421 2533 1538 2566 nixum
1570 2534 1697 2567 bonum

995 2587 1130 2608 sensum
1150 2577 1258 2608 offert.

1042 2622 1160 2661 ‚mqim
1186 2632 1257 2653 acc.
1282 2621 1366 2652 alr-er.
1406 2623 1493 2654 voci.
1510 2622 1606 2654 Leid.
1634 2624 1696 2654 ali-

993 2670 1132 2706 quanto.
1162 2665 1215 2696 Sic
1233 2666 1561 2707 Af.‘.›1.al1quamu.s·
1579 2678 1694 2699 nume-

994 2721 1061 2741 rus.

1040 2755 1181 2785 Summa
1193 2765 1300 2784 emere.
1317 2756 1424 2785 salz-a.
1448 2756 1550 2786 Gron-
1563 2757 1604 2787 ad
1619 2754 1693 2786 Liv.

994 2797 1089 2828 malit
1102 2808 1232 2829 summo
1248 2801 1394 2830 arei-citu
1407 2800 1510 2831 salvo.

1040 2843 1082 2873 ln
1095 2843 1238 2872 consilio.
1284 2842 1412 2873 Rursus
1428 2842 1476 2874 sic
1493 2842 1583 2874 Oud.
1599 2842 1691 2874 Idem

990 2887 1081 2915 erit-it
1097 2896 1115 2916 e
1134 2886 1232 2917 codd.
1249 2895 1309 2927 pro
1328 2887 1419 2927 vulg.
1435 2890 1522 2919 vicie.
