1946 3261
536 144 651 188 LIB.
687 143 747 188 ΙΙ.
811 144 949 188 ΟΑΡ.
984 142 1172 187 42—44.
1504 144 1587 186 341

110 271 364 322 Pollieetur,
385 272 690 330 magistrisque
722 272 907 330 imperat
941 271 1133 320 navium,
1169 277 1219 312 ut
1241 268 1382 328 primo
1409 285 1589 328 vespere

110 347 252 373 omnes
273 331 450 390 scaphas
480 332 535 374 ad
557 332 659 374 litus
694 331 898 389 adpulsas
930 329 1135 372 habeant.
1201 329 1290 372 Sed
1323 337 1470 372 tantus
1500 329 1589 372 fuit

109 391 300 432 omnium
321 399 479 440 terror,
513 400 563 432 ut
585 390 657 432 alii
680 389 824 432 adesse
846 388 990 447 copias
1011 388 1039 429 J
1046 388 1142 429 ubae
1163 387 1373 438 dicerent,
1395 388 1468 431 alii
1488 405 1588 431 cum

109 448 352 506 legionibus
375 450 533 491 instare
558 449 737 499 Varum,
768 449 943 505 jamque
981 463 1025 488 se
1060 446 1285 503 pulverem
1322 447 1590 490 venientium

106 524 307 558 cernere3
340 523 525 565 quarum
547 523 693 549 rerum
715 507 822 549 nihil
844 505 1016 549 omnino
1037 504 1254 546 acciderat
1275 521 1284 553 ;
1316 505 1390 549 alii
1410 507 1589 549 classem

107 566 296 609 hostium
327 566 524 609 celeriter
558 566 863 608 advolaturam
890 564 1226 622 suspicarentur.
1291 563 1463 622 Itaque,
1489 581 1589 623 per-

106 626 270 668 territis
317 625 532 673 omnibus,
576 625 657 666 sibi
700 625 884 683 quisque
921 621 1189 666 consulebat.
1256 622 1342 670 Qui
1377 624 1420 666 in
1458 625 1589 666 classe

107 692 248 733 erant,
271 683 484 742 proficisci
506 684 806 741 properabant
826 699 835 724 ι
870 683 1025 726 horum
1047 681 1157 737 fuga
1176 679 1353 723 navium
1373 684 1590 725 oneraria-

107 759 203 784 rum
225 742 451 800 magistros
480 742 712 785 incitabat:
748 742 877 800 pauci
902 740 1122 784 lenunculi
1154 740 1210 782 ad
1241 739 1431 782 officium
1454 740 1588 799 impe-

107 801 306 858 riumque
325 801 664 844 conveniebant:
699 801 773 843 sed
807 809 930 843 tanta
963 807 1072 849 erat,
1111 797 1334 857 completis
1369 798 1592 849 litoribus,

106 860 343 910 contentio,
368 860 444 917 qui
466 860 734 918 potissimum
753 877 806 902 ex
827 875 985 918 magno
1020 874 1201 901 numero
1238 858 1594 908 conscenderent,

105 927 156 961 ut
184 919 462 962 multitudine
494 927 627 977 atque
657 935 786 962 onere
809 917 1006 962 nonnulli
1026 917 1395 976 deprimerentur,
1434 917 1592 976 reliqui

106 977 164 1021 ob
179 977 378 1020 timorem
400 978 580 1036 propius
595 979 714 1020 adire
737 979 1031 1021 tardarentur.

162 1037 234 1079 44.
287 1037 458 1086 Quibus
500 1037 630 1080 rebus
672 1037 846 1087 accidit,
885 1046 935 1079 ut
979 1035 1107 1095 pauci
1148 1034 1308 1077 milit-es
1353 1040 1590 1093 patresque

107 1095 294 1146 familiae,
318 1096 395 1154 qui
417 1104 495 1138 aut
525 1097 681 1153 gratia,
705 1106 782 1138 aut
805 1095 1100 1138 misericordia
1120 1095 1335 1143 valerent,
1359 1102 1437 1136 aut
1459 1110 1591 1138 naves

106 1154 266 1197 adnare
295 1164 485 1213 possent,
522 1156 703 1214 recepti,
738 1156 779 1198 in
805 1155 998 1197 Siciliam
1021 1153 1255 1196 incolumes
1278 1153 1588 1212 pervenirent:

107 1213 286 1271 reliquae
322 1214 471 1272 copiae,
508 1214 642 1256 missis
679 1213 735 1256 ad
760 1214 927 1257 Varum
958 1222 1093 1257 noctu
1125 1212 1372 1271 legatorum
1409 1228 1592 1256 numero

108 1272 465 1322 centurionibus,
499 1290 585 1316 sese
616 1273 654 1315 ei
675 1273 968 1315 dediderunt:
1020 1288 1210 1330 quorum
1248 1271 1446 1315 cohortes
1478 1272 1590 1314 mili-

106 1339 202 1373 tum
222 1339 398 1388 postero
418 1332 488 1374 die
511 1339 612 1374 ante
640 1332 855 1389 oppidum
887 1332 915 1374 J
923 1332 1010 1374 uba
1039 1331 1324 1388 conspicatus,
1358 1347 1480 1373 suam
1502 1347 1593 1375 esse

106 1390 344 1448 praedicans
365 1390 572 1448 praedam,
602 1406 804 1447 magnam
837 1398 1007 1448 partem
1039 1405 1188 1431 eorum
1218 1389 1403 1432 interfici
1430 1390 1590 1447 jussit3

107 1465 266 1507 paucos
280 1449 438 1491 electos
462 1449 504 1492 in
529 1449 730 1507 Regnum
747 1449 926 1492 remisit.
991 1449 1139 1499 Quum
1155 1447 1299 1491 Varus
1319 1463 1440 1491 suam
1461 1447 1594 1491 fidem

105 1509 163 1551 ab
178 1524 228 1550 eo
251 1508 347 1551 laedi
362 1516 639 1565 quereretur,
669 1524 810 1565 neque
829 1508 1025 1551 resistere
1054 1507 1238 1550 auderet
1257 1523 1266 1549 :
1301 1508 1392 1565 ipse
1414 1522 1528 1565 equo
1548 1507 1592 1552 in

105 1567 317 1625 oppidum
349 1576 512 1617 vectus,
552 1568 916 1624 prosequentibus
953 1566 1250 1624 compluribus
1291 1566 1593 1620 senatoribus,

107 1641 193 1683 quo
230 1626 272 1668 in
310 1642 490 1669 numero
519 1634 613 1668 erat
637 1627 732 1668 Ser.
762 1626 985 1684 Sulpicius
1005 1634 1049 1667 et
1073 1624 1262 1666 Licinius
1286 1625 1594 1683 Damasippus,

106 1685 255 1743 paucis
287 1685 459 1734 diebus,
497 1701 593 1742 quae
628 1684 721 1727 fieri
743 1685 876 1727 vellet
900 1685 1058 1733 Uticae,
1094 1683 1322 1727 constituit
1354 1693 1487 1741 atque
1517 1684 1596 1726 im-

102 1744 288 1802 peravit,
309 1743 463 1787 diebus
483 1760 606 1802 aeque
628 1752 727 1802 post
750 1744 896 1802 paucis
917 1760 962 1786 se
984 1744 1026 1786 in
1050 1743 1253 1801 Regnum
1275 1759 1375 1786 cum
1392 1742 1592 1786 omnibus

106 1803 239 1861 copiis
256 1803 435 1862 recepit.

160 1880 377 1911 Venientsum.
403 1880 455 1911 Sic
473 1879 562 1911 Oud.
579 1891 597 1910 e
613 1880 712 1911 codd.
734 1879 814 1911 Vul-

109 1933 153 1964 go
170 1926 352 1955 venientem
366 1925 419 1955 vel
435 1927 637 1955 venientum.

154 1967 364 1999 Lemincum
394 1968 525 1999 Nonius
551 1968 737 2001 Marcellus
764 1972 813 2010 13,

109 2013 129 2042 8
144 2024 152 2042 2
169 2012 370 2042 lenunculus
379 2015 558 2053 naz-ispum
570 2016 793 2054 piscatorizmz
807 2026 816 2045 .·

109 2054 169 2095 qui
191 2064 232 2085 ex
260 2055 410 2086 Sallustii
436 2056 525 2088 nist.
552 2060 569 2086 2
597 2058 724 2088 adfert:
755 2068 816 2098 per

109 2103 236 2130 noctem
251 2100 289 2129 in
302 2100 478 2131 lenunculo
492 2103 630 2140 piscari.
675 2102 710 2132 In
726 2102 818 2143 glos-

111 2142 157 2173 sis
174 2141 332 2173 scribitur
350 2144 570 2179 lemancubus,
596 2146 689 2184 quod
718 2151 817 2186 putes

110 2197 131 2217 a
147 2187 380 2217 lembunculus
395 2193 518 2224 ortum,
533 2198 600 2228 quo
612 2189 750 2220 Tacitus
767 2191 816 2220 14.

114 2235 231 2261 5usus
246 2236 306 2262 est.
353 2230 417 2262 Sed
447 2232 551 2263 etiam
584 2232 819 2273 inscriptiones

109 2280 238 2306 veteres
246 2277 390 2315 corporis
403 2277 453 2307 cen
460 2278 632 2308 amulario
639 2288 716 2307 rum
725 2287 819 2308 nien-

110 2318 242 2350 tionem
287 2318 452 2357 fecerunt,
503 2321 593 2361 quod
640 2320 815 2362 vulgarem

113 2361 314 2402 scripturam
329 2364 514 2395 confirmat.
544 2366 722 2397 vellamus.
766 2365 815 2395 De

111 2417 146 2438 rc
174 2405 313 2437 omnino
345 2408 513 2439 consentit
545 2409 743 2450 Appianus;
783 2408 816 2440 in

111 2449 232 2492 paucis
264 2450 400 2491 quidem
434 2452 609 2484 diversitas
634 2458 696 2484 est.
746 2452 817 2491 Qui

112 2494 192 2526 huic
225 2494 361 2525 navium
393 2496 545 2537 magistri
583 2497 750 2536 dicuntur,
790 2496 816 2528 ii

113 2544 190 2570 sunt
205 2538 297 2578 apud
310 2538 504 2580 Appianum
522 2545 553 2577 2,
568 2542 621 2573 46.
638 2542 766 2584 gamem,
783 2547 817 2572 et

114 2593 193 2614 cura
210 2583 448 2614 servandarum
460 2584 678 2625 reliquiarum
688 2586 818 2616 exerci-

110 2632 166 2658 tus
188 2625 349 2657 tribuitur
375 2627 478 2659 etiam
506 2628 627 2660 Asinio
654 2629 818 2668 Pollioni,

110 2670 169 2711 qui
193 2681 270 2701 cum
296 2671 415 2712 paucis
440 2683 458 2703 e
488 2673 612 2714 proelio
640 2674 816 2714 effugerat.

111 2716 162 2747 M.

156 2760 364 2802 Leyatorum
378 2769 532 2793 numero.
575 2762 611 2793 In
627 2763 728 2794 codd.
742 2761 818 2804 qui-

883 1879 1027 1910 busdam
1044 1879 1166 1917 leg-itur
1179 1880 1295 1921 leyate's
1311 1889 1387 1911 cum
1411 1880 1503 1912 Cent.
1531 1881 1592 1912 sed

883 1930 916 1954 et
939 1924 979 1954 G.
1009 1927 1039 1962 5,
1073 1925 1126 1954 27.
1160 1930 1273 1955 noster
1302 1923 1406 1954 habet
1437 1924 1592 1956 obsidum

882 1978 1035 2007 numero,
1073 1968 1166 2009 quod
1196 1978 1263 1999 non
1295 1967 1491 1999 intellexere
1521 1967 1590 1999 lib-

884 2022 975 2043 ratu.

931 2058 1083 2090 Quorum
1111 2057 1258 2087 cohortes
1286 2057 1445 2088 miZitum.
1493 2054 1591 2088 Leid.

889 2103 915 2131 1.
931 2111 1080 2141 quarum
1117 2102 1304 2132 cohortium
1343 2102 1475 2139 milites,
1521 2110 1591 2132 non

889 2145 992 2175 male.

932 2188 1080 2226 Jntevfiei
1101 2190 1214 2228 jussit.
1262 2189 1297 2219 In
1329 2188 1500 2220 moenibus
1527 2199 1590 2220 eos

884 2231 1066 2272 disposuit,
1080 2238 1113 2262 et
1131 2232 1177 2263 ita
1191 2232 1368 2273 expositos
1392 2233 1590 2275 spectaculo

885 2276 966 2307 telis
982 2276 1106 2317 configi
1121 2276 1230 2317 jussit.
1268 2277 1419 2319 Appian.
1437 2281 1470 2316 2,
1484 2279 1536 2309 46.
1555 2289 1588 2319 p.

885 2322 961 2352 456.
975 2337 1021 2342 —
1036 2321 1180 2361 Propter
1198 2332 1350 2362 operam,
1364 2333 1385 2353 a
1400 2322 1494 2353 Juba
1511 2327 1591 2353 stre-

883 2374 949 2396 nue
974 2370 1142 2402 navatam,
1167 2366 1376 2407 Pompeiana
1403 2366 1507 2397 factio
1529 2365 1590 2396 Ju-

885 2409 962 2440 bam
980 2409 1110 2450 Regem
1125 2410 1368 2450 adpellandum
1385 2421 1458 2441 esse
1475 2411 1594 2441 decre-

884 2452 953 2491 vit;
989 2452 1177 2484 Caesariana
1205 2465 1285 2485 vero
1315 2454 1420 2486 factio
1436 2453 1593 2486 Bochum

883 2502 916 2528 et
932 2498 1122 2539 Bogudem,
1150 2496 1262 2530 hostes
1286 2498 1459 2540 Pompeii,
1484 2496 1591 2529 simili

885 2541 1012 2573 honore
1029 2541 1172 2573 ornavit.
1225 2542 1292 2576 Dio
1324 2544 1418 2575 Cass
1451 2543 1504 2579 41,
1536 2542 1590 2572 42.

930 2631 1060 2663 Diebus
1084 2640 1177 2672 reque
1196 2641 1231 2672 p.
1245 2642 1279 2671 p.
1327 2629 1384 2661 Sic
1409 2628 1589 2661 restituite

883 2675 982 2705 codd.
998 2680 1031 2706 et
1047 2675 1124 2712 edd.
1137 2680 1202 2706 vet.
1222 2673 1313 2705 Oud.
1346 2673 1400 2704 Sic
1418 2683 1486 2704 non
1502 2684 1590 2714 opus

883 2719 947 2750 erit
963 2730 1043 2751 cum
1060 2718 1196 2755 &minio
1223 2718 1336 2750 delere
1362 2717 1455 2759 prius
1472 2720 1594 2760 paucis

883 2763 1011 2797 diebus.
1068 2775 1115 2801 a„

1071 2819 1133 2840 em·
1161 2846 1164 2848 v
