1946 3261
267 346 399 381 casas,
421 343 519 388 quae
539 339 658 372 more
678 327 851 373 Gallico
869 330 1112 374 stramentis
1131 340 1256 376 erant
1277 339 1419 383 tectae,
1444 331 1585 392 jacere
1605 348 1746 394 coepe-

268 398 386 434 runt.
449 388 533 431 Hae
551 388 751 432 celeriter
771 388 911 446 ignem
933 389 1353 448 comprehenderunt
1380 400 1425 435 et
1446 393 1563 436 venti
1584 394 1746 452 magni-

268 447 419 490 tudine
456 446 501 490 in
541 462 710 490 omnem
749 455 989 491 castrorum
1026 449 1170 492 locum
1208 450 1487 494 distulerunt.
1568 451 1744 504 Hostes,

268 504 455 548 maximo
486 505 671 549 clamore
700 506 896 557 insecuti,
927 507 1050 565 quasi
1077 516 1206 566 parta
1234 509 1321 567 jam
1356 518 1491 568 atque
1519 510 1746 569 explorata

265 563 466 614 victoria,
501 571 646 608 turres
666 565 988 623 testudinesque
1018 582 1147 624 agere
1178 575 1222 610 et
1242 568 1364 611 scalis
1384 568 1549 612 vallum
1571 568 1744 612 adscen-

263 621 369 665 dere
389 631 632 681 coeperunt.
694 625 758 667 At
777 632 900 667 tanta
921 624 1110 668 militum
1129 625 1270 669 virtus
1289 636 1423 686 atque
1443 643 1493 670 ea
1514 631 1744 686 praesentia

262 680 394 725 animi
414 682 514 732 fuit,
535 691 604 732 ut,
625 698 761 741 quum
780 682 974 741 undique
989 683 1156 727 flamma
1173 693 1448 729 torrerentur
1466 686 1741 745 maximaque

263 740 453 784 telorum
471 741 749 784 multitudine
770 751 1071 801 premerentur
1099 759 1265 802 suaque
1288 746 1429 788 omnia
1447 745 1743 804 inpedimenta

261 807 395 856 atque
430 814 573 843 omnes
609 801 803 844 fortunas
837 801 1101 860 conflagrare
1134 803 1458 862 intellegerent,
1495 818 1581 846 non
1612 804 1741 848 modo

260 856 530 916 demigrandi
557 875 703 902 caussa
730 860 784 903 de
805 860 920 903 vallo
940 860 1169 904 decederet
1189 877 1330 911 nemo,
1361 862 1435 905 sed
1457 877 1577 920 paene
1598 876 1651 905 ne
1673 878 1740 906 re-

259 916 449 974 spiceret
479 916 655 976 quidem
686 919 934 977 quisquam3
976 935 1026 963 ac
1057 927 1151 962 tum
1188 935 1334 964 omnes
1363 920 1569 964 acerrime
1596 921 1739 965 fortis-

257 975 451 1034 simeque
470 987 732 1035 pugnarent.
797 977 883 1020 Hic
903 977 993 1021 dies
1013 979 1169 1022 nostris
1187 979 1316 1037 longe
1337 979 1608 1038 gravissimus
1627 979 1736 1031 fuit;

258 1033 333 1077 sed
353 1042 498 1078 tamen
517 1035 631 1078 hunc
651 1035 805 1080 habuit
823 1045 1042 1087 eventum,
1074 1046 1125 1080 ut
1153 1053 1203 1080 eo
1231 1038 1302 1081 die
1322 1038 1531 1081 maximus
1551 1037 1737 1082 hostium

257 1106 462 1136 numerus
491 1094 798 1138 vulneraretur
829 1104 962 1154 atque
994 1096 1331 1146 interficeretur,
1368 1106 1419 1140 ut
1449 1113 1493 1139 se
1531 1097 1614 1140 sub
1644 1097 1738 1156 ipso

254 1151 372 1194 vallo
403 1153 751 1211 constipaverant
782 1169 1080 1214 recessumque
1102 1155 1252 1214 primis
1279 1155 1421 1199 ultimi
1452 1170 1537 1198 non
1556 1155 1736 1199 dabant.

256 1210 463 1254 Paullum
500 1211 676 1270 quidem
712 1212 949 1256 intermissa
981 1215 1163 1263 flamma,
1197 1223 1242 1257 et
1275 1214 1465 1272 quodam
1494 1214 1589 1256 loeo
1622 1215 1736 1258 turri

252 1268 410 1312 adacta
442 1278 488 1313 et
524 1271 800 1330 contingente
831 1273 1011 1323 vallum,
1049 1274 1191 1316 tertiae
1227 1272 1414 1315 cohortis
1450 1273 1739 1317 Centuriones

251 1343 307 1371 ex
327 1343 392 1378 eo,
423 1344 512 1386 quo
539 1331 727 1380 stabant,
759 1330 853 1372 loco
884 1340 1151 1374 recesserunt
1172 1347 1357 1389 suosque
1379 1346 1523 1374 omnes
1544 1346 1734 1376 remove-

253 1394 379 1435 runt;
426 1395 537 1429 nutu
574 1389 842 1447 vocibusque
883 1388 1040 1439 hostes,
1077 1390 1109 1431 si
1146 1389 1326 1432 introire
1360 1390 1540 1440 vellent,
1577 1405 1734 1434 vocare

251 1454 494 1504 coeperunt,
530 1461 718 1503 quorum
743 1448 952 1506 progredi
973 1464 1101 1491 ausus
1121 1458 1185 1492 est
1206 1463 1343 1491 nemo.
1405 1449 1520 1491 Tum
1540 1464 1596 1492 ex
1620 1450 1733 1493 omni

251 1512 380 1563 parte
399 1504 616 1563 lapidibus
636 1506 837 1565 conjectis
857 1507 1083 1551 deturbati
1103 1508 1324 1565 turrisque
1345 1523 1545 1551 succensa
1565 1516 1645 1551 est.

310 1563 383 1607 44.
415 1563 556 1606 Erant
572 1563 614 1606 in
631 1580 681 1607 ea
696 1564 866 1622 legione
885 1565 1104 1608 fortissimi
1124 1567 1207 1609 viri
1227 1567 1530 1615 Centuriones,
1551 1567 1625 1624 qui
1639 1567 1730 1626 jam

252 1620 402 1679 primis
421 1621 644 1665 ordinibus
664 1623 1084 1682 adpropinquarent,
1119 1625 1171 1667 T.
1199 1625 1339 1667 Pulfio
1368 1634 1412 1668 et
1441 1625 1491 1667 L.
1518 1625 1729 1668 Varenus.

256 1679 318 1722 Hi
349 1688 586 1739 perpetuas
617 1682 930 1725 controversias
961 1684 1076 1725 inter
1096 1700 1138 1726 se
1161 1683 1393 1733 habebant,
1415 1684 1591 1742 quinam
1612 1692 1732 1727 ante-

251 1738 457 1789 ferretur,
489 1739 773 1799 omnibusque
794 1741 914 1784 annis
937 1741 991 1784 de
1014 1742 1109 1785 loco
1129 1743 1302 1785 summis
1323 1743 1613 1785 simultatibus
1632 1758 1731 1786 con-

251 1797 499 1841 tendebant.
562 1799 630 1841 Ex
648 1799 698 1841 iis
718 1799 875 1849 Pulfio,
897 1817 1033 1859 quum
1053 1802 1257 1844 acerrime
1273 1801 1328 1844 ad
1346 1802 1603 1844 munitiones
1617 1818 1731 1861 pug-

252 1865 445 1907 naretur,
471 1865 499 1883 ‘⁶
516 1857 634 1907 Quid
655 1857 874 1909 dubitas‚'’
895 1859 1051 1918 inquit,
1077 1869 1106 1886 ‘⁶
1124 1861 1322 1903 Varene?
1351 1869 1427 1902 aut
1445 1876 1572 1918 quem
1589 1860 1728 1905 locum

249 1922 280 1942 “
303 1916 535 1974 probandae
555 1916 732 1961 virtutis
751 1925 838 1961 tuae
855 1923 1051 1978 spectas?
1084 1919 1168 1969 hic,
1189 1919 1258 1962 hic
1277 1919 1366 1962 dies
1386 1919 1441 1961 de
1457 1919 1613 1962 nostris
1629 1935 1728 1963 con-

1072 2057 1111 2087 Ut
1125 2065 1169 2087 se.
1209 2054 1342 2085 Frustra
1357 2054 1497 2086 nomm.
1511 2054 1583 2086 vult
1597 2057 1645 2087 ila
1658 2065 1702 2088 xe.

1065 2100 1194 2132 Primis
1214 2099 1355 2130 ordinib.
1402 2098 1550 2139 Respice
1564 2100 1605 2130 ad
1620 2109 1653 2131 c.
1671 2101 1726 2132 31.

1067 2145 1190 2184 Pnlfio.
1229 2143 1282 2174 Al.
1300 2143 1413 2181 Pullo,
1430 2144 1560 2175 Pullus.
1578 2144 1629 2175 M.
1665 2143 1725 2176 Gr.

1020 2188 1193 2229 vulgatum
1209 2186 1325 2218 habet.

1066 2234 1223 2267 Quinam.
1272 2231 1397 2271 Vulgo,
1420 2235 1493 2262 uter
1514 2231 1621 2269 alteri,
1646 2242 1723 2273 quae

249 2052 339 2086 sistit
354 2052 477 2096 Caylus
498 2054 532 2087 in
548 2055 692 2088 Recueil
708 2055 739 2086 d’
751 2054 862 2096 Antiq.
880 2061 903 2086 t.
920 2058 953 2093 2,

250 2098 299 2140 pl.
316 2100 369 2131 93.
414 2100 450 2131 ln
466 2109 581 2131 earum
599 2110 663 2131 una
686 2099 955 2142 prominentibus

251 2142 359 2174 literis
397 2142 518 2184 legitur
555 2153 658 2176 rum.
719 2143 882 2175 Meminit
920 2149 953 2175 et

255 2185 379 2228 Virgil.
392 2187 464 2219 AEn.
481 2189 513 2226 7,
525 2189 602 2219 686.
640 2188 741 2220 Plura
753 2187 848 2219 dabit
858 2187 954 2230 Lips.

253 2231 326 2273 pol.
343 2234 375 2269 4,
391 2235 419 2264 3.

302 2276 498 2317 Fervefacta
509 2277 640 2318 jacula.
685 2277 737 2308 An
754 2282 829 2307 sunt
847 2274 954 2317 ignita

249 2319 341 2351 tela?
379 2320 413 2352 In
440 2319 496 2351 Gr.
525 2319 692 2361 metaphr.
723 2318 848 2350 διάπυροι
877 2319 953 2356 βέλη

251 2363 418 2396 dicuntur.
460 2363 563 2396 Tales
577 2363 670 2395 fuere
685 2350 849 2402 malleoli,
865 2375 953 2405 quos

252 2407 295 2439 ad
325 2418 357 2439 c.
381 2410 427 2440 14.
455 2408 498 2439 de
528 2407 620 2439 bello
651 2407 747 2438 Alex.
775 2408 952 2448 descripsi.

251 2452 344 2484 Idem
361 2450 483 2485 Vossio
497 2458 531 2483 et
546 2450 687 2484 Davisio
705 2451 842 2492 placuit.
858 2453 906 2483 M.

301 2497 417 2529 Casas.
458 2496 541 2527 Sunt
555 2495 775 2528 tabernacula
791 2494 824 2526 in
840 2495 951 2528 hiber-

250 2538 304 2571 nis
329 2540 573 2573 Romanorum.
596 2541 644 2572 M.
689 2539 792 2570 Casas
814 2540 897 2570 tales
920 2546 953 2571 et

250 2585 343 2626 apud
375 2585 560 2616 Germanos
595 2589 738 2616 structas
769 2583 867 2615 offert
894 2594 953 2615 co-

248 2628 364 2660 lumna
379 2628 557 2661 Antonina.

300 2673 452 2706 Insecuta.
477 2672 596 2704 Potius
607 2683 625 2703 e
639 2672 738 2704 codd.
749 2676 782 2703 et
792 2671 869 2702 edd.
883 2677 948 2704 vet.

249 2716 424 2757 legendum
449 2716 528 2749 erit:
569 2717 687 2749 Hostes
709 2717 856 2747 marimo
879 2718 948 2748 cla-

251 2770 351 2797 more,
375 2763 466 2794 sicuti
483 2763 733 2802 partajam—
750 2759 808 2791 i.e.
834 2764 868 2790 ut
892 2760 947 2799 sit,

249 2802 310 2834 ubi
330 2804 397 2844 jam
415 2811 505 2847 parta
520 2811 570 2836 est
585 2803 741 2835 victoria.
766 2803 816 2835 M.
864 2802 948 2835 Vul-

247 2852 362 2888 gatum
377 2848 513 2881 Graeens
526 2848 640 2880 habet.

299 2891 348 2922 Ne
362 2895 527 2934 respiceret
542 2893 686 2934 quidem.
732 2890 856 2924 Contra
870 2890 946 2922 Cic.

247 2934 349 2966 Catil.
373 2940 405 2975 9,
428 2938 455 2967 l.
479 2941 639 2978 retorquet
661 2936 770 2968 oculos
794 2937 840 2968 ad
861 2937 949 2967 hanc

251 2979 378 3012 urbem.
413 2979 466 3015 Cf.
482 2979 633 3014 Clericus
649 2980 689 3012 A.
705 2979 780 3015 crit.
801 2982 829 3020 1,
845 2983 877 3020 2,
893 2983 925 3013 2.

1018 2281 1068 2307 est
1083 2275 1284 2317 explicatio.
1301 2276 1351 2306 M.
1390 2274 1521 2306 Phaedr.
1539 2276 1633 2312 1,24.
1649 2278 1724 2318 quis

1018 2323 1125 2360 major
1141 2325 1217 2351 esset
1227 2321 1242 2350 ἒ

1064 2366 1116 2395 De
1146 2365 1226 2401 lom,
1266 2360 1476 2400 honestiore,
1506 2361 1631 2404 priore.
1670 2364 1721 2395 M.

1017 2407 1110 2439 Male
1131 2407 1191 2439 alii
1208 2409 1318 2439 locum
1341 2416 1464 2447 cepere
1480 2407 1522 2438 de
1537 2407 1642 2448 gradu
1657 2410 1722 2439 mi-

1011 2453 1116 2484 litari.
1426 2475 1429 2477 Α

1061 2495 1258 2528 Probamlae.
1305 2495 1339 2526 ln
1365 2494 1464 2526 codd.
1489 2500 1523 2525 et
1545 2495 1719 2527 edd.autt.

1014 2539 1181 2581 plerisque
1197 2545 1246 2571 est
1263 2549 1324 2581 pro
1339 2538 1402 2570 hoe
1415 2538 1596 2581 verbo,pro
1607 2540 1719 2579 laude,

1013 2584 1107 2615 nullo
1141 2584 1279 2616 fortasse
1317 2592 1426 2614 sensu.
1472 2583 1661 2615 Probandae
1696 2593 1716 2614 e

1013 2628 1122 2660 Graec.
1137 2628 1303 2668 metaplir.
1320 2626 1509 2658 defenditur
1531 2637 1550 2658 a
1573 2626 1716 2659 Davisio

1010 2677 1044 2703 et
1059 2671 1209 2711 Clarkio.
1229 2671 1288 2703 ubi
1303 2678 1365 2707 est,
1382 2671 1475 2714 acu-cg&
1492 2670 1544 2701 ‘nii
1557 2668 1717 2708 ἰς’διίξαισ·

1011 2717 1068 2747 θαι
1083 2716 1197 2760 ἀρετήν.
1221 2717 1272 2747 M.

1059 2757 1607 2802 Spectas,circumspicis,quaeris.
1633 2756 1716 2790 Vul-

1012 2814 1056 2845 go
1070 2810 1243 2846 eaexpectas.
1270 2804 1319 2835 M.

1061 2849 1139 2885 Hic,
1155 2848 1303 2880 inedies.
1350 2846 1462 2887 Vulgo
1485 2847 1538 2878 hic
1558 2847 1640 2885 dies,
1663 2847 1717 2878 hic

1013 2892 1091 2923 dies.
1139 2891 1311 2933 Languida
1329 2891 1430 2923 nimis
1446 2890 1612 2931 repetitio.
1657 2890 1714 2922 Cf.

1013 2937 1105 2967 (Ὁτι.
1131 2936 1173 2966 ad
1199 2935 1333 2969 Sallust.
1357 2935 1432 2968 Cat.
1457 2937 1511 2968 20.
1559 2936 1615 2969 En
1641 2935 1716 2973 illa,

1011 2981 1073 3014 scca
1085 2979 1230 3018 libertas,
