<?xml version="1.0" encoding="UTF-8"?>
<!DOCTYPE html PUBLIC "-//W3C//DTD XHTML 1.0 Transitional//EN"
    "http://www.w3.org/TR/xhtml1/DTD/xhtml1-transitional.dtd">
<html xmlns="http://www.w3.org/1999/xhtml" xml:lang="en" lang="en">
 <head>
  <title>
</title>
<meta http-equiv="Content-Type" content="text/html;charset=utf-8" />
  <meta name='ocr-system' content='tesseract 3.04.00' />
  <meta name='ocr-capabilities' content='ocr_page ocr_carea ocr_par ocr_line ocrx_word'/>
</head>
<body>
  <div class='ocr_page' id='page_1' title='image "./commentariidebel00caesuoft_0539.png"; bbox 0 0 1946 3261; ppageno 0'>
   <div class='ocr_carea' id='block_1_1' title="bbox 104 998 289 1046">
    <p class='ocr_par' dir='ltr' id='par_1_1' title="bbox 104 998 289 1046">
     <span class='ocr_line' id='line_1_1' title="bbox 104 998 289 1046; baseline 0.005 -9"><span class='ocrx_word' id='word_1_1' title='bbox 104 1040 111 1046; x_wconf 56' lang='grc'>,</span> <span class='ocrx_word' id='word_1_2' title='bbox 162 998 289 1040; x_wconf 89' lang='lat' dir='ltr'>versi.</span> 
     </span>
    </p>
   </div>
   <div class='ocr_carea' id='block_1_2' title="bbox 630 283 1652 332">
    <p class='ocr_par' dir='ltr' id='par_1_2' title="bbox 630 283 1652 332">
     <span class='ocr_line' id='line_1_2' title="bbox 630 283 1652 332; baseline -0.005 -1"><span class='ocrx_word' id='word_1_3' title='bbox 630 287 749 332; x_wconf 90' lang='lat' dir='ltr'><strong>LIB.</strong></span> <span class='ocrx_word' id='word_1_4' title='bbox 812 287 951 332; x_wconf 85' lang='lat' dir='ltr'>CAP.</span> <span class='ocrx_word' id='word_1_5' title='bbox 982 287 1174 332; x_wconf 70' lang='lat'>38—41&#39;.</span> <span class='ocrx_word' id='word_1_6' title='bbox 1567 283 1652 327; x_wconf 82' lang='lat'>499</span> 
     </span>
    </p>
   </div>
   <div class='ocr_carea' id='block_1_3' title="bbox 157 406 1660 2530">
    <p class='ocr_par' dir='ltr' id='par_1_3' title="bbox 166 406 1660 512">
     <span class='ocr_line' id='line_1_3' title="bbox 168 406 1660 476; baseline -0.003 -18"><span class='ocrx_word' id='word_1_7' title='bbox 168 406 269 476; x_wconf 52' lang='lat'>§3889</span> <span class='ocrx_word' id='word_1_8' title='bbox 285 425 303 476; x_wconf 43' lang='grc' dir='ltr'>ς.</span> <span class='ocrx_word' id='word_1_9' title='bbox 333 411 555 469; x_wconf 82' lang='lat' dir='ltr'>equitatus</span> <span class='ocrx_word' id='word_1_10' title='bbox 581 414 648 458; x_wconf 91' lang='lat' dir='ltr'>sui</span> <span class='ocrx_word' id='word_1_11' title='bbox 678 415 790 459; x_wconf 89' lang='lat' dir='ltr'>alam</span> <span class='ocrx_word' id='word_1_12' title='bbox 816 414 1031 459; x_wconf 85' lang='lat' dir='ltr'>sinistram</span> <span class='ocrx_word' id='word_1_13' title='bbox 1057 414 1114 458; x_wconf 89' lang='lat' dir='ltr'>ad</span> <span class='ocrx_word' id='word_1_14' title='bbox 1140 408 1491 457; x_wconf 83' lang='lat' dir='ltr'>intercludendos</span> <span class='ocrx_word' id='word_1_15' title='bbox 1517 408 1660 459; x_wconf 87' lang='lat' dir='ltr'>hostes</span> 
     </span>
     <span class='ocr_line' id='line_1_4' title="bbox 166 477 340 512; baseline 0.011 -4"><span class='ocrx_word' id='word_1_16' title='bbox 166 477 340 512; x_wconf 80' lang='lat' dir='ltr'>inm1s1t.</span> 
     </span>
    </p>

    <p class='ocr_par' dir='ltr' id='par_1_4' title="bbox 161 527 1660 1764">
     <span class='ocr_line' id='line_1_5' title="bbox 226 527 1657 592; baseline 0.002 -23"><span class='ocrx_word' id='word_1_17' title='bbox 226 527 296 570; x_wconf 76' lang='grc'>40.</span> <span class='ocrx_word' id='word_1_18' title='bbox 333 529 444 573; x_wconf 90' lang='lat' dir='ltr'>Erat</span> <span class='ocrx_word' id='word_1_19' title='bbox 482 530 525 574; x_wconf 90' lang='lat' dir='ltr'>in</span> <span class='ocrx_word' id='word_1_20' title='bbox 561 548 612 575; x_wconf 91' lang='lat' dir='ltr'>eo</span> <span class='ocrx_word' id='word_1_21' title='bbox 645 549 812 592; x_wconf 88' lang='lat' dir='ltr'>campo,</span> <span class='ocrx_word' id='word_1_22' title='bbox 843 532 919 576; x_wconf 90' lang='lat' dir='ltr'>ubi</span> <span class='ocrx_word' id='word_1_23' title='bbox 946 549 995 576; x_wconf 86' lang='lat' dir='ltr'>ea</span> <span class='ocrx_word' id='word_1_24' title='bbox 1031 547 1098 575; x_wconf 87' lang='lat' dir='ltr'>res</span> <span class='ocrx_word' id='word_1_25' title='bbox 1136 530 1387 588; x_wconf 81' lang='lat' dir='ltr'>gerebatur,</span> <span class='ocrx_word' id='word_1_26' title='bbox 1420 528 1526 573; x_wconf 88' lang='lat' dir='ltr'>villa</span> <span class='ocrx_word' id='word_1_27' title='bbox 1559 543 1657 587; x_wconf 90' lang='lat' dir='ltr'>per·-</span> 
     </span>
     <span class='ocr_line' id='line_1_6' title="bbox 166 588 1657 647; baseline 0.005 -21"><span class='ocrx_word' id='word_1_28' title='bbox 166 600 336 644; x_wconf 82' lang='lat' dir='ltr'>magna,</span> <span class='ocrx_word' id='word_1_29' title='bbox 357 598 548 646; x_wconf 88' lang='lat' dir='ltr'>quatuor</span> <span class='ocrx_word' id='word_1_30' title='bbox 569 592 763 635; x_wconf 88' lang='lat' dir='ltr'>turribus</span> <span class='ocrx_word' id='word_1_31' title='bbox 783 600 1020 640; x_wconf 85' lang='lat' dir='ltr'>exstructa,</span> <span class='ocrx_word' id='word_1_32' title='bbox 1052 606 1147 647; x_wconf 87' lang='lat' dir='ltr'>quae</span> <span class='ocrx_word' id='word_1_33' title='bbox 1168 588 1349 631; x_wconf 83' lang='lat' dir='ltr'>Labieni</span> <span class='ocrx_word' id='word_1_34' title='bbox 1378 596 1657 646; x_wconf 85' lang='lat' dir='ltr'>prospectum</span> 
     </span>
     <span class='ocr_line' id='line_1_7' title="bbox 166 643 1657 707; baseline 0.002 -22"><span class='ocrx_word' id='word_1_35' title='bbox 166 643 429 702; x_wconf 80' lang='lat' dir='ltr'>inpediebat,</span> <span class='ocrx_word' id='word_1_36' title='bbox 453 665 504 691; x_wconf 91' lang='lat' dir='ltr'>ne</span> <span class='ocrx_word' id='word_1_37' title='bbox 523 659 666 707; x_wconf 91' lang='lat' dir='ltr'>posset</span> <span class='ocrx_word' id='word_1_38' title='bbox 685 652 875 694; x_wconf 88' lang='lat' dir='ltr'>animum</span> <span class='ocrx_word' id='word_1_39' title='bbox 897 651 1142 699; x_wconf 88' lang='lat' dir='ltr'>advertere,</span> <span class='ocrx_word' id='word_1_40' title='bbox 1171 647 1228 689; x_wconf 88' lang='lat' dir='ltr'>ab</span> <span class='ocrx_word' id='word_1_41' title='bbox 1249 647 1447 703; x_wconf 85' lang='lat' dir='ltr'>equitatu</span> <span class='ocrx_word' id='word_1_42' title='bbox 1480 646 1657 690; x_wconf 79' lang='lat' dir='ltr'>Caesaris</span> 
     </span>
     <span class='ocr_line' id='line_1_8' title="bbox 165 704 1659 766; baseline 0.003 -22"><span class='ocrx_word' id='word_1_43' title='bbox 165 719 208 744; x_wconf 93' lang='lat' dir='ltr'>se</span> <span class='ocrx_word' id='word_1_44' title='bbox 230 704 472 749; x_wconf 86' lang='lat' dir='ltr'>intercludi.</span> <span class='ocrx_word' id='word_1_45' title='bbox 536 708 693 765; x_wconf 89' lang='lat' dir='ltr'>Itaque</span> <span class='ocrx_word' id='word_1_46' title='bbox 715 725 800 752; x_wconf 91' lang='lat' dir='ltr'>non</span> <span class='ocrx_word' id='word_1_47' title='bbox 822 710 943 766; x_wconf 90' lang='lat' dir='ltr'>prius</span> <span class='ocrx_word' id='word_1_48' title='bbox 965 708 1076 752; x_wconf 91' lang='lat' dir='ltr'>vidit</span> <span class='ocrx_word' id='word_1_49' title='bbox 1098 715 1261 749; x_wconf 83' lang='lat' dir='ltr'>turmas</span> <span class='ocrx_word' id='word_1_50' title='bbox 1283 705 1311 747; x_wconf 89' lang='lat' dir='ltr'>J</span> <span class='ocrx_word' id='word_1_51' title='bbox 1316 705 1494 755; x_wconf 86' lang='lat' dir='ltr'>ulianas,</span> <span class='ocrx_word' id='word_1_52' title='bbox 1526 720 1659 762; x_wconf 86' lang='lat' dir='ltr'>quam</span> 
     </span>
     <span class='ocr_line' id='line_1_9' title="bbox 164 764 1658 825; baseline 0.002 -23"><span class='ocrx_word' id='word_1_53' title='bbox 164 777 260 804; x_wconf 89' lang='lat' dir='ltr'>suos</span> <span class='ocrx_word' id='word_1_54' title='bbox 282 765 384 806; x_wconf 84' lang='lat' dir='ltr'>caedi</span> <span class='ocrx_word' id='word_1_55' title='bbox 405 781 429 807; x_wconf 92' lang='lat' dir='ltr'>a</span> <span class='ocrx_word' id='word_1_56' title='bbox 451 773 576 824; x_wconf 82' lang='lat' dir='ltr'>tergo</span> <span class='ocrx_word' id='word_1_57' title='bbox 599 767 741 810; x_wconf 89' lang='lat' dir='ltr'>sensit.</span> <span class='ocrx_word' id='word_1_58' title='bbox 805 769 873 811; x_wconf 83' lang='lat' dir='ltr'>Ex</span> <span class='ocrx_word' id='word_1_59' title='bbox 894 784 980 825; x_wconf 85' lang='lat' dir='ltr'>qua</span> <span class='ocrx_word' id='word_1_60' title='bbox 1002 783 1048 810; x_wconf 90' lang='lat' dir='ltr'>re</span> <span class='ocrx_word' id='word_1_61' title='bbox 1070 765 1216 807; x_wconf 86' lang='lat' dir='ltr'>subito</span> <span class='ocrx_word' id='word_1_62' title='bbox 1249 764 1292 806; x_wconf 91' lang='lat' dir='ltr'>in</span> <span class='ocrx_word' id='word_1_63' title='bbox 1317 772 1529 806; x_wconf 87' lang='lat' dir='ltr'>terrorem</span> <span class='ocrx_word' id='word_1_64' title='bbox 1558 779 1658 806; x_wconf 86' lang='lat' dir='ltr'>con-</span> 
     </span>
     <span class='ocr_line' id='line_1_10' title="bbox 164 821 1655 879; baseline 0.002 -18"><span class='ocrx_word' id='word_1_65' title='bbox 164 834 288 864; x_wconf 88' lang='lat' dir='ltr'>verso</span> <span class='ocrx_word' id='word_1_66' title='bbox 310 824 509 879; x_wconf 87' lang='lat' dir='ltr'>equitatu</span> <span class='ocrx_word' id='word_1_67' title='bbox 533 825 839 874; x_wconf 86' lang='lat' dir='ltr'>Numidarum,</span> <span class='ocrx_word' id='word_1_68' title='bbox 881 835 997 868; x_wconf 83' lang='lat' dir='ltr'>recta</span> <span class='ocrx_word' id='word_1_69' title='bbox 1019 826 1061 865; x_wconf 89' lang='lat' dir='ltr'>in</span> <span class='ocrx_word' id='word_1_70' title='bbox 1082 830 1222 865; x_wconf 86' lang='lat' dir='ltr'>castra</span> <span class='ocrx_word' id='word_1_71' title='bbox 1245 821 1398 877; x_wconf 83' lang='lat' dir='ltr'>fugere</span> <span class='ocrx_word' id='word_1_72' title='bbox 1420 822 1655 864; x_wconf 82' lang='lat' dir='ltr'>contendit.</span> 
     </span>
     <span class='ocr_line' id='line_1_11' title="bbox 168 878 1658 940; baseline 0.001 -20"><span class='ocrx_word' id='word_1_73' title='bbox 168 878 287 922; x_wconf 87' lang='lat' dir='ltr'>Galli</span> <span class='ocrx_word' id='word_1_74' title='bbox 312 883 622 940; x_wconf 89' lang='lat' dir='ltr'>Germanique,</span> <span class='ocrx_word' id='word_1_75' title='bbox 656 883 731 939; x_wconf 90' lang='lat' dir='ltr'>qui</span> <span class='ocrx_word' id='word_1_76' title='bbox 755 884 1020 930; x_wconf 82' lang='lat' dir='ltr'>restiterant,</span> <span class='ocrx_word' id='word_1_77' title='bbox 1050 896 1102 922; x_wconf 83' lang='lat' dir='ltr'>ex</span> <span class='ocrx_word' id='word_1_78' title='bbox 1126 879 1347 937; x_wconf 82' lang='lat' dir='ltr'>superiore</span> <span class='ocrx_word' id='word_1_79' title='bbox 1377 878 1472 921; x_wconf 91' lang='lat' dir='ltr'>loco</span> <span class='ocrx_word' id='word_1_80' title='bbox 1492 888 1537 922; x_wconf 90' lang='lat' dir='ltr'>et</span> <span class='ocrx_word' id='word_1_81' title='bbox 1558 889 1658 937; x_wconf 87' lang='lat' dir='ltr'>post</span> 
     </span>
     <span class='ocr_line' id='line_1_12' title="bbox 163 936 1660 999; baseline 0 -19"><span class='ocrx_word' id='word_1_82' title='bbox 163 943 338 996; x_wconf 81' lang='lat' dir='ltr'>tergum</span> <span class='ocrx_word' id='word_1_83' title='bbox 360 940 658 992; x_wconf 79' lang='lat' dir='ltr'>circumventi,</span> <span class='ocrx_word' id='word_1_84' title='bbox 683 942 941 999; x_wconf 86' lang='lat' dir='ltr'>fortiterque</span> <span class='ocrx_word' id='word_1_85' title='bbox 972 940 1235 987; x_wconf 83' lang='lat' dir='ltr'>resistentes,</span> <span class='ocrx_word' id='word_1_86' title='bbox 1261 936 1547 981; x_wconf 89' lang='lat' dir='ltr'>conciduntur</span> <span class='ocrx_word' id='word_1_87' title='bbox 1566 937 1660 980; x_wconf 84' lang='lat' dir='ltr'>uni-</span> 
     </span>
     <span class='ocr_line' id='line_1_13' title="bbox 354 998 1658 1057; baseline -0.002 -16"><span class='ocrx_word' id='word_1_88' title='bbox 354 999 483 1048; x_wconf 79' lang='lat' dir='ltr'>Quod</span> <span class='ocrx_word' id='word_1_89' title='bbox 520 1000 597 1043; x_wconf 89' lang='lat' dir='ltr'>ubi</span> <span class='ocrx_word' id='word_1_90' title='bbox 631 1000 819 1057; x_wconf 79' lang='lat' dir='ltr'>legiones</span> <span class='ocrx_word' id='word_1_91' title='bbox 853 999 1080 1057; x_wconf 85' lang='lat' dir='ltr'>Scipionis,</span> <span class='ocrx_word' id='word_1_92' title='bbox 1115 1014 1211 1055; x_wconf 89' lang='lat' dir='ltr'>quae</span> <span class='ocrx_word' id='word_1_93' title='bbox 1248 1012 1327 1053; x_wconf 90' lang='lat' dir='ltr'>pro</span> <span class='ocrx_word' id='word_1_94' title='bbox 1356 998 1504 1040; x_wconf 86' lang='lat' dir='ltr'>castris</span> <span class='ocrx_word' id='word_1_95' title='bbox 1534 1004 1658 1039; x_wconf 86' lang='lat' dir='ltr'>erant</span> 
     </span>
     <span class='ocr_line' id='line_1_14' title="bbox 161 1053 1658 1108; baseline 0.001 -13"><span class='ocrx_word' id='word_1_96' title='bbox 161 1053 395 1108; x_wconf 85' lang='lat' dir='ltr'>instructae,</span> <span class='ocrx_word' id='word_1_97' title='bbox 425 1059 615 1101; x_wconf 88' lang='lat' dir='ltr'>animum</span> <span class='ocrx_word' id='word_1_98' title='bbox 640 1059 952 1102; x_wconf 86' lang='lat' dir='ltr'>adverterunt:</span> <span class='ocrx_word' id='word_1_99' title='bbox 986 1066 1106 1100; x_wconf 88' lang='lat' dir='ltr'>metu</span> <span class='ocrx_word' id='word_1_100' title='bbox 1138 1073 1187 1099; x_wconf 89' lang='lat' dir='ltr'>ac</span> <span class='ocrx_word' id='word_1_101' title='bbox 1216 1064 1386 1098; x_wconf 88' lang='lat' dir='ltr'>terrore</span> <span class='ocrx_word' id='word_1_102' title='bbox 1414 1056 1658 1106; x_wconf 79' lang='lat' dir='ltr'>obcaecatae,</span> 
     </span>
     <span class='ocr_line' id='line_1_15' title="bbox 163 1114 1657 1175; baseline 0 -19"><span class='ocrx_word' id='word_1_103' title='bbox 163 1114 358 1158; x_wconf 89' lang='lat' dir='ltr'>omnibus</span> <span class='ocrx_word' id='word_1_104' title='bbox 400 1119 537 1175; x_wconf 88' lang='lat' dir='ltr'>portis</span> <span class='ocrx_word' id='word_1_105' title='bbox 580 1118 623 1160; x_wconf 86' lang='lat' dir='ltr'>in</span> <span class='ocrx_word' id='word_1_106' title='bbox 662 1135 738 1160; x_wconf 87' lang='lat' dir='ltr'>sua</span> <span class='ocrx_word' id='word_1_107' title='bbox 779 1127 918 1161; x_wconf 87' lang='lat' dir='ltr'>castra</span> <span class='ocrx_word' id='word_1_108' title='bbox 959 1116 1111 1174; x_wconf 81' lang='lat' dir='ltr'>fugere</span> <span class='ocrx_word' id='word_1_109' title='bbox 1160 1123 1401 1172; x_wconf 85' lang='lat' dir='ltr'>coeperunt.</span> <span class='ocrx_word' id='word_1_110' title='bbox 1485 1115 1657 1165; x_wconf 87' lang='lat' dir='ltr'>Postea,</span> 
     </span>
     <span class='ocr_line' id='line_1_16' title="bbox 164 1172 1660 1234; baseline 0.001 -19"><span class='ocrx_word' id='word_1_111' title='bbox 164 1173 366 1232; x_wconf 87' lang='lat' dir='ltr'>Scipione</span> <span class='ocrx_word' id='word_1_112' title='bbox 384 1176 561 1233; x_wconf 82' lang='lat' dir='ltr'>ejusque</span> <span class='ocrx_word' id='word_1_113' title='bbox 583 1177 718 1234; x_wconf 88' lang='lat' dir='ltr'>copiis</span> <span class='ocrx_word' id='word_1_114' title='bbox 735 1192 888 1234; x_wconf 89' lang='lat' dir='ltr'>campo</span> <span class='ocrx_word' id='word_1_115' title='bbox 909 1176 1180 1232; x_wconf 89' lang='lat' dir='ltr'>collibusque</span> <span class='ocrx_word' id='word_1_116' title='bbox 1201 1173 1445 1217; x_wconf 80' lang='lat' dir='ltr'>exturbatis</span> <span class='ocrx_word' id='word_1_117' title='bbox 1464 1181 1597 1232; x_wconf 87' lang='lat' dir='ltr'>atque</span> <span class='ocrx_word' id='word_1_118' title='bbox 1616 1172 1660 1216; x_wconf 89' lang='lat' dir='ltr'>in</span> 
     </span>
     <span class='ocr_line' id='line_1_17' title="bbox 162 1231 1660 1294; baseline -0.001 -19"><span class='ocrx_word' id='word_1_119' title='bbox 162 1241 301 1275; x_wconf 87' lang='lat' dir='ltr'>castra</span> <span class='ocrx_word' id='word_1_120' title='bbox 336 1235 584 1293; x_wconf 87' lang='lat' dir='ltr'>compulsis,</span> <span class='ocrx_word' id='word_1_121' title='bbox 619 1252 754 1293; x_wconf 87' lang='lat' dir='ltr'>quum</span> <span class='ocrx_word' id='word_1_122' title='bbox 787 1235 983 1294; x_wconf 90' lang='lat' dir='ltr'>receptui</span> <span class='ocrx_word' id='word_1_123' title='bbox 1022 1234 1166 1276; x_wconf 83' lang='lat' dir='ltr'>Caesar</span> <span class='ocrx_word' id='word_1_124' title='bbox 1195 1233 1289 1276; x_wconf 90' lang='lat' dir='ltr'>cani</span> <span class='ocrx_word' id='word_1_125' title='bbox 1316 1232 1505 1291; x_wconf 81' lang='lat' dir='ltr'>jussisset</span> <span class='ocrx_word' id='word_1_126' title='bbox 1537 1231 1660 1290; x_wconf 86' lang='lat' dir='ltr'>equi-</span> 
     </span>
     <span class='ocr_line' id='line_1_18' title="bbox 162 1292 1658 1349; baseline 0 -17"><span class='ocrx_word' id='word_1_127' title='bbox 162 1299 390 1349; x_wconf 84' lang='lat' dir='ltr'>tatumque</span> <span class='ocrx_word' id='word_1_128' title='bbox 432 1310 602 1337; x_wconf 88' lang='lat' dir='ltr'>omnem</span> <span class='ocrx_word' id='word_1_129' title='bbox 637 1295 752 1337; x_wconf 87' lang='lat' dir='ltr'>intra</span> <span class='ocrx_word' id='word_1_130' title='bbox 791 1311 886 1337; x_wconf 85' lang='lat' dir='ltr'>suas</span> <span class='ocrx_word' id='word_1_131' title='bbox 923 1293 1180 1336; x_wconf 88' lang='lat' dir='ltr'>munitiones</span> <span class='ocrx_word' id='word_1_132' title='bbox 1222 1292 1468 1348; x_wconf 83' lang='lat' dir='ltr'>recepisset,</span> <span class='ocrx_word' id='word_1_133' title='bbox 1505 1305 1658 1349; x_wconf 89' lang='lat' dir='ltr'>campo</span> 
     </span>
     <span class='ocr_line' id='line_1_19' title="bbox 163 1350 1657 1410; baseline 0.001 -19"><span class='ocrx_word' id='word_1_134' title='bbox 163 1360 371 1407; x_wconf 80' lang='lat' dir='ltr'>purgato,</span> <span class='ocrx_word' id='word_1_135' title='bbox 406 1353 713 1395; x_wconf 83' lang='lat' dir='ltr'>animadvertit</span> <span class='ocrx_word' id='word_1_136' title='bbox 745 1353 925 1395; x_wconf 88' lang='lat' dir='ltr'>mirifica</span> <span class='ocrx_word' id='word_1_137' title='bbox 954 1368 1136 1410; x_wconf 85' lang='lat' dir='ltr'>corpora</span> <span class='ocrx_word' id='word_1_138' title='bbox 1161 1351 1391 1394; x_wconf 83' lang='lat' dir='ltr'>Gallorum</span> <span class='ocrx_word' id='word_1_139' title='bbox 1416 1350 1657 1393; x_wconf 88' lang='lat' dir='ltr'>Germano-</span> 
     </span>
     <span class='ocr_line' id='line_1_20' title="bbox 162 1408 1656 1470; baseline 0 -21"><span class='ocrx_word' id='word_1_140' title='bbox 162 1424 364 1466; x_wconf 88' lang='lat' dir='ltr'>rumque,</span> <span class='ocrx_word' id='word_1_141' title='bbox 387 1412 461 1468; x_wconf 88' lang='lat' dir='ltr'>qui</span> <span class='ocrx_word' id='word_1_142' title='bbox 484 1412 644 1469; x_wconf 88' lang='lat' dir='ltr'>partim</span> <span class='ocrx_word' id='word_1_143' title='bbox 665 1413 756 1470; x_wconf 80' lang='lat' dir='ltr'>ejus</span> <span class='ocrx_word' id='word_1_144' title='bbox 775 1412 1082 1455; x_wconf 89' lang='lat' dir='ltr'>auctoritatem</span> <span class='ocrx_word' id='word_1_145' title='bbox 1109 1417 1234 1453; x_wconf 87' lang='lat' dir='ltr'>erant</span> <span class='ocrx_word' id='word_1_146' title='bbox 1261 1426 1314 1451; x_wconf 81' lang='lat' dir='ltr'>ex</span> <span class='ocrx_word' id='word_1_147' title='bbox 1338 1408 1483 1450; x_wconf 81' lang='lat' dir='ltr'>Gallia</span> <span class='ocrx_word' id='word_1_148' title='bbox 1502 1409 1656 1460; x_wconf 88' lang='lat' dir='ltr'>secuti,</span> 
     </span>
     <span class='ocr_line' id='line_1_21' title="bbox 161 1466 1657 1528; baseline 0.001 -20"><span class='ocrx_word' id='word_1_149' title='bbox 161 1468 321 1524; x_wconf 85' lang='lat' dir='ltr'>partim</span> <span class='ocrx_word' id='word_1_150' title='bbox 341 1470 484 1526; x_wconf 88' lang='lat' dir='ltr'>pretio</span> <span class='ocrx_word' id='word_1_151' title='bbox 507 1471 980 1528; x_wconf 82' lang='lat' dir='ltr'>pollicitationibusque</span> <span class='ocrx_word' id='word_1_152' title='bbox 1001 1469 1182 1512; x_wconf 86' lang='lat' dir='ltr'>adducti</span> <span class='ocrx_word' id='word_1_153' title='bbox 1200 1467 1256 1510; x_wconf 86' lang='lat' dir='ltr'>ad</span> <span class='ocrx_word' id='word_1_154' title='bbox 1279 1484 1377 1510; x_wconf 91' lang='lat' dir='ltr'>eum</span> <span class='ocrx_word' id='word_1_155' title='bbox 1398 1483 1441 1513; x_wconf 78' lang='lat' dir='ltr'>se</span> <span class='ocrx_word' id='word_1_156' title='bbox 1463 1466 1657 1510; x_wconf 90' lang='lat' dir='ltr'>contule-</span> 
     </span>
     <span class='ocr_line' id='line_1_22' title="bbox 162 1525 1656 1588; baseline 0.001 -20"><span class='ocrx_word' id='word_1_157' title='bbox 162 1535 291 1575; x_wconf 87' lang='lat' dir='ltr'>1·ant;</span> <span class='ocrx_word' id='word_1_158' title='bbox 323 1529 534 1579; x_wconf 84' lang='lat' dir='ltr'>nonnulli,</span> <span class='ocrx_word' id='word_1_159' title='bbox 568 1530 645 1588; x_wconf 92' lang='lat' dir='ltr'>qui</span> <span class='ocrx_word' id='word_1_160' title='bbox 676 1546 730 1572; x_wconf 80' lang='lat' dir='ltr'>ex</span> <span class='ocrx_word' id='word_1_161' title='bbox 763 1529 964 1572; x_wconf 87' lang='lat' dir='ltr'>Curionis</span> <span class='ocrx_word' id='word_1_162' title='bbox 996 1528 1151 1586; x_wconf 86' lang='lat' dir='ltr'>proelio</span> <span class='ocrx_word' id='word_1_163' title='bbox 1181 1527 1297 1584; x_wconf 89' lang='lat' dir='ltr'>capti</span> <span class='ocrx_word' id='word_1_164' title='bbox 1327 1525 1656 1582; x_wconf 79' lang='lat' dir='ltr'>conservatique</span> 
     </span>
     <span class='ocr_line' id='line_1_23' title="bbox 162 1584 1657 1646; baseline 0 -19"><span class='ocrx_word' id='word_1_165' title='bbox 162 1586 311 1642; x_wconf 77' lang='lat' dir='ltr'>parem</span> <span class='ocrx_word' id='word_1_166' title='bbox 326 1590 517 1644; x_wconf 82' lang='lat' dir='ltr'>gratiam</span> <span class='ocrx_word' id='word_1_167' title='bbox 534 1588 577 1631; x_wconf 90' lang='lat' dir='ltr'>in</span> <span class='ocrx_word' id='word_1_168' title='bbox 598 1589 680 1631; x_wconf 90' lang='lat' dir='ltr'>fide</span> <span class='ocrx_word' id='word_1_169' title='bbox 703 1588 929 1646; x_wconf 88' lang='lat' dir='ltr'>partienda</span> <span class='ocrx_word' id='word_1_170' title='bbox 951 1595 1155 1645; x_wconf 81' lang='lat' dir='ltr'>praestare</span> <span class='ocrx_word' id='word_1_171' title='bbox 1172 1586 1421 1628; x_wconf 87' lang='lat' dir='ltr'>voluerunt.</span> <span class='ocrx_word' id='word_1_172' title='bbox 1483 1584 1657 1627; x_wconf 87' lang='lat' dir='ltr'>Horum</span> 
     </span>
     <span class='ocr_line' id='line_1_24' title="bbox 162 1646 1655 1705; baseline -0.001 -19"><span class='ocrx_word' id='word_1_173' title='bbox 162 1660 363 1702; x_wconf 87' lang='lat' dir='ltr'>corpora,</span> <span class='ocrx_word' id='word_1_174' title='bbox 385 1646 562 1689; x_wconf 85' lang='lat' dir='ltr'>mirifica</span> <span class='ocrx_word' id='word_1_175' title='bbox 584 1649 725 1705; x_wconf 86' lang='lat' dir='ltr'>specie</span> <span class='ocrx_word' id='word_1_176' title='bbox 747 1647 1143 1705; x_wconf 86' lang='lat' dir='ltr'>amplitudineque,</span> <span class='ocrx_word' id='word_1_177' title='bbox 1169 1660 1276 1688; x_wconf 87' lang='lat' dir='ltr'>caesa</span> <span class='ocrx_word' id='word_1_178' title='bbox 1308 1651 1402 1686; x_wconf 88' lang='lat' dir='ltr'>toto</span> <span class='ocrx_word' id='word_1_179' title='bbox 1431 1659 1584 1701; x_wconf 89' lang='lat' dir='ltr'>campo</span> <span class='ocrx_word' id='word_1_180' title='bbox 1605 1659 1655 1686; x_wconf 86' lang='lat' dir='ltr'>ac</span> 
     </span>
     <span class='ocr_line' id='line_1_25' title="bbox 162 1706 801 1764; baseline 0.003 -19"><span class='ocrx_word' id='word_1_181' title='bbox 162 1713 384 1760; x_wconf 87' lang='lat' dir='ltr'>prostrata</span> <span class='ocrx_word' id='word_1_182' title='bbox 404 1706 570 1748; x_wconf 88' lang='lat' dir='ltr'>diverse</span> <span class='ocrx_word' id='word_1_183' title='bbox 585 1707 801 1764; x_wconf 83' lang='lat' dir='ltr'>jacebant.</span> 
     </span>
    </p>

    <p class='ocr_par' dir='ltr' id='par_1_5' title="bbox 157 1760 1655 2530">
     <span class='ocr_line' id='line_1_26' title="bbox 219 1760 1655 1824; baseline -0.001 -21"><span class='ocrx_word' id='word_1_184' title='bbox 219 1763 291 1804; x_wconf 79' lang='lat'>41.</span> <span class='ocrx_word' id='word_1_185' title='bbox 330 1763 409 1806; x_wconf 92' lang='lat' dir='ltr'>His</span> <span class='ocrx_word' id='word_1_186' title='bbox 430 1765 560 1808; x_wconf 91' lang='lat' dir='ltr'>rebus</span> <span class='ocrx_word' id='word_1_187' title='bbox 577 1765 722 1823; x_wconf 84' lang='lat' dir='ltr'>gestis,</span> <span class='ocrx_word' id='word_1_188' title='bbox 746 1773 919 1824; x_wconf 90' lang='lat' dir='ltr'>postero</span> <span class='ocrx_word' id='word_1_189' title='bbox 954 1763 1024 1806; x_wconf 90' lang='lat' dir='ltr'>die</span> <span class='ocrx_word' id='word_1_190' title='bbox 1059 1764 1203 1806; x_wconf 81' lang='lat' dir='ltr'>Caesar</span> <span class='ocrx_word' id='word_1_191' title='bbox 1235 1778 1288 1804; x_wconf 81' lang='lat' dir='ltr'>ex</span> <span class='ocrx_word' id='word_1_192' title='bbox 1317 1760 1512 1804; x_wconf 89' lang='lat' dir='ltr'>omnibus</span> <span class='ocrx_word' id='word_1_193' title='bbox 1547 1775 1655 1818; x_wconf 84' lang='lat' dir='ltr'>prae-</span> 
     </span>
     <span class='ocr_line' id='line_1_27' title="bbox 159 1818 1655 1881; baseline -0.001 -18"><span class='ocrx_word' id='word_1_194' title='bbox 159 1820 276 1864; x_wconf 88' lang='lat' dir='ltr'>sidiis</span> <span class='ocrx_word' id='word_1_195' title='bbox 303 1822 498 1866; x_wconf 89' lang='lat' dir='ltr'>cohortes</span> <span class='ocrx_word' id='word_1_196' title='bbox 523 1824 676 1867; x_wconf 83' lang='lat' dir='ltr'>eduxit</span> <span class='ocrx_word' id='word_1_197' title='bbox 707 1834 841 1881; x_wconf 90' lang='lat' dir='ltr'>atque</span> <span class='ocrx_word' id='word_1_198' title='bbox 874 1839 1019 1866; x_wconf 89' lang='lat' dir='ltr'>omnes</span> <span class='ocrx_word' id='word_1_199' title='bbox 1043 1838 1139 1865; x_wconf 87' lang='lat' dir='ltr'>suas</span> <span class='ocrx_word' id='word_1_200' title='bbox 1172 1821 1317 1879; x_wconf 81' lang='lat' dir='ltr'>copias</span> <span class='ocrx_word' id='word_1_201' title='bbox 1350 1821 1391 1862; x_wconf 90' lang='lat' dir='ltr'>in</span> <span class='ocrx_word' id='word_1_202' title='bbox 1415 1836 1570 1877; x_wconf 89' lang='lat' dir='ltr'>campo</span> <span class='ocrx_word' id='word_1_203' title='bbox 1593 1818 1655 1861; x_wconf 90' lang='lat' dir='ltr'>in-</span> 
     </span>
     <span class='ocr_line' id='line_1_28' title="bbox 159 1879 1653 1941; baseline -0.001 -20"><span class='ocrx_word' id='word_1_204' title='bbox 159 1880 331 1923; x_wconf 84' lang='lat' dir='ltr'>struxit.</span> <span class='ocrx_word' id='word_1_205' title='bbox 397 1883 561 1941; x_wconf 81' lang='lat' dir='ltr'>Scipio,</span> <span class='ocrx_word' id='word_1_206' title='bbox 584 1884 668 1926; x_wconf 90' lang='lat' dir='ltr'>suis</span> <span class='ocrx_word' id='word_1_207' title='bbox 688 1884 797 1926; x_wconf 88' lang='lat' dir='ltr'>male</span> <span class='ocrx_word' id='word_1_208' title='bbox 820 1882 1025 1941; x_wconf 87' lang='lat' dir='ltr'>acceptis,</span> <span class='ocrx_word' id='word_1_209' title='bbox 1048 1881 1194 1923; x_wconf 87' lang='lat' dir='ltr'>occisis</span> <span class='ocrx_word' id='word_1_210' title='bbox 1227 1879 1653 1936; x_wconf 83' lang='lat' dir='ltr'>convulneratisque‚</span> 
     </span>
     <span class='ocr_line' id='line_1_29' title="bbox 157 1936 1653 1998; baseline -0.003 -17"><span class='ocrx_word' id='word_1_211' title='bbox 157 1936 277 1982; x_wconf 82' lang='lat' dir='ltr'>intra</span> <span class='ocrx_word' id='word_1_212' title='bbox 295 1957 391 1983; x_wconf 85' lang='lat' dir='ltr'>suas</span> <span class='ocrx_word' id='word_1_213' title='bbox 419 1942 640 1984; x_wconf 89' lang='lat' dir='ltr'>continere</span> <span class='ocrx_word' id='word_1_214' title='bbox 666 1959 709 1985; x_wconf 91' lang='lat' dir='ltr'>se</span> <span class='ocrx_word' id='word_1_215' title='bbox 740 1942 998 1984; x_wconf 87' lang='lat' dir='ltr'>munitiones</span> <span class='ocrx_word' id='word_1_216' title='bbox 1033 1941 1182 1998; x_wconf 88' lang='lat' dir='ltr'>coepit.</span> <span class='ocrx_word' id='word_1_217' title='bbox 1248 1940 1406 1987; x_wconf 82' lang='lat' dir='ltr'>Caesar,</span> <span class='ocrx_word' id='word_1_218' title='bbox 1440 1938 1653 1980; x_wconf 85' lang='lat' dir='ltr'>instructa</span> 
     </span>
     <span class='ocr_line' id='line_1_30' title="bbox 159 1995 1654 2059; baseline -0.003 -20"><span class='ocrx_word' id='word_1_219' title='bbox 159 1998 264 2049; x_wconf 86' lang='lat' dir='ltr'>acie,</span> <span class='ocrx_word' id='word_1_220' title='bbox 287 2000 524 2042; x_wconf 91' lang='lat' dir='ltr'>secundum</span> <span class='ocrx_word' id='word_1_221' title='bbox 540 2001 703 2043; x_wconf 83' lang='lat' dir='ltr'>infimas</span> <span class='ocrx_word' id='word_1_222' title='bbox 720 2001 814 2059; x_wconf 79' lang='lat' dir='ltr'>jugi</span> <span class='ocrx_word' id='word_1_223' title='bbox 833 2000 1012 2049; x_wconf 85' lang='lat' dir='ltr'>radices,</span> <span class='ocrx_word' id='word_1_224' title='bbox 1032 1999 1211 2058; x_wconf 89' lang='lat' dir='ltr'>propius</span> <span class='ocrx_word' id='word_1_225' title='bbox 1228 1997 1486 2039; x_wconf 88' lang='lat' dir='ltr'>munitiones</span> <span class='ocrx_word' id='word_1_226' title='bbox 1499 1995 1654 2037; x_wconf 86' lang='lat' dir='ltr'>leniter</span> 
     </span>
     <span class='ocr_line' id='line_1_31' title="bbox 158 2052 1652 2120; baseline -0.001 -23"><span class='ocrx_word' id='word_1_227' title='bbox 158 2057 347 2099; x_wconf 87' lang='lat' dir='ltr'>accessit.</span> <span class='ocrx_word' id='word_1_228' title='bbox 392 2059 582 2116; x_wconf 83' lang='lat' dir='ltr'>Jamque</span> <span class='ocrx_word' id='word_1_229' title='bbox 599 2060 737 2102; x_wconf 88' lang='lat' dir='ltr'>minus</span> <span class='ocrx_word' id='word_1_230' title='bbox 758 2059 857 2101; x_wconf 91' lang='lat' dir='ltr'>mile</span> <span class='ocrx_word' id='word_1_231' title='bbox 880 2075 1080 2117; x_wconf 89' lang='lat' dir='ltr'>passuum</span> <span class='ocrx_word' id='word_1_232' title='bbox 1102 2058 1157 2100; x_wconf 91' lang='lat' dir='ltr'>ab</span> <span class='ocrx_word' id='word_1_233' title='bbox 1175 2055 1337 2114; x_wconf 88' lang='lat' dir='ltr'>oppido</span> <span class='ocrx_word' id='word_1_234' title='bbox 1360 2055 1508 2103; x_wconf 80' lang='lat' dir='ltr'>Uzita,</span> <span class='ocrx_word' id='word_1_235' title='bbox 1532 2052 1652 2120; x_wconf 70' lang='lat' dir='ltr'>quod</span> 
     </span>
     <span class='ocr_line' id='line_1_32' title="bbox 163 2113 1650 2176; baseline -0.001 -20"><span class='ocrx_word' id='word_1_236' title='bbox 163 2115 310 2173; x_wconf 87' lang='lat' dir='ltr'>Scipio</span> <span class='ocrx_word' id='word_1_237' title='bbox 333 2118 525 2167; x_wconf 86' lang='lat' dir='ltr'>tenebat,</span> <span class='ocrx_word' id='word_1_238' title='bbox 546 2119 728 2161; x_wconf 87' lang='lat' dir='ltr'>aberant</span> <span class='ocrx_word' id='word_1_239' title='bbox 756 2118 946 2176; x_wconf 80' lang='lat' dir='ltr'>legiones</span> <span class='ocrx_word' id='word_1_240' title='bbox 971 2117 998 2159; x_wconf 86' lang='lat' dir='ltr'><strong>J</strong></span> <span class='ocrx_word' id='word_1_241' title='bbox 1005 2116 1173 2164; x_wconf 77' lang='lat' dir='ltr'>ulianae,</span> <span class='ocrx_word' id='word_1_242' title='bbox 1195 2130 1328 2172; x_wconf 84' lang='lat' dir='ltr'>quum</span> <span class='ocrx_word' id='word_1_243' title='bbox 1352 2113 1516 2170; x_wconf 87' lang='lat' dir='ltr'>Scipio,</span> <span class='ocrx_word' id='word_1_244' title='bbox 1539 2128 1650 2155; x_wconf 82' lang='lat' dir='ltr'>Verl-</span> 
     </span>
     <span class='ocr_line' id='line_1_33' title="bbox 159 2172 1650 2234; baseline -0.003 -18"><span class='ocrx_word' id='word_1_245' title='bbox 159 2182 245 2223; x_wconf 89' lang='lat' dir='ltr'>tus,</span> <span class='ocrx_word' id='word_1_246' title='bbox 284 2190 337 2217; x_wconf 89' lang='lat' dir='ltr'>ne</span> <span class='ocrx_word' id='word_1_247' title='bbox 372 2176 585 2234; x_wconf 87' lang='lat' dir='ltr'>oppidum</span> <span class='ocrx_word' id='word_1_248' title='bbox 610 2177 847 2226; x_wconf 88' lang='lat' dir='ltr'>amitteret,</span> <span class='ocrx_word' id='word_1_249' title='bbox 886 2175 1000 2218; x_wconf 91' lang='lat' dir='ltr'>unde</span> <span class='ocrx_word' id='word_1_250' title='bbox 1031 2174 1182 2232; x_wconf 84' lang='lat' dir='ltr'>aquari</span> <span class='ocrx_word' id='word_1_251' title='bbox 1215 2172 1480 2229; x_wconf 85' lang='lat' dir='ltr'>reliquisque</span> <span class='ocrx_word' id='word_1_252' title='bbox 1521 2172 1650 2214; x_wconf 90' lang='lat' dir='ltr'>rebus</span> 
     </span>
     <span class='ocr_line' id='line_1_34' title="bbox 157 2230 1650 2294; baseline -0.003 -19"><span class='ocrx_word' id='word_1_253' title='bbox 157 2233 378 2276; x_wconf 84' lang='lat' dir='ltr'>sublevari</span> <span class='ocrx_word' id='word_1_254' title='bbox 412 2236 501 2294; x_wconf 75' lang='lat' dir='ltr'>ejus</span> <span class='ocrx_word' id='word_1_255' title='bbox 536 2236 749 2278; x_wconf 84' lang='lat' dir='ltr'>exercitus</span> <span class='ocrx_word' id='word_1_256' title='bbox 782 2242 1028 2283; x_wconf 85' lang='lat' dir='ltr'>consuerat,</span> <span class='ocrx_word' id='word_1_257' title='bbox 1064 2232 1230 2276; x_wconf 86' lang='lat' dir='ltr'>eductis</span> <span class='ocrx_word' id='word_1_258' title='bbox 1261 2231 1461 2275; x_wconf 84' lang='lat' dir='ltr'>omnibus</span> <span class='ocrx_word' id='word_1_259' title='bbox 1500 2230 1650 2287; x_wconf 86' lang='lat' dir='ltr'>copiis,</span> 
     </span>
     <span class='ocr_line' id='line_1_35' title="bbox 159 2289 1653 2350; baseline -0.003 -16"><span class='ocrx_word' id='word_1_260' title='bbox 159 2293 436 2350; x_wconf 88' lang='lat' dir='ltr'>quadruplici</span> <span class='ocrx_word' id='word_1_261' title='bbox 474 2295 564 2337; x_wconf 90' lang='lat' dir='ltr'>acie</span> <span class='ocrx_word' id='word_1_262' title='bbox 594 2295 805 2336; x_wconf 88' lang='lat' dir='ltr'>instructa</span> <span class='ocrx_word' id='word_1_263' title='bbox 841 2310 893 2336; x_wconf 74' lang='lat' dir='ltr'>ex</span> <span class='ocrx_word' id='word_1_264' title='bbox 930 2293 1127 2335; x_wconf 86' lang='lat' dir='ltr'>instituto</span> <span class='ocrx_word' id='word_1_265' title='bbox 1155 2308 1249 2339; x_wconf 92' lang='lat' dir='ltr'>suo,</span> <span class='ocrx_word' id='word_1_266' title='bbox 1286 2290 1426 2348; x_wconf 86' lang='lat' dir='ltr'>prima</span> <span class='ocrx_word' id='word_1_267' title='bbox 1459 2289 1653 2348; x_wconf 88' lang='lat' dir='ltr'>equestri</span> 
     </span>
     <span class='ocr_line' id='line_1_36' title="bbox 158 2347 1648 2411; baseline -0.002 -19"><span class='ocrx_word' id='word_1_268' title='bbox 158 2352 384 2394; x_wconf 84' lang='lat' dir='ltr'>turmatim</span> <span class='ocrx_word' id='word_1_269' title='bbox 423 2353 604 2403; x_wconf 85' lang='lat' dir='ltr'>directa,</span> <span class='ocrx_word' id='word_1_270' title='bbox 643 2353 969 2411; x_wconf 82' lang='lat' dir='ltr'>elephantisque</span> <span class='ocrx_word' id='word_1_271' title='bbox 1004 2351 1174 2393; x_wconf 86' lang='lat' dir='ltr'>turritis</span> <span class='ocrx_word' id='word_1_272' title='bbox 1211 2347 1474 2406; x_wconf 82' lang='lat' dir='ltr'>interpositis</span> <span class='ocrx_word' id='word_1_273' title='bbox 1511 2363 1648 2390; x_wconf 87' lang='lat' dir='ltr'>arma-</span> 
     </span>
     <span class='ocr_line' id='line_1_37' title="bbox 157 2406 1648 2469; baseline -0.003 -18"><span class='ocrx_word' id='word_1_274' title='bbox 157 2410 316 2467; x_wconf 91' lang='lat' dir='ltr'>tisque,</span> <span class='ocrx_word' id='word_1_275' title='bbox 347 2412 566 2469; x_wconf 85' lang='lat' dir='ltr'>subpetias</span> <span class='ocrx_word' id='word_1_276' title='bbox 602 2412 664 2455; x_wconf 84' lang='lat' dir='ltr'>ire.</span> <span class='ocrx_word' id='word_1_277' title='bbox 697 2411 933 2454; x_wconf 87' lang='lat' dir='ltr'>contendit.</span> <span class='ocrx_word' id='word_1_278' title='bbox 1014 2409 1144 2460; x_wconf 81' lang='lat' dir='ltr'>Quod</span> <span class='ocrx_word' id='word_1_279' title='bbox 1178 2408 1255 2451; x_wconf 88' lang='lat' dir='ltr'>ubi</span> <span class='ocrx_word' id='word_1_280' title='bbox 1291 2408 1432 2450; x_wconf 82' lang='lat' dir='ltr'>Caesar</span> <span class='ocrx_word' id='word_1_281' title='bbox 1459 2406 1648 2449; x_wconf 89' lang='lat' dir='ltr'>animad-</span> 
     </span>
     <span class='ocr_line' id='line_1_38' title="bbox 158 2465 1646 2530; baseline -0.002 -20"><span class='ocrx_word' id='word_1_282' title='bbox 158 2469 310 2519; x_wconf 86' lang='lat' dir='ltr'>vertit,</span> <span class='ocrx_word' id='word_1_283' title='bbox 341 2470 595 2522; x_wconf 84' lang='lat' dir='ltr'>arbitratus,</span> <span class='ocrx_word' id='word_1_284' title='bbox 631 2471 879 2530; x_wconf 87' lang='lat' dir='ltr'>Scipionem</span> <span class='ocrx_word' id='word_1_285' title='bbox 908 2469 963 2512; x_wconf 86' lang='lat' dir='ltr'>ad</span> <span class='ocrx_word' id='word_1_286' title='bbox 991 2467 1280 2512; x_wconf 86' lang='lat' dir='ltr'>dimicandum</span> <span class='ocrx_word' id='word_1_287' title='bbox 1302 2475 1505 2525; x_wconf 88' lang='lat' dir='ltr'>paratum</span> <span class='ocrx_word' id='word_1_288' title='bbox 1525 2465 1581 2508; x_wconf 84' lang='lat' dir='ltr'>ad</span> <span class='ocrx_word' id='word_1_289' title='bbox 1602 2481 1646 2508; x_wconf 89' lang='lat' dir='ltr'>se</span> 
     </span>
    </p>
   </div>
   <div class='ocr_carea' id='block_1_4' title="bbox 211 2608 1640 2654">
    <p class='ocr_par' dir='ltr' id='par_1_6' title="bbox 211 2608 1640 2654">
     <span class='ocr_line' id='line_1_39' title="bbox 211 2608 1640 2654; baseline -0.001 -12"><span class='ocrx_word' id='word_1_290' title='bbox 211 2613 354 2644; x_wconf 76' lang='lat' dir='ltr'>Villa—</span> <span class='ocrx_word' id='word_1_291' title='bbox 369 2615 519 2645; x_wconf 72' lang='lat' dir='ltr'>turribus</span> <span class='ocrx_word' id='word_1_292' title='bbox 544 2618 722 2646; x_wconf 69' lang='lat' dir='ltr'>exstructa.</span> <span class='ocrx_word' id='word_1_293' title='bbox 790 2613 867 2644; x_wconf 86' lang='lat' dir='ltr'>Inde</span> <span class='ocrx_word' id='word_1_294' title='bbox 982 2614 1141 2645; x_wconf 68' lang='lat' dir='ltr'>Curionis</span> <span class='ocrx_word' id='word_1_295' title='bbox 1158 2613 1290 2654; x_wconf 80' lang='lat' dir='ltr'>proelz’o.</span> <span class='ocrx_word' id='word_1_296' title='bbox 1336 2609 1378 2640; x_wconf 85' lang='lat' dir='ltr'>B.</span> <span class='ocrx_word' id='word_1_297' title='bbox 1394 2608 1433 2640; x_wconf 84' lang='lat' dir='ltr'>C.</span> <span class='ocrx_word' id='word_1_298' title='bbox 1456 2612 1489 2648; x_wconf 73' lang='grc'>2,</span> <span class='ocrx_word' id='word_1_299' title='bbox 1505 2610 1547 2640; x_wconf 79' lang='grc'>40</span> <span class='ocrx_word' id='word_1_300' title='bbox 1570 2618 1640 2650; x_wconf 88' lang='lat' dir='ltr'>sqq.</span> 
     </span>
    </p>
   </div>
   <div class='ocr_carea' id='block_1_5' title="bbox 159 2655 975 2700">
    <p class='ocr_par' dir='ltr' id='par_1_7' title="bbox 159 2655 975 2700">
     <span class='ocr_line' id='line_1_40' title="bbox 159 2655 975 2700; baseline 0.001 -13"><span class='ocrx_word' id='word_1_301' title='bbox 159 2655 286 2687; x_wconf 84' lang='lat' dir='ltr'>factum</span> <span class='ocrx_word' id='word_1_302' title='bbox 302 2663 364 2695; x_wconf 86' lang='lat' dir='ltr'>est,</span> <span class='ocrx_word' id='word_1_303' title='bbox 380 2663 417 2688; x_wconf 79' lang='lat' dir='ltr'>ut</span> <span class='ocrx_word' id='word_1_304' title='bbox 427 2657 591 2700; x_wconf 82' lang='lat' dir='ltr'>ejusmodi</span> <span class='ocrx_word' id='word_1_305' title='bbox 604 2659 738 2695; x_wconf 84' lang='lat' dir='ltr'>domus,</span> <span class='ocrx_word' id='word_1_306' title='bbox 753 2657 786 2688; x_wconf 91' lang='lat' dir='ltr'>in</span> <span class='ocrx_word' id='word_1_307' title='bbox 799 2668 867 2698; x_wconf 86' lang='lat' dir='ltr'>qua</span> <span class='ocrx_word' id='word_1_308' title='bbox 934 2657 975 2688; x_wconf 86' lang='lat' dir='ltr'><em>M</em></span> 
     </span>
    </p>
   </div>
   <div class='ocr_carea' id='block_1_6' title="bbox 159 2701 867 2998">
    <p class='ocr_par' dir='ltr' id='par_1_8' title="bbox 159 2701 867 2998">
     <span class='ocr_line' id='line_1_41' title="bbox 159 2701 867 2742; baseline 0.003 -11"><span class='ocrx_word' id='word_1_309' title='bbox 159 2708 269 2732; x_wconf 79' lang='lat' dir='ltr'>essent</span> <span class='ocrx_word' id='word_1_310' title='bbox 286 2712 351 2732; x_wconf 85' lang='lat' dir='ltr'>una</span> <span class='ocrx_word' id='word_1_311' title='bbox 367 2702 519 2742; x_wconf 77' lang='lat' dir='ltr'>pluresve</span> <span class='ocrx_word' id='word_1_312' title='bbox 541 2707 646 2733; x_wconf 76' lang='lat' dir='ltr'>turres</span> <span class='ocrx_word' id='word_1_313' title='bbox 667 2703 708 2732; x_wconf 79' lang='lat' dir='ltr'>ad</span> <span class='ocrx_word' id='word_1_314' title='bbox 736 2701 867 2742; x_wconf 68' lang='lat' dir='ltr'>prospi-</span> 
     </span>
     <span class='ocr_line' id='line_1_42' title="bbox 161 2745 866 2786; baseline 0.003 -11"><span class='ocrx_word' id='word_1_315' title='bbox 161 2745 332 2780; x_wconf 84' lang='lat' dir='ltr'>ciendum,</span> <span class='ocrx_word' id='word_1_316' title='bbox 362 2746 437 2786; x_wconf 83' lang='lat' dir='ltr'>ipsa</span> <span class='ocrx_word' id='word_1_317' title='bbox 460 2756 594 2786; x_wconf 76' lang='lat' dir='ltr'>quoque</span> <span class='ocrx_word' id='word_1_318' title='bbox 617 2746 718 2776; x_wconf 79' lang='lat' dir='ltr'>turris</span> <span class='ocrx_word' id='word_1_319' title='bbox 738 2746 866 2777; x_wconf 87' lang='lat' dir='ltr'>dicere-</span> 
     </span>
     <span class='ocr_line' id='line_1_43' title="bbox 160 2788 866 2828; baseline 0 -8"><span class='ocrx_word' id='word_1_320' title='bbox 160 2793 224 2820; x_wconf 77' lang='lat' dir='ltr'>tur.</span> <span class='ocrx_word' id='word_1_321' title='bbox 243 2800 276 2820; x_wconf 85' lang='lat' dir='ltr'>v.</span> <span class='ocrx_word' id='word_1_322' title='bbox 312 2788 388 2820; x_wconf 86' lang='lat' dir='ltr'>Init.</span> <span class='ocrx_word' id='word_1_323' title='bbox 404 2789 534 2820; x_wconf 85' lang='lat' dir='ltr'>Tibulli</span> <span class='ocrx_word' id='word_1_324' title='bbox 556 2792 584 2828; x_wconf 85' lang='lat' dir='ltr'>l,</span> <span class='ocrx_word' id='word_1_325' title='bbox 602 2793 632 2824; x_wconf 83' lang='grc'>8,</span> <span class='ocrx_word' id='word_1_326' title='bbox 652 2791 701 2820; x_wconf 83' lang='grc'>19.</span> <span class='ocrx_word' id='word_1_327' title='bbox 733 2789 866 2821; x_wconf 84' lang='lat' dir='ltr'>Ernesti</span> 
     </span>
     <span class='ocr_line' id='line_1_44' title="bbox 161 2833 865 2865; baseline 0.003 -2"><span class='ocrx_word' id='word_1_328' title='bbox 161 2833 205 2863; x_wconf 84' lang='lat' dir='ltr'>ad</span> <span class='ocrx_word' id='word_1_329' title='bbox 236 2833 372 2864; x_wconf 79' lang='lat' dir='ltr'>Sueton.</span> <span class='ocrx_word' id='word_1_330' title='bbox 408 2835 531 2864; x_wconf 87' lang='lat' dir='ltr'>Neron.</span> <span class='ocrx_word' id='word_1_331' title='bbox 559 2843 591 2863; x_wconf 72' lang='lat' dir='ltr'>c,</span> <span class='ocrx_word' id='word_1_332' title='bbox 620 2835 670 2864; x_wconf 83' lang='lat'>38.</span> <span class='ocrx_word' id='word_1_333' title='bbox 703 2835 752 2865; x_wconf 85' lang='lat' dir='ltr'>M.</span> <span class='ocrx_word' id='word_1_334' title='bbox 799 2835 865 2865; x_wconf 85' lang='lat' dir='ltr'>Ex-</span> 
     </span>
     <span class='ocr_line' id='line_1_45' title="bbox 162 2877 865 2918; baseline 0.004 -12"><span class='ocrx_word' id='word_1_335' title='bbox 162 2878 276 2918; x_wconf 88' lang='lat' dir='ltr'>emplo</span> <span class='ocrx_word' id='word_1_336' title='bbox 293 2884 367 2908; x_wconf 88' lang='lat' dir='ltr'>sunt</span> <span class='ocrx_word' id='word_1_337' title='bbox 389 2880 504 2910; x_wconf 74' lang='lat' dir='ltr'>Turris</span> <span class='ocrx_word' id='word_1_338' title='bbox 522 2879 681 2909; x_wconf 76' lang='lat' dir='ltr'>Stratonis</span> <span class='ocrx_word' id='word_1_339' title='bbox 693 2877 726 2908; x_wconf 90' lang='lat' dir='ltr'>in</span> <span class='ocrx_word' id='word_1_340' title='bbox 744 2878 865 2909; x_wconf 85' lang='lat' dir='ltr'>Palaes-</span> 
     </span>
     <span class='ocr_line' id='line_1_46' title="bbox 161 2919 864 2965; baseline 0.006 -15"><span class='ocrx_word' id='word_1_341' title='bbox 161 2919 242 2958; x_wconf 88' lang='lat' dir='ltr'>tina,</span> <span class='ocrx_word' id='word_1_342' title='bbox 263 2923 403 2953; x_wconf 68' lang='lat' dir='ltr'>Coesaris</span> <span class='ocrx_word' id='word_1_343' title='bbox 418 2922 452 2954; x_wconf 86' lang='lat' dir='ltr'>in</span> <span class='ocrx_word' id='word_1_344' title='bbox 469 2921 606 2965; x_wconf 83' lang='lat' dir='ltr'>Apulia,</span> <span class='ocrx_word' id='word_1_345' title='bbox 631 2922 804 2964; x_wconf 74' lang='lat' dir='ltr'>Libysonis</span> <span class='ocrx_word' id='word_1_346' title='bbox 830 2922 864 2954; x_wconf 87' lang='lat' dir='ltr'>in</span> 
     </span>
     <span class='ocr_line' id='line_1_47' title="bbox 162 2962 393 2998; baseline 0.017 -4"><span class='ocrx_word' id='word_1_347' title='bbox 162 2962 315 2997; x_wconf 84' lang='lat' dir='ltr'>Sardinia</span> <span class='ocrx_word' id='word_1_348' title='bbox 329 2971 393 2998; x_wconf 87' lang='lat' dir='ltr'>etc.</span> 
     </span>
    </p>
   </div>
   <div class='ocr_carea' id='block_1_7' title="bbox 932 2696 1642 2953">
    <p class='ocr_par' dir='ltr' id='par_1_9' title="bbox 932 2696 1642 2874">
     <span class='ocr_line' id='line_1_48' title="bbox 980 2696 1641 2742; baseline -0.009 -10"><span class='ocrx_word' id='word_1_349' title='bbox 980 2701 1064 2732; x_wconf 63' lang='lat' dir='ltr'>Fide</span> <span class='ocrx_word' id='word_1_350' title='bbox 1073 2700 1264 2742; x_wconf 73' lang='lat' dir='ltr'>partienda.</span> <span class='ocrx_word' id='word_1_351' title='bbox 1281 2696 1520 2728; x_wconf 75' lang='lat' dir='ltr'>Paniebantur</span> <span class='ocrx_word' id='word_1_352' title='bbox 1530 2696 1641 2735; x_wconf 84' lang='lat' dir='ltr'>fidem,</span> 
     </span>
     <span class='ocr_line' id='line_1_49' title="bbox 932 2740 1642 2786; baseline -0.007 -10"><span class='ocrx_word' id='word_1_353' title='bbox 932 2745 1015 2786; x_wconf 84' lang='lat' dir='ltr'>quia</span> <span class='ocrx_word' id='word_1_354' title='bbox 1032 2750 1127 2776; x_wconf 76' lang='lat' dir='ltr'>antea</span> <span class='ocrx_word' id='word_1_355' title='bbox 1144 2742 1295 2779; x_wconf 84' lang='lat' dir='ltr'>Curioni,</span> <span class='ocrx_word' id='word_1_356' title='bbox 1310 2742 1462 2780; x_wconf 84' lang='lat' dir='ltr'>adeoque</span> <span class='ocrx_word' id='word_1_357' title='bbox 1485 2740 1642 2781; x_wconf 84' lang='lat' dir='ltr'>partibus</span> 
     </span>
     <span class='ocr_line' id='line_1_50' title="bbox 933 2785 1642 2827; baseline -0.007 -7"><span class='ocrx_word' id='word_1_358' title='bbox 933 2789 1089 2827; x_wconf 79' lang='lat' dir='ltr'>Caesaris,</span> <span class='ocrx_word' id='word_1_359' title='bbox 1099 2798 1183 2818; x_wconf 83' lang='lat' dir='ltr'>nunc.</span> <span class='ocrx_word' id='word_1_360' title='bbox 1193 2785 1360 2827; x_wconf 72' lang='lat' dir='ltr'>Scipioni,</span> <span class='ocrx_word' id='word_1_361' title='bbox 1373 2785 1526 2825; x_wconf 83' lang='lat' dir='ltr'>adeoque</span> <span class='ocrx_word' id='word_1_362' title='bbox 1538 2785 1642 2816; x_wconf 88' lang='lat' dir='ltr'>Pom-</span> 
     </span>
     <span class='ocr_line' id='line_1_51' title="bbox 935 2829 1448 2874; baseline -0.01 -10"><span class='ocrx_word' id='word_1_363' title='bbox 935 2832 1066 2874; x_wconf 86' lang='lat' dir='ltr'>peianis</span> <span class='ocrx_word' id='word_1_364' title='bbox 1081 2843 1115 2863; x_wconf 89' lang='lat' dir='ltr'>se</span> <span class='ocrx_word' id='word_1_365' title='bbox 1130 2829 1338 2862; x_wconf 76' lang='lat' dir='ltr'>addixerant.</span> <span class='ocrx_word' id='word_1_366' title='bbox 1365 2829 1448 2860; x_wconf 74' lang='lat' dir='ltr'>Oud.</span> 
     </span>
    </p>

    <p class='ocr_par' dir='ltr' id='par_1_10' title="bbox 933 2871 1640 2953">
     <span class='ocr_line' id='line_1_52' title="bbox 979 2871 1640 2909; baseline -0.008 0"><span class='ocrx_word' id='word_1_367' title='bbox 979 2879 1147 2909; x_wconf 70' lang='lat' dir='ltr'>Paratum</span> <span class='ocrx_word' id='word_1_368' title='bbox 1160 2880 1243 2908; x_wconf 78' lang='lat' dir='ltr'>certo</span> <span class='ocrx_word' id='word_1_369' title='bbox 1258 2876 1381 2907; x_wconf 82' lang='lat' dir='ltr'>animo.</span> <span class='ocrx_word' id='word_1_370' title='bbox 1417 2871 1496 2904; x_wconf 90' lang='lat' dir='ltr'>Vid.</span> <span class='ocrx_word' id='word_1_371' title='bbox 1512 2877 1582 2904; x_wconf 90' lang='lat' dir='ltr'>not.</span> <span class='ocrx_word' id='word_1_372' title='bbox 1598 2873 1640 2904; x_wconf 85' lang='lat' dir='ltr'>ad</span> 
     </span>
     <span class='ocr_line' id='line_1_53' title="bbox 933 2923 1035 2953; baseline -0.01 -1"><span class='ocrx_word' id='word_1_373' title='bbox 933 2931 963 2953; x_wconf 90' lang='lat' dir='ltr'>c.</span> <span class='ocrx_word' id='word_1_374' title='bbox 981 2923 1035 2952; x_wconf 71' lang='lat'>33.</span> 
     </span>
    </p>
   </div>
   <div class='ocr_carea' id='block_1_8' title="bbox 1361 3005 1461 3037">
    <p class='ocr_par' dir='ltr' id='par_1_11' title="bbox 1361 3005 1461 3037">
     <span class='ocr_line' id='line_1_54' title="bbox 1361 3005 1461 3037; baseline 0 -1"><span class='ocrx_word' id='word_1_375' title='bbox 1361 3005 1461 3037; x_wconf 82' lang='lat' dir='ltr'>2K2</span> 
     </span>
    </p>
   </div>
  </div>
 </body>
</html>
