1946 3261
237 197 316 242 156

640 196 724 240 DE
757 193 960 238 BELLO
994 193 1288 238 GALLICO.

231 332 261 352 ‘⁶
283 323 429 368 similis
461 320 602 380 capris
627 320 770 379 figura
800 328 845 363 et
865 321 1048 364 varietas
1070 321 1272 381 pellium;
1303 319 1376 363 sed
1406 320 1705 389 magnitudine

229 392 259 410 ‘⁶
282 383 431 449 paullo
463 380 725 423 antecedunt
755 380 1006 438 mutilaeque
1035 389 1136 424 sunt
1163 380 1367 424 cornibus
1398 389 1444 423 et
1470 396 1600 423 crura
1617 381 1705 424 sine

228 450 259 470 “
283 441 402 484 nodis
429 439 708 496 articulisque
741 438 922 488 habent;

969 454 1107 497 neque
1139 440 1297 497 quietis
1329 455 1473 482 caussa
1506 439 1706 498 procum-

229 509 259 528 “
282 499 408 548 bunt,
441 513 597 556 neque,
625 499 659 541 si
679 513 767 556 quo
787 498 969 540 adflictae
998 514 1097 541 casu
1128 497 1408 548 conciderint,
1429 498 1597 557 erigere
1617 515 1708 541 sese

229 566 258 586 ‘⁴
282 565 360 600 aut
391 557 616 600 sublevare
651 565 844 614 possunt.

908 556 990 599 His
1017 566 1118 600 sunt
1148 557 1327 600 arbores
1359 572 1440 614 pro
1467 557 1706 600 cubilibus·

228 625 258 645 ‘⁶
281 616 337 660 ad
371 632 441 659 eas
473 632 516 659 se
546 615 782 675 adplicant,
816 623 949 674 atque
981 616 1059 667 ita,
1091 616 1288 676 paullum
1313 616 1443 659 modo
1473 615 1710 667 reclinatae,

229 777 449 810 conveniant:
466 777 514 809 sic
524 788 651 810 errasse
661 783 777 820 putant
785 777 933 810 Plinium

232 822 348 862 (H.N.
366 827 397 860 3,
417 822 483 861 15),
499 822 579 863 quia
594 823 690 853 alcen
707 828 739 853 et
753 822 865 853 achlin
884 822 933 853 di-

230 877 345 899 versas
360 866 489 898 belluas
504 876 575 897 esse
591 866 692 897 dixit.
714 865 784 897 vid.
799 866 933 898 Buffon.

231 922 266 953 p.
283 913 336 948 86,
348 912 401 942 87.
425 910 644 941 Schloezerus
659 910 709 950 (in
726 912 932 942 commercio

230 954 408 996 epistolari
427 956 465 985 P.
486 956 514 985 1.
534 960 618 985 sect.
637 957 669 984 2.
686 965 719 995 p.
735 955 795 993 79)
811 954 933 995 partim

228 998 364 1040 repetit,
388 1009 463 1040 quae
486 999 527 1028 de
546 998 657 1039 prisco
675 998 844 1030 vocabulo
862 997 935 1040 Ely

229 1043 291 1074 alii
320 1042 488 1079 dixerant,
518 1041 639 1083 partim
665 1052 684 1072 e
707 1042 936 1073 monumentis

231 1087 347 1118 saeculi
363 1086 485 1118 decimi
503 1092 537 1117 et
549 1085 718 1117 undecimi
735 1087 937 1127 suspicatur,

230 1130 265 1163 in
275 1130 410 1172 regione
419 1131 587 1162 Trentana
595 1129 776 1170 (Drenthe)
784 1137 854 1161 tum
861 1130 940 1170 qui-

231 1176 309 1206 dem
319 1175 425 1206 fuisse
437 1175 546 1206 adhuc
558 1174 650 1205 illam
663 1174 816 1205 belluam
829 1187 836 1204 :
858 1184 937 1205 nam

228 1220 294 1256 elo,
320 1220 410 1260 quod
440 1228 563 1250 nomen
593 1224 641 1249 est
665 1217 697 1248 in
725 1217 795 1249 illis
818 1228 938 1249 monu-

230 1263 365 1302 mentis,
391 1268 485 1304 putat
505 1273 579 1294 esse
601 1263 769 1292 detortum
797 1272 838 1292 ex
856 1263 938 1302 Elq.

230 1305 388 1338 Ceterum
404 1312 441 1337 ut
455 1307 561 1348 magis
573 1306 672 1337 cultae
687 1305 938 1346 suntregiones,

231 1350 279 1382 ita
293 1351 384 1382 alces
398 1350 536 1381 ulterius
549 1355 785 1381 concesserunt
801 1360 820 1379 e
836 1348 937 1379 cultis

232 1400 265 1425 et
294 1394 574 1425 clementioribus
605 1393 693 1424 locis
725 1392 759 1423 in
790 1391 940 1433 frigidis-

230 1437 329 1477 sima,
350 1448 426 1478 quae
450 1437 581 1468 alcibus
603 1442 720 1467 natura
735 1435 938 1476 adsignavit.

231 1481 296 1512 Cui
313 1492 416 1522 opera
431 1481 559 1522 majora
575 1490 641 1512 non
659 1485 733 1510 sunt
748 1481 790 1510 ad
804 1490 936 1518 manus,

230 1524 260 1556 is
286 1525 319 1556 in
347 1525 470 1556 Ritteri
496 1525 577 1556 hist.
593 1524 781 1562 Gallorum,
806 1535 839 1565 p.
858 1527 939 1555 336-

231 1572 307 1607 312,
320 1570 474 1611 quaedam
492 1569 648 1610 reperiet.
666 1569 714 1599 M.
739 1568 841 1601 (jons.
856 1568 936 1598 Joh.

230 1613 307 1644 lhre
335 1613 448 1644 Gloss.
474 1612 676 1644 Suio-Goth.
702 1623 733 1642 v.
766 1612 845 1653 Elq.
876 1611 935 1652 qui

232 1656 367 1688 derivat
390 1667 431 1687 ex
457 1656 515 1687 Gr.
529 1656 625 1694 leur,
651 1655 767 1691 robur,
793 1656 882 1686 unde
904 1660 938 1685 et

230 1701 321 1741 apud
334 1699 534 1731 Pausaniam
549 1699 590 1730 L.
605 1702 637 1738 9,
654 1701 707 1729 21.
725 1698 758 1729 id
772 1704 821 1729 est
838 1699 937 1740 hujus

231 1743 392 1775 animalis
417 1754 551 1781 nomen,
579 1743 670 1784 quod
695 1741 846 1773 medium
864 1754 936 1774 esse

231 1786 352 1818 scribit
390 1787 474 1818 intel
509 1797 645 1818 cervum
682 1792 715 1817 et
752 1786 934 1818 camelum.

235 1829 459 1862 Saecularibus
471 1831 562 1862 ludis
572 1830 763 1862 Gordianus
776 1831 832 1861 111.
845 1830 936 1861 dedit

231 1875 323 1906 alces
334 1875 463 1911 decem,
475 1879 557 1905 teste
570 1874 779 1916 Capitolin0‚
794 1884 825 1904 c.
839 1877 891 1911 33,
902 1880 936 1905 et

233 1918 265 1950 in
284 1927 413 1959 pompa
434 1916 635 1958 triumphali
652 1917 826 1949 Aureliani
851 1919 938 1960 Imp.

230 1963 322 1994 alces
337 1962 458 1992 ductos
478 1960 649 2001 Vopiscus
666 1962 777 2000 refert,
794 1972 825 1992 c.
845 1963 898 1993 33.

280 2007 410 2047 Capris.
445 2005 643 2036 Audiendus
654 2012 724 2036 erat
739 2005 935 2044 Salmasius,

229 2050 300 2091 qui,
329 2059 532 2090 quamquam
563 2058 676 2078 veram
707 2060 842 2080 causam
868 2060 934 2080 non

229 2093 328 2128 vidit,
354 2098 444 2124 recte
461 2099 572 2124 tamen
597 2091 648 2130 (in
667 2091 830 2123 Exercitt.
847 2093 938 2124 Plin.

232 2148 265 2179 p.
293 2139 369 2175 164)
398 2136 539 2173 monuit,
569 2136 749 2176 legendum
776 2145 848 2166 esse
878 2148 935 2168 ca-

228 2184 337 2222 preis:
362 2186 395 2211 et
409 2180 455 2211 sic
467 2185 517 2211 est
531 2179 561 2210 in
575 2180 649 2210 cod.
661 2179 772 2209 Oxon.
784 2179 938 2211 Cresaris.

231 2226 364 2265 Caprea
400 2230 450 2255 est
480 2223 657 2265 capreolus
695 2222 838 2260 Linnaei,
875 2224 938 2255 (Ias

234 2269 319 2300 Reli.
366 2267 414 2298 Ita
451 2267 581 2298 censuit
612 2266 786 2304 Buffonus,
823 2277 857 2307 p,
883 2268 936 2306 83,

231 2312 365 2343 censuit
387 2310 488 2342 etiam
514 2311 748 2342 Beckmannus
769 2310 809 2340 dc
826 2310 936 2342 Germ.

230 2356 334 2388 anim.
367 2367 402 2397 p.
434 2357 488 2393 40,
520 2360 553 2385 et
583 2355 624 2385 de
657 2353 737 2383 hist.
766 2359 833 2383 nat.
865 2360 933 2385 vet.

232 2412 267 2442 p.
288 2402 358 2431 195.
407 2399 491 2436 Quae
521 2404 633 2430 autem
660 2407 679 2427 a
702 2397 794 2430 viris
820 2397 936 2429 harum

234 2455 342 2475 rerum
367 2443 498 2484 peritis,
520 2453 556 2473 re
580 2442 667 2472 bene
681 2440 870 2471 examinata
886 2442 937 2473 di..

232 2494 367 2526 cuntur,
383 2498 453 2519 eas
439 2492 515 2518 sunt
532 2485 692 2517 omnibus
708 2484 886 2515 codicibus
905 2492 938 2516 et

233 2531 456 2564 collectaneis
479 2530 632 2572 philolog³
624 2527 700 2561 icis
719 2528 937 2569 praeferenda.

284 2620 593 2661 larietaspellium.
639 2617 706 2648 Pro
734 2615 829 2648 vario
857 2615 935 2647 anni

233 2670 386 2705 tempore
414 2673 527 2694 rarius
563 2666 612 2692 est
650 2662 745 2692 color
784 2660 936 2709 pellium.

234 2709 315 2739 Haec
341 2713 453 2739 autem
469 2706 613 2738 varietas
636 2715 702 2736 non
731 2710 780 2736 est
804 2714 878 2745 pars
894 2704 938 2735 si-

232 2751 435 2782 militudinis
472 2761 549 2782 cum
592 2749 745 2791 capreis,
791 2749 847 2780 sed
886 2754 937 2779 est

234 2795 401 2838 melca-am,-
429 2804 561 2843 perse,
588 2805 607 2825 a
635 2794 799 2835 scriptore
823 2791 936 2823 addita

232 2839 282 2870 illi
306 2839 417 2871 alteri.
443 2839 512 2869 sive
536 2836 752 2869 similitudini
779 2847 856 2867 cum
880 2845 934 2867 ca·

233 2881 334 2924 preis.
379 2872 478 2912 Cont.
496 2882 700 2914 Beckmann.
723 2882 763 2912 de
779 2881 935 2912 German.

230 2925 365 2960 animal.
382 2936 415 2966 p.
432 2927 486 2956 41.
511 2927 560 2956 M.

276 2970 409 3003 Mulilae
426 2975 502 3002 ειιιιε
516 2971 681 3003 cornibus.
721 2969 774 3002 Ex
790 2969 844 3002 his
859 2980 934 3002 ver-

1002 777 1056 810 bis
1069 784 1103 810 et
1116 778 1278 811 Buffonus
1291 779 1341 820 (p.
1354 779 1410 818 83)
1425 783 1459 809 et
1469 778 1705 810 Beckmannus

1003 823 1060 861 (de
1090 823 1204 855 Germ.
1234 833 1288 854 an.
1320 834 1352 864 p.
1375 822 1435 861 41)
1461 823 1709 859 concluserunt,

1002 868 1169 899 Caesarem
1193 877 1259 898 non
1285 867 1349 898 nisi
1373 867 1462 897 alces
1491 865 1632 897 seminas
1655 865 1707 896 vi-

1002 911 1102 949 disse,
1131 911 1295 952 quoniam
1329 911 1382 942 hae
1415 909 1516 941 nullis
1546 908 1708 941 cornibus

1003 955 1158 996 praeditae
1173 962 1260 994 sunt,
1283 955 1344 986 etsi
1360 960 1436 986 natu
1443 964 1476 985 ra
1491 953 1586 985 alces
1599 955 1710 984 mares

1003 999 1164 1031 cornibus
1189 998 1345 1030 armavit
1391 998 1490 1029 Conf.
1514 998 1656 1028 Pausan.
1674 996 1710 1028 in

1004 1043 1111 1075 Graec.
1141 1043 1302 1085 descript.
1327 1046 1359 1081 5,
1393 1045 1444 1074 12.
1489 1040 1550 1072 Sed
1575 1040 1709 1078 dubito,

1000 1097 1041 1118 an
1066 1087 1179 1126 verba,
1203 1089 1333 1119 mutila>
1355 1092 1431 1118 runt
1451 1086 1615 1122 cornibus,
1638 1084 1707 1126 sig·-

1003 1131 1139 1163 niticare
1158 1131 1414 1172 possint,nullc1
1430 1140 1558 1160 cornua
1573 1129 1711 1160 bahem.

1003 1174 1261 1223 Contemplatus
1283 1185 1362 1215 ergo
1387 1173 1515 1211 effi‘ries
1542 1183 1708 1204 cornuum

1003 1219 1089 1250 alcis
1113 1230 1228 1256 maris,
1249 1229 1332 1260 quas
1349 1216 1577 1248 exhibuerunt
1592 1216 1711 1247 Buffo-

1003 1273 1065 1293 nus
1081 1264 1176 1303 (pag.
1190 1265 1267 1302 122)
1279 1268 1311 1293 et
1328 1259 1715 1301 Pennantus(S>nopsis

1004 1308 1044 1338 ot
1063 1307 1293 1355 quadrupeds,
1318 1316 1351 1346 p.
1370 1305 1440 1342 40),
1463 1303 1544 1342 vidi,
1567 1313 1606 1335 ea
1623 1303 1711 1335 mul-

1004 1356 1074 1380 tum
1092 1350 1237 1381 inxicem
1263 1329 1406 1387 differre,
1430 1358 1491 1379 nec
1515 1346 1580 1378 nisi
1603 1357 1709 1379 unum

1005 1393 1038 1424 in
1068 1404 1198 1425 summa
1228 1399 1320 1434 parte
1344 1391 1501 1423 mutilum
1525 1401 1615 1430 esse3
1645 1390 1710 1423 etsi

1003 1438 1069 1468 hoc
1100 1437 1221 1468 vitium
1245 1436 1406 1478 temporis
1431 1435 1550 1476 injuria
1574 1434 1710 1467 illatum

1002 1481 1137 1513 videtur
1149 1483 1199 1522 (v.
1215 1481 1349 1512 Buffon.
1367 1491 1401 1522 p.
1418 1481 1507 1519 122).
1545 1479 1710 1511 Restabat

1003 1537 1094 1564 ergo,
1118 1526 1207 1566 quod
1234 1525 1332 1557 facile
1357 1525 1388 1556 in
1413 1524 1534 1555 oculos
1559 1523 1710 1562 incurrit,

1003 1570 1088 1600 alcis
1119 1579 1242 1601 cornua
1273 1569 1399 1600 similia
1431 1579 1504 1599 esse
1534 1567 1710 1599 latissimis

1003 1613 1109 1650 foliis,
1138 1614 1227 1644 unde
1258 1618 1371 1654 partes
1397 1612 1538 1643 revulsae
1562 1611 1647 1642 sint·
1679 1613 1712 1643 le

1003 1657 1071 1687 bois
1094 1657 1182 1694 (haec
1200 1663 1276 1688 sunt
1292 1655 1425 1688 Buffoni
1444 1655 1560 1694 verba,
1585 1665 1619 1695 p.
1636 1657 1689 1686 94.
1695 1655 1711 1694 )

1001 1701 1042 1732 de
1056 1701 1077 1731 l
1081 1699 1158 1733 e‘lan
1174 1707 1233 1739 est,
1252 1712 1341 1742 pam·
1360 1701 1449 1731 ainsi
1463 1700 1547 1737 dire,
1566 1696 1712 1740 (ldcoupe‘

1002 1750 1033 1775 et
1057 1743 1196 1775 rherille‘
1217 1756 1275 1777 sur
1291 1746 1326 1775 Ια
1349 1744 1499 1776 tranche.
1544 1741 1710 1774 Fortassis

1003 1799 1080 1827 ergo
1092 1789 1207 1820 Caesar
1220 1789 1308 1819 hanc
1324 1786 1591 1826 similitudinem,
1604 1796 1710 1827 quam

1001 1815 1101 1870 alius,
1131 1837 1167 1862 ut
1196 1832 1245 1870 fit,
1276 1831 1374 1863 aliter
1403 1831 1583 1872 concipere
1608 1830 1708 1868 solet,

1004 1881 1188 1916 utcumque
1219 1875 1382 1916 expressit
1416 1874 1520 1906 verbo
1560 1876 1710 1906 mutilus.

1004 1920 1066 1950 Sed
1083 1920 1188 1950 multo
1202 1920 1339 1951 facilius
1354 1930 1406 1950 res
1417 1918 1570 1960 expediri
1585 1923 1708 1959 potest.

1004 1963 1091 1994 Nam
1102 1964 1193 1994 alces
1203 1964 1340 2001 femina,
1349 1963 1381 1993 in
1392 1973 1494 2003 opere
1506 1961 1708 1994 Buffoniano

1002 2007 1184 2044 delineata,
1217 2008 1321 2038 habet
1353 2016 1520 2038 cornuum
1550 2005 1660 2043 initia,
1688 2017 1709 2038 e

1002 2051 1109 2082 tronte
1151 2051 1414 2093 protuberantia,
1453 2060 1510 2081 seu
1551 2055 1708 2082 truncum

1002 2095 1165 2136 aliquem,
1195 2106 1213 2126 e
1238 2107 1305 2136 quo
1334 2094 1416 2126 rami
1445 2092 1539 2126 nasci
1569 2093 1709 2135 possint,

1003 2140 1059 2169 sed
1082 2139 1186 2170 'veluti
1214 2150 1301 2171 serra
1327 2145 1385 2170 aut
1404 2138 1511 2170 cultro
1528 2144 1711 2178 praesectus

1003 2189 1054 2213 est
1070 2183 1127 2214 ille
1145 2183 1324 2215 inchoatus
1336 2189 1485 2214 truncus.
1526 2181 1709 2212 verissime

1004 2225 1105 2267 igitur
1149 2227 1218 2258 dici
1262 2232 1418 2268 poterunt
1453 2227 1543 2257 alces
1573 2225 1710 2257 feminae

1004 2270 1132 2301 mutila·
1149 2271 1317 2303 comibus.
1345 2272 1394 2301 M.

1050 2315 1092 2345 Et
1110 2326 1211 2346 crura
1227 2318 1297 2346 sine
1310 2315 1405 2345 *nodis
1421 2331 1464 2336 —-
1476 2318 1627 2355 pos-sunt.
1672 2313 1708 2344 In

1006 2357 1057 2388 liis
1073 2368 1210 2389 necesse
1226 2364 1275 2389 est
1289 2358 1455 2389 Caesarem
1471 2363 1622 2388 secutum
1636 2367 1710 2389 esse

1005 2401 1129 2432 samam
1160 2402 1339 2433 incertam:
1370 2408 1495 2432 naturae
1518 2400 1654 2441 quidem
1677 2405 1711 2432 et.

1004 2445 1138 2477 veritati
1179 2447 1250 2477 lure
1290 2451 1489 2486 repugnant.
1534 2444 1709 2483 Bufl‘onus,

1006 2499 1038 2529 p.
1065 2491 1119 2527 83,
1157 2489 1206 2521 sic
1241 2489 1422 2530 judicavit:
1465 2486 1580 2520 L'c‘lan
1613 2499 1637 2519 a
1663 2489 1711 2519 les

995 2533 1127 2572 *Jambes
1139 2533 1210 2574 furt
1226 2534 1345 2570 roidex,
1367 2532 1576 2571 &estat-dire,
1591 2533 1637 2564 les
1651 2543 1710 2563 ar-

1003 2578 1192 2609 {lculatiom
1222 2576 1282 2608 er‘s
1285 2557 1432 2617 -serimesn-
1463 2582 1493 2608 et
1517 2586 1641 2607 comme
1662 2576 1711 2607 les

1005 2623 1141 2652 ariciens·
1157 2619 1271 2653 e'toient
1284 2618 1466 2662 persuades
1488 2630 1533 2661 qu
1535 2619 1569 2650 ’il
1585 2629 1607 2660 y
1623 2620 1711 2652 amit

1004 2664 1059 2695 des·
1079 2667 1252 2697 animans.
1275 2666 1331 2696 tels
1353 2674 1417 2706 qve
1439 2661 1627 2705 l’e'lt‘phant,
1650 2663 1711 2704 qui

1004 2717 1046 2737 ne
1059 2710 1231 2749 pom-oient
1248 2711 1285 2738 ni
1298 2710 1383 2749 plim-
1399 2709 1443 2739 les
1451 2707 1595 2745 iambos,
1618 2707 1655 2736 m*
1672 2716 1708 2737 se

1003 2753 1217 2790 conchen-317
1239 2762 1258 2782 η
1265 2752 1320 2783 est
1345 2761 1408 2792 'as
1434 2749 1590 2782 &tonnam
1611 2747 1712 2790 qu'r'ls

1003 2797 1090 2827 aient
1118 2794 1262 2827 altiibm'
1287 2796 1305 2825 ἁ
1321 2794 1343 2825 l
1347 2794 1422 2826 έΙαη
1446 2800 1525 2825 cette
1546 2794 1652 2833 partie
1666 2792 1708 2823 de

1003 2839 1143 2879 lasable
1168 2840 1209 2870 de
1227 2837 1419 2880 l‘dlefplmm.
1463 2838 1562 2869 Conf.
1579 2846 1612 2877 p.
1633 2837 1706 2866 lll.

1004 2882 1054 2913 M.
1101 2882 1266 2914 Fabulam
1292 2881 1388 2913 istam
1414 2881 1539 2913 Plinius
1558 2880 1581 2911 l.
1595 2889 1625 2910 c.
1641 2889 1707 2911 non

1003 2926 1042 2956 dc
1059 2926 1144 2965 alce,
1160 2928 1216 2958 sed
1233 2927 1274 2957 de
1287 2926 1379 2958 aebli
1397 2930 1520 2957 narrat.

1050 2970 1239 3003 Reclinalae.
1261 2969 1320 3003 alii
1344 2971 1530 3008 acclinaeae,
1550 2968 1642 3011 quod
1657 2973 1707 3010 te-
