<?xml version="1.0" encoding="UTF-8"?>
<!DOCTYPE html PUBLIC "-//W3C//DTD XHTML 1.0 Transitional//EN"
    "http://www.w3.org/TR/xhtml1/DTD/xhtml1-transitional.dtd">
<html xmlns="http://www.w3.org/1999/xhtml" xml:lang="en" lang="en">
 <head>
  <title>
</title>
<meta http-equiv="Content-Type" content="text/html;charset=utf-8" />
  <meta name='ocr-system' content='tesseract 3.04.00' />
  <meta name='ocr-capabilities' content='ocr_page ocr_carea ocr_par ocr_line ocrx_word'/>
</head>
<body>
  <div class='ocr_page' id='page_1' title='image "./commentariidebel00caesuoft_0598.png"; bbox 0 0 1946 3261; ppageno 0'>
   <div class='ocr_carea' id='block_1_1' title="bbox 303 266 1421 311">
    <p class='ocr_par' dir='ltr' id='par_1_1' title="bbox 303 266 1421 311">
     <span class='ocr_line' id='line_1_1' title="bbox 303 266 1421 311; baseline -0.001 -1"><span class='ocrx_word' id='word_1_1' title='bbox 303 266 388 311; x_wconf 80' lang='lat'>558</span> <span class='ocrx_word' id='word_1_2' title='bbox 652 268 732 310; x_wconf 90' lang='lat' dir='ltr'>DE</span> <span class='ocrx_word' id='word_1_3' title='bbox 766 267 965 310; x_wconf 90' lang='lat' dir='ltr'>BELLO</span> <span class='ocrx_word' id='word_1_4' title='bbox 1001 266 1421 311; x_wconf 87' lang='lat' dir='ltr'><strong>HISPANIENSI.</strong></span> 
     </span>
    </p>
   </div>
   <div class='ocr_carea' id='block_1_2' title="bbox 259 391 1771 2141">
    <p class='ocr_par' dir='ltr' id='par_1_2' title="bbox 259 391 1771 1541">
     <span class='ocr_line' id='line_1_2' title="bbox 363 391 1770 436; baseline 0.001 -2"><span class='ocrx_word' id='word_1_5' title='bbox 363 392 430 434; x_wconf 69' lang='lat'>26.</span> <span class='ocrx_word' id='word_1_6' title='bbox 466 392 609 434; x_wconf 83' lang='lat' dir='ltr'>Caesar</span> <span class='ocrx_word' id='word_1_7' title='bbox 629 391 686 434; x_wconf 88' lang='lat' dir='ltr'>ob</span> <span class='ocrx_word' id='word_1_8' title='bbox 702 391 909 435; x_wconf 89' lang='lat' dir='ltr'>virtutem</span> <span class='ocrx_word' id='word_1_9' title='bbox 932 399 1082 435; x_wconf 82' lang='lat' dir='ltr'>turmae</span> <span class='ocrx_word' id='word_1_10' title='bbox 1104 393 1310 436; x_wconf 76' lang='lat' dir='ltr'>Cassianae</span> <span class='ocrx_word' id='word_1_11' title='bbox 1331 391 1507 435; x_wconf 89' lang='lat' dir='ltr'>donavit</span> <span class='ocrx_word' id='word_1_12' title='bbox 1525 391 1642 434; x_wconf 87' lang='lat' dir='ltr'>milia</span> <span class='ocrx_word' id='word_1_13' title='bbox 1659 391 1770 436; x_wconf 89' lang='lat' dir='ltr'>XIII</span> 
     </span>
     <span class='ocr_line' id='line_1_3' title="bbox 315 448 1765 506; baseline 0.001 -14"><span class='ocrx_word' id='word_1_14' title='bbox 315 449 580 492; x_wconf 88' lang='lat' dir='ltr'>etPraefecto</span> <span class='ocrx_word' id='word_1_15' title='bbox 612 459 792 506; x_wconf 82' lang='lat' dir='ltr'>torques</span> <span class='ocrx_word' id='word_1_16' title='bbox 830 467 982 494; x_wconf 87' lang='lat' dir='ltr'>aureos</span> <span class='ocrx_word' id='word_1_17' title='bbox 1013 451 1052 493; x_wconf 95' lang='lat' dir='ltr'>V</span> <span class='ocrx_word' id='word_1_18' title='bbox 1086 460 1129 494; x_wconf 89' lang='lat' dir='ltr'>et</span> <span class='ocrx_word' id='word_1_19' title='bbox 1163 451 1247 494; x_wconf 88' lang='lat' dir='ltr'>levi</span> <span class='ocrx_word' id='word_1_20' title='bbox 1288 460 1516 494; x_wconf 82' lang='lat' dir='ltr'>armaturae</span> <span class='ocrx_word' id='word_1_21' title='bbox 1556 448 1674 493; x_wconf 86' lang='lat' dir='ltr'>milia</span> <span class='ocrx_word' id='word_1_22' title='bbox 1710 449 1765 494; x_wconf 91' lang='lat' dir='ltr'>X.</span> 
     </span>
     <span class='ocr_line' id='line_1_4' title="bbox 306 506 1770 566; baseline 0.003 -18"><span class='ocrx_word' id='word_1_23' title='bbox 306 506 402 549; x_wconf 91' lang='lat' dir='ltr'>Hoc</span> <span class='ocrx_word' id='word_1_24' title='bbox 437 507 503 550; x_wconf 91' lang='lat' dir='ltr'>die</span> <span class='ocrx_word' id='word_1_25' title='bbox 533 509 585 550; x_wconf 92' lang='lat' dir='ltr'>A.</span> <span class='ocrx_word' id='word_1_26' title='bbox 609 508 779 552; x_wconf 83' lang='lat' dir='ltr'>Baebius</span> <span class='ocrx_word' id='word_1_27' title='bbox 808 518 851 552; x_wconf 86' lang='lat' dir='ltr'>et</span> <span class='ocrx_word' id='word_1_28' title='bbox 890 510 941 553; x_wconf 90' lang='lat' dir='ltr'>C.</span> <span class='ocrx_word' id='word_1_29' title='bbox 968 509 1141 552; x_wconf 84' lang='lat' dir='ltr'>Flavius</span> <span class='ocrx_word' id='word_1_30' title='bbox 1169 518 1212 552; x_wconf 90' lang='lat' dir='ltr'>et</span> <span class='ocrx_word' id='word_1_31' title='bbox 1236 510 1291 551; x_wconf 90' lang='lat' dir='ltr'>A.</span> <span class='ocrx_word' id='word_1_32' title='bbox 1315 509 1562 559; x_wconf 82' lang='lat' dir='ltr'>Trebillius,</span> <span class='ocrx_word' id='word_1_33' title='bbox 1592 507 1770 566; x_wconf 69' lang='lat' dir='ltr'>Equites</span> 
     </span>
     <span class='ocr_line' id='line_1_5' title="bbox 304 564 1771 626; baseline 0.002 -19"><span class='ocrx_word' id='word_1_34' title='bbox 304 564 486 608; x_wconf 85' lang='lat' dir='ltr'>Romani</span> <span class='ocrx_word' id='word_1_35' title='bbox 522 567 735 617; x_wconf 87' lang='lat' dir='ltr'>Astenses,</span> <span class='ocrx_word' id='word_1_36' title='bbox 765 577 946 625; x_wconf 85' lang='lat' dir='ltr'>argento</span> <span class='ocrx_word' id='word_1_37' title='bbox 983 584 1120 626; x_wconf 84' lang='lat' dir='ltr'>prope</span> <span class='ocrx_word' id='word_1_38' title='bbox 1158 568 1260 610; x_wconf 86' lang='lat' dir='ltr'>tecti</span> <span class='ocrx_word' id='word_1_39' title='bbox 1285 568 1449 624; x_wconf 82' lang='lat' dir='ltr'>equites</span> <span class='ocrx_word' id='word_1_40' title='bbox 1482 567 1537 610; x_wconf 88' lang='lat' dir='ltr'>ad</span> <span class='ocrx_word' id='word_1_41' title='bbox 1562 567 1771 610; x_wconf 75' lang='lat' dir='ltr'>Caesarem</span> 
     </span>
     <span class='ocr_line' id='line_1_6' title="bbox 301 624 1770 684; baseline 0.003 -20"><span class='ocrx_word' id='word_1_42' title='bbox 301 624 654 682; x_wconf 86' lang='lat' dir='ltr'>transfugerunt;</span> <span class='ocrx_word' id='word_1_43' title='bbox 689 625 764 684; x_wconf 91' lang='lat' dir='ltr'>qui</span> <span class='ocrx_word' id='word_1_44' title='bbox 790 627 1063 675; x_wconf 79' lang='lat' dir='ltr'>nunciarunt,</span> <span class='ocrx_word' id='word_1_45' title='bbox 1093 626 1272 683; x_wconf 86' lang='lat' dir='ltr'>Equites</span> <span class='ocrx_word' id='word_1_46' title='bbox 1294 625 1508 669; x_wconf 88' lang='lat' dir='ltr'>Romanos</span> <span class='ocrx_word' id='word_1_47' title='bbox 1529 626 1770 684; x_wconf 78' lang='lat' dir='ltr'>conjurasse</span> 
     </span>
     <span class='ocr_line' id='line_1_7' title="bbox 295 683 1770 742; baseline 0.002 -20"><span class='ocrx_word' id='word_1_48' title='bbox 295 693 461 732; x_wconf 76' lang='lat' dir='ltr'>omnes,</span> <span class='ocrx_word' id='word_1_49' title='bbox 478 684 551 740; x_wconf 92' lang='lat' dir='ltr'>qui</span> <span class='ocrx_word' id='word_1_50' title='bbox 569 683 611 726; x_wconf 92' lang='lat' dir='ltr'>in</span> <span class='ocrx_word' id='word_1_51' title='bbox 633 684 780 726; x_wconf 87' lang='lat' dir='ltr'>castris</span> <span class='ocrx_word' id='word_1_52' title='bbox 801 684 991 742; x_wconf 90' lang='lat' dir='ltr'>Pompeii</span> <span class='ocrx_word' id='word_1_53' title='bbox 1009 694 1161 734; x_wconf 81' lang='lat' dir='ltr'>essent,</span> <span class='ocrx_word' id='word_1_54' title='bbox 1184 693 1234 727; x_wconf 90' lang='lat' dir='ltr'>ut</span> <span class='ocrx_word' id='word_1_55' title='bbox 1251 685 1541 727; x_wconf 85' lang='lat' dir='ltr'>transitionem</span> <span class='ocrx_word' id='word_1_56' title='bbox 1560 684 1770 738; x_wconf 81' lang='lat' dir='ltr'>facerent;</span> 
     </span>
     <span class='ocr_line' id='line_1_8' title="bbox 299 740 1770 801; baseline 0.002 -20"><span class='ocrx_word' id='word_1_57' title='bbox 299 741 411 782; x_wconf 86' lang='lat' dir='ltr'>servi</span> <span class='ocrx_word' id='word_1_58' title='bbox 445 740 599 785; x_wconf 91' lang='lat' dir='ltr'>indicio</span> <span class='ocrx_word' id='word_1_59' title='bbox 635 758 775 784; x_wconf 90' lang='lat' dir='ltr'>omnes</span> <span class='ocrx_word' id='word_1_60' title='bbox 808 742 849 784; x_wconf 88' lang='lat' dir='ltr'>in</span> <span class='ocrx_word' id='word_1_61' title='bbox 885 742 1118 785; x_wconf 82' lang='lat' dir='ltr'>custodiam</span> <span class='ocrx_word' id='word_1_62' title='bbox 1154 759 1239 785; x_wconf 91' lang='lat' dir='ltr'>esse</span> <span class='ocrx_word' id='word_1_63' title='bbox 1275 744 1500 801; x_wconf 80' lang='lat' dir='ltr'>conjectos,</span> <span class='ocrx_word' id='word_1_64' title='bbox 1537 742 1770 801; x_wconf 63' lang='lat' dir='ltr'>equibus,</span> 
     </span>
     <span class='ocr_line' id='line_1_9' title="bbox 299 799 1769 858; baseline 0.001 -18"><span class='ocrx_word' id='word_1_65' title='bbox 299 799 514 851; x_wconf 82' lang='lat' dir='ltr'>occasione</span> <span class='ocrx_word' id='word_1_66' title='bbox 544 809 685 858; x_wconf 84' lang='lat' dir='ltr'>capta,</span> <span class='ocrx_word' id='word_1_67' title='bbox 718 818 759 843; x_wconf 80' lang='lat' dir='ltr'>se</span> <span class='ocrx_word' id='word_1_68' title='bbox 788 801 1076 856; x_wconf 70' lang='lat' dir='ltr'>transfugisse.</span> <span class='ocrx_word' id='word_1_69' title='bbox 1141 801 1251 844; x_wconf 86' lang='lat' dir='ltr'>Item</span> <span class='ocrx_word' id='word_1_70' title='bbox 1278 800 1357 844; x_wconf 90' lang='lat' dir='ltr'>hoc</span> <span class='ocrx_word' id='word_1_71' title='bbox 1386 801 1453 843; x_wconf 91' lang='lat' dir='ltr'>die</span> <span class='ocrx_word' id='word_1_72' title='bbox 1486 801 1642 844; x_wconf 78' lang='lat' dir='ltr'>litterae</span> <span class='ocrx_word' id='word_1_73' title='bbox 1668 807 1769 855; x_wconf 77' lang='lat' dir='ltr'>sunt</span> 
     </span>
     <span class='ocr_line' id='line_1_10' title="bbox 297 855 1764 918; baseline 0.002 -20"><span class='ocrx_word' id='word_1_74' title='bbox 297 855 587 914; x_wconf 83' lang='lat' dir='ltr'>deprehensae,</span> <span class='ocrx_word' id='word_1_75' title='bbox 608 875 713 915; x_wconf 90' lang='lat' dir='ltr'>quas</span> <span class='ocrx_word' id='word_1_76' title='bbox 730 859 933 902; x_wconf 87' lang='lat' dir='ltr'>mittebat</span> <span class='ocrx_word' id='word_1_77' title='bbox 956 859 1194 902; x_wconf 85' lang='lat' dir='ltr'>Ursaonem</span> <span class='ocrx_word' id='word_1_78' title='bbox 1216 860 1297 902; x_wconf 91' lang='lat' dir='ltr'>Cn.</span> <span class='ocrx_word' id='word_1_79' title='bbox 1322 859 1563 918; x_wconf 88' lang='lat' dir='ltr'>Pompeius.</span> <span class='ocrx_word' id='word_1_80' title='bbox 1586 867 1614 886; x_wconf 91' lang='lat'><strong>“</strong></span> <span class='ocrx_word' id='word_1_81' title='bbox 1635 859 1681 901; x_wconf 92' lang='lat' dir='ltr'>S.</span> <span class='ocrx_word' id='word_1_82' title='bbox 1708 857 1764 901; x_wconf 89' lang='lat' dir='ltr'>V.</span> 
     </span>
     <span class='ocr_line' id='line_1_11' title="bbox 301 914 1770 975; baseline 0.002 -18"><span class='ocrx_word' id='word_1_83' title='bbox 301 919 330 940; x_wconf 91' lang='lat'><strong>“</strong></span> <span class='ocrx_word' id='word_1_84' title='bbox 355 915 411 957; x_wconf 89' lang='lat' dir='ltr'>G.</span> <span class='ocrx_word' id='word_1_85' title='bbox 436 915 487 958; x_wconf 89' lang='lat' dir='ltr'><strong>E.</strong></span> <span class='ocrx_word' id='word_1_86' title='bbox 514 917 568 960; x_wconf 92' lang='lat' dir='ltr'>V.</span> <span class='ocrx_word' id='word_1_87' title='bbox 603 917 712 966; x_wconf 87' lang='lat' dir='ltr'>Etsi,</span> <span class='ocrx_word' id='word_1_88' title='bbox 742 926 871 975; x_wconf 91' lang='lat' dir='ltr'>prout</span> <span class='ocrx_word' id='word_1_89' title='bbox 895 926 1039 960; x_wconf 86' lang='lat' dir='ltr'>nostra</span> <span class='ocrx_word' id='word_1_90' title='bbox 1057 917 1249 966; x_wconf 83' lang='lat' dir='ltr'>felicitas,</span> <span class='ocrx_word' id='word_1_91' title='bbox 1273 933 1325 959; x_wconf 80' lang='lat' dir='ltr'>ex</span> <span class='ocrx_word' id='word_1_92' title='bbox 1344 917 1554 960; x_wconf 87' lang='lat' dir='ltr'>sententia</span> <span class='ocrx_word' id='word_1_93' title='bbox 1573 914 1770 960; x_wconf 79' lang='lat' dir='ltr'>adversa-</span> 
     </span>
     <span class='ocr_line' id='line_1_12' title="bbox 299 973 1767 1033; baseline 0.002 -18"><span class='ocrx_word' id='word_1_94' title='bbox 299 979 329 998; x_wconf 87' lang='lat'><strong><em>“</em></strong></span> <span class='ocrx_word' id='word_1_95' title='bbox 354 973 438 1017; x_wconf 89' lang='lat' dir='ltr'>rios</span> <span class='ocrx_word' id='word_1_96' title='bbox 469 973 608 1017; x_wconf 86' lang='lat' dir='ltr'>adhuc</span> <span class='ocrx_word' id='word_1_97' title='bbox 638 976 864 1033; x_wconf 89' lang='lat' dir='ltr'>propulsos</span> <span class='ocrx_word' id='word_1_98' title='bbox 892 975 1111 1024; x_wconf 85' lang='lat' dir='ltr'>habemus,</span> <span class='ocrx_word' id='word_1_99' title='bbox 1150 985 1307 1025; x_wconf 90' lang='lat' dir='ltr'>tamen,</span> <span class='ocrx_word' id='word_1_100' title='bbox 1341 976 1373 1018; x_wconf 86' lang='lat' dir='ltr'>si</span> <span class='ocrx_word' id='word_1_101' title='bbox 1409 991 1531 1032; x_wconf 83' lang='lat' dir='ltr'>aequo</span> <span class='ocrx_word' id='word_1_102' title='bbox 1568 975 1767 1030; x_wconf 17' lang='lat' dir='ltr'>locovsui</span> 
     </span>
     <span class='ocr_line' id='line_1_13' title="bbox 297 1033 1766 1092; baseline 0.001 -18"><span class='ocrx_word' id='word_1_103' title='bbox 297 1037 328 1057; x_wconf 85' lang='lat'><strong>“</strong></span> <span class='ocrx_word' id='word_1_104' title='bbox 350 1041 605 1088; x_wconf 87' lang='lat' dir='ltr'>potestatem</span> <span class='ocrx_word' id='word_1_105' title='bbox 629 1035 831 1082; x_wconf 87' lang='lat' dir='ltr'>facerent,</span> <span class='ocrx_word' id='word_1_106' title='bbox 853 1035 1046 1083; x_wconf 88' lang='lat' dir='ltr'>celerius,</span> <span class='ocrx_word' id='word_1_107' title='bbox 1074 1050 1202 1092; x_wconf 90' lang='lat' dir='ltr'>quam</span> <span class='ocrx_word' id='word_1_108' title='bbox 1222 1042 1362 1076; x_wconf 81' lang='lat' dir='ltr'>vestra</span> <span class='ocrx_word' id='word_1_109' title='bbox 1386 1034 1529 1092; x_wconf 92' lang='lat' dir='ltr'>opinio</span> <span class='ocrx_word' id='word_1_110' title='bbox 1554 1034 1654 1084; x_wconf 89' lang='lat' dir='ltr'>fert,</span> <span class='ocrx_word' id='word_1_111' title='bbox 1675 1033 1766 1076; x_wconf 88' lang='lat' dir='ltr'>bel·</span> 
     </span>
     <span class='ocr_line' id='line_1_14' title="bbox 297 1089 1766 1136; baseline 0.002 -4"><span class='ocrx_word' id='word_1_112' title='bbox 297 1095 329 1114; x_wconf 92' lang='lat'><strong>“</strong></span> <span class='ocrx_word' id='word_1_113' title='bbox 352 1089 441 1133; x_wconf 86' lang='lat' dir='ltr'>lum</span> <span class='ocrx_word' id='word_1_114' title='bbox 457 1092 742 1134; x_wconf 85' lang='lat' dir='ltr'>confecissem.</span> <span class='ocrx_word' id='word_1_115' title='bbox 774 1091 857 1133; x_wconf 88' lang='lat' dir='ltr'>Sed</span> <span class='ocrx_word' id='word_1_116' title='bbox 871 1092 1297 1136; x_wconf 79' lang='lat' dir='ltr'>exercitumtironem</span> <span class='ocrx_word' id='word_1_117' title='bbox 1314 1107 1397 1135; x_wconf 93' lang='lat' dir='ltr'>non</span> <span class='ocrx_word' id='word_1_118' title='bbox 1415 1092 1575 1135; x_wconf 88' lang='lat' dir='ltr'>audent</span> <span class='ocrx_word' id='word_1_119' title='bbox 1592 1093 1634 1135; x_wconf 92' lang='lat' dir='ltr'>in</span> <span class='ocrx_word' id='word_1_120' title='bbox 1655 1106 1766 1135; x_wconf 89' lang='lat' dir='ltr'>cam·</span> 
     </span>
     <span class='ocr_line' id='line_1_15' title="bbox 259 1143 1764 1208; baseline 0.001 -18"><span class='ocrx_word' id='word_1_121' title='bbox 259 1143 265 1151; x_wconf 57' lang='lat'><strong>¹</strong></span> <span class='ocrx_word' id='word_1_122' title='bbox 299 1155 329 1173; x_wconf 77' lang='lat'>‘⁶</span> <span class='ocrx_word' id='word_1_123' title='bbox 352 1164 456 1206; x_wconf 91' lang='lat' dir='ltr'>pum</span> <span class='ocrx_word' id='word_1_124' title='bbox 492 1149 719 1199; x_wconf 86' lang='lat' dir='ltr'>deducere,</span> <span class='ocrx_word' id='word_1_125' title='bbox 759 1151 999 1208; x_wconf 86' lang='lat' dir='ltr'>nostrisque</span> <span class='ocrx_word' id='word_1_126' title='bbox 1030 1150 1168 1193; x_wconf 90' lang='lat' dir='ltr'>adhuc</span> <span class='ocrx_word' id='word_1_127' title='bbox 1203 1151 1300 1192; x_wconf 78' lang='lat' dir='ltr'>freti</span> <span class='ocrx_word' id='word_1_128' title='bbox 1350 1150 1552 1207; x_wconf 84' lang='lat' dir='ltr'>praesidiis</span> <span class='ocrx_word' id='word_1_129' title='bbox 1600 1149 1764 1193; x_wconf 86' lang='lat' dir='ltr'>bellum</span> 
     </span>
     <span class='ocr_line' id='line_1_16' title="bbox 300 1205 1763 1267; baseline 0.002 -19"><span class='ocrx_word' id='word_1_130' title='bbox 300 1213 329 1232; x_wconf 75' lang='lat'>‘⁶</span> <span class='ocrx_word' id='word_1_131' title='bbox 351 1205 543 1254; x_wconf 85' lang='lat' dir='ltr'>ducunt;</span> <span class='ocrx_word' id='word_1_132' title='bbox 577 1222 671 1250; x_wconf 89' lang='lat' dir='ltr'>nam</span> <span class='ocrx_word' id='word_1_133' title='bbox 700 1207 884 1267; x_wconf 84' lang='lat' dir='ltr'>singulas</span> <span class='ocrx_word' id='word_1_134' title='bbox 912 1210 1104 1251; x_wconf 84' lang='lat' dir='ltr'>civitates</span> <span class='ocrx_word' id='word_1_135' title='bbox 1134 1208 1520 1258; x_wconf 88' lang='lat' dir='ltr'>circumsederunt;</span> <span class='ocrx_word' id='word_1_136' title='bbox 1555 1207 1654 1251; x_wconf 88' lang='lat' dir='ltr'>inde</span> <span class='ocrx_word' id='word_1_137' title='bbox 1680 1206 1763 1251; x_wconf 82' lang='lat' dir='ltr'>sibi</span> 
     </span>
     <span class='ocr_line' id='line_1_17' title="bbox 297 1267 1763 1325; baseline 0.001 -19"><span class='ocrx_word' id='word_1_138' title='bbox 297 1272 326 1290; x_wconf 77' lang='lat'>‘⁶</span> <span class='ocrx_word' id='word_1_139' title='bbox 349 1274 606 1308; x_wconf 86' lang='lat' dir='ltr'>commeatus</span> <span class='ocrx_word' id='word_1_140' title='bbox 639 1267 824 1324; x_wconf 89' lang='lat' dir='ltr'>capiunt.</span> <span class='ocrx_word' id='word_1_141' title='bbox 890 1268 1033 1316; x_wconf 85' lang='lat' dir='ltr'>Quare</span> <span class='ocrx_word' id='word_1_142' title='bbox 1071 1275 1113 1309; x_wconf 91' lang='lat' dir='ltr'>et</span> <span class='ocrx_word' id='word_1_143' title='bbox 1150 1267 1344 1309; x_wconf 88' lang='lat' dir='ltr'>civitates</span> <span class='ocrx_word' id='word_1_144' title='bbox 1381 1275 1626 1309; x_wconf 86' lang='lat' dir='ltr'>nostrarum</span> <span class='ocrx_word' id='word_1_145' title='bbox 1665 1281 1763 1325; x_wconf 81' lang='lat' dir='ltr'>par-</span> 
     </span>
     <span class='ocr_line' id='line_1_18' title="bbox 295 1322 1762 1382; baseline 0.002 -18"><span class='ocrx_word' id='word_1_146' title='bbox 295 1322 455 1365; x_wconf 88' lang='lat' dir='ltr'>“tium</span> <span class='ocrx_word' id='word_1_147' title='bbox 492 1326 752 1368; x_wconf 85' lang='lat' dir='ltr'>conservabo</span> <span class='ocrx_word' id='word_1_148' title='bbox 785 1333 826 1367; x_wconf 89' lang='lat' dir='ltr'>et</span> <span class='ocrx_word' id='word_1_149' title='bbox 866 1325 1029 1367; x_wconf 89' lang='lat' dir='ltr'>bellum</span> <span class='ocrx_word' id='word_1_150' title='bbox 1066 1324 1205 1382; x_wconf 83' lang='lat' dir='ltr'>primo</span> <span class='ocrx_word' id='word_1_151' title='bbox 1237 1341 1409 1382; x_wconf 87' lang='lat' dir='ltr'>quoque</span> <span class='ocrx_word' id='word_1_152' title='bbox 1443 1334 1635 1382; x_wconf 88' lang='lat' dir='ltr'>tempore</span> <span class='ocrx_word' id='word_1_153' title='bbox 1665 1331 1762 1368; x_wconf 82' lang='lat' dir='ltr'>con-</span> 
     </span>
     <span class='ocr_line' id='line_1_19' title="bbox 295 1380 1762 1426; baseline 0.003 -4"><span class='ocrx_word' id='word_1_154' title='bbox 295 1389 323 1407; x_wconf 88' lang='lat'><strong>“</strong></span> <span class='ocrx_word' id='word_1_155' title='bbox 346 1380 496 1424; x_wconf 91' lang='lat' dir='ltr'>ficiam.</span> <span class='ocrx_word' id='word_1_156' title='bbox 561 1382 771 1425; x_wconf 87' lang='lat' dir='ltr'>Cohortes</span> <span class='ocrx_word' id='word_1_157' title='bbox 800 1384 841 1425; x_wconf 91' lang='lat' dir='ltr'>in</span> <span class='ocrx_word' id='word_1_158' title='bbox 874 1383 1013 1426; x_wconf 88' lang='lat' dir='ltr'>animo</span> <span class='ocrx_word' id='word_1_159' title='bbox 1045 1382 1183 1426; x_wconf 77' lang='lat' dir='ltr'>liabeo</span> <span class='ocrx_word' id='word_1_160' title='bbox 1216 1383 1269 1425; x_wconf 89' lang='lat' dir='ltr'>ad</span> <span class='ocrx_word' id='word_1_161' title='bbox 1304 1399 1378 1425; x_wconf 82' lang='lat' dir='ltr'>vos</span> <span class='ocrx_word' id='word_1_162' title='bbox 1405 1384 1592 1426; x_wconf 88' lang='lat' dir='ltr'>mittere.</span> <span class='ocrx_word' id='word_1_163' title='bbox 1656 1382 1762 1426; x_wconf 87' lang='lat' dir='ltr'>Pro-</span> 
     </span>
     <span class='ocr_line' id='line_1_20' title="bbox 292 1439 1760 1500; baseline 0.002 -19"><span class='ocrx_word' id='word_1_164' title='bbox 292 1448 321 1466; x_wconf 86' lang='lat'><strong>“</strong></span> <span class='ocrx_word' id='word_1_165' title='bbox 345 1439 457 1483; x_wconf 85' lang='lat' dir='ltr'>fecto</span> <span class='ocrx_word' id='word_1_166' title='bbox 484 1449 630 1483; x_wconf 89' lang='lat' dir='ltr'>nostro</span> <span class='ocrx_word' id='word_1_167' title='bbox 657 1450 895 1484; x_wconf 90' lang='lat' dir='ltr'>commeatu</span> <span class='ocrx_word' id='word_1_168' title='bbox 919 1442 1092 1500; x_wconf 87' lang='lat' dir='ltr'>privati,</span> <span class='ocrx_word' id='word_1_169' title='bbox 1126 1442 1356 1485; x_wconf 86' lang='lat' dir='ltr'>necessario</span> <span class='ocrx_word' id='word_1_170' title='bbox 1386 1441 1440 1484; x_wconf 89' lang='lat' dir='ltr'>ad</span> <span class='ocrx_word' id='word_1_171' title='bbox 1473 1440 1760 1485; x_wconf 81' lang='lat' dir='ltr'>dimicandum</span> 
     </span>
     <span class='ocr_line' id='line_1_21' title="bbox 293 1497 642 1541; baseline 0.003 -1"><span class='ocrx_word' id='word_1_172' title='bbox 293 1507 321 1524; x_wconf 80' lang='lat'>‘⁶</span> <span class='ocrx_word' id='word_1_173' title='bbox 344 1497 642 1541; x_wconf 87' lang='lat' dir='ltr'>descendent.&#39;&#39;</span> 
     </span>
    </p>

    <p class='ocr_par' dir='ltr' id='par_1_3' title="bbox 290 1556 1760 1966">
     <span class='ocr_line' id='line_1_22' title="bbox 350 1556 1760 1616; baseline 0.004 -19"><span class='ocrx_word' id='word_1_174' title='bbox 350 1557 420 1598; x_wconf 71' lang='lat'><strong>27.</strong></span> <span class='ocrx_word' id='word_1_175' title='bbox 455 1556 699 1615; x_wconf 86' lang='lat' dir='ltr'>Insequenti</span> <span class='ocrx_word' id='word_1_176' title='bbox 733 1568 926 1616; x_wconf 87' lang='lat' dir='ltr'>tempore</span> <span class='ocrx_word' id='word_1_177' title='bbox 960 1575 1093 1616; x_wconf 90' lang='lat' dir='ltr'>quum</span> <span class='ocrx_word' id='word_1_178' title='bbox 1123 1559 1256 1602; x_wconf 87' lang='lat' dir='ltr'>nostri</span> <span class='ocrx_word' id='word_1_179' title='bbox 1279 1568 1438 1603; x_wconf 89' lang='lat' dir='ltr'>temere</span> <span class='ocrx_word' id='word_1_180' title='bbox 1460 1558 1502 1601; x_wconf 88' lang='lat' dir='ltr'>in</span> <span class='ocrx_word' id='word_1_181' title='bbox 1524 1575 1549 1602; x_wconf 93' lang='grc' dir='ltr'>ο</span> <span class='ocrx_word' id='word_1_182' title='bbox 1585 1574 1656 1601; x_wconf 89' lang='lat' dir='ltr'>ere</span> <span class='ocrx_word' id='word_1_183' title='bbox 1676 1558 1760 1602; x_wconf 86' lang='lat' dir='ltr'>dis-</span> 
     </span>
     <span class='ocr_line' id='line_1_23' title="bbox 291 1575 1760 1676; baseline 0.001 -17"><span class='ocrx_word' id='word_1_184' title='bbox 291 1615 400 1659; x_wconf 88' lang='lat' dir='ltr'>tenti</span> <span class='ocrx_word' id='word_1_185' title='bbox 422 1625 574 1665; x_wconf 87' lang='lat' dir='ltr'>essent,</span> <span class='ocrx_word' id='word_1_186' title='bbox 597 1617 762 1675; x_wconf 87' lang='lat' dir='ltr'>equites</span> <span class='ocrx_word' id='word_1_187' title='bbox 782 1617 823 1658; x_wconf 87' lang='lat' dir='ltr'>in</span> <span class='ocrx_word' id='word_1_188' title='bbox 846 1617 1021 1667; x_wconf 83' lang='lat' dir='ltr'>oliveto,</span> <span class='ocrx_word' id='word_1_189' title='bbox 1044 1617 1146 1660; x_wconf 88' lang='lat' dir='ltr'>dum</span> <span class='ocrx_word' id='word_1_190' title='bbox 1167 1618 1404 1676; x_wconf 87' lang='lat' dir='ltr'>lignantur,</span> <span class='ocrx_word' id='word_1_191' title='bbox 1427 1575 1640 1660; x_wconf 60' lang='grc' dir='ltr'>ἰῃῖεῐίξοῐὶ</span> <span class='ocrx_word' id='word_1_192' title='bbox 1660 1624 1760 1671; x_wconf 74' lang='lat' dir='ltr'>sunt</span> 
     </span>
     <span class='ocr_line' id='line_1_24' title="bbox 291 1671 1757 1733; baseline 0 -17"><span class='ocrx_word' id='word_1_193' title='bbox 291 1674 472 1732; x_wconf 84' lang='lat' dir='ltr'>aliquot.</span> <span class='ocrx_word' id='word_1_194' title='bbox 538 1675 660 1717; x_wconf 85' lang='lat' dir='ltr'>Servi</span> <span class='ocrx_word' id='word_1_195' title='bbox 691 1676 1035 1733; x_wconf 79' lang='lat' dir='ltr'>transfugerunt,</span> <span class='ocrx_word' id='word_1_196' title='bbox 1074 1676 1146 1733; x_wconf 89' lang='lat' dir='ltr'>qui</span> <span class='ocrx_word' id='word_1_197' title='bbox 1170 1677 1498 1725; x_wconf 87' lang='lat' dir='ltr'>nunciaverunt,</span> <span class='ocrx_word' id='word_1_198' title='bbox 1527 1692 1564 1718; x_wconf 87' lang='lat' dir='ltr'>a.</span> <span class='ocrx_word' id='word_1_199' title='bbox 1602 1675 1645 1717; x_wconf 93' lang='lat' dir='ltr'><strong>d.</strong></span> <span class='ocrx_word' id='word_1_200' title='bbox 1677 1671 1757 1719; x_wconf 86' lang='lat' dir='ltr'><strong>III.</strong></span> 
     </span>
     <span class='ocr_line' id='line_1_25' title="bbox 295 1732 1756 1792; baseline 0.001 -18"><span class='ocrx_word' id='word_1_201' title='bbox 295 1732 520 1775; x_wconf 87' lang='lat' dir='ltr'>Nonarum</span> <span class='ocrx_word' id='word_1_202' title='bbox 544 1732 696 1775; x_wconf 87' lang='lat' dir='ltr'>Martii</span> <span class='ocrx_word' id='word_1_203' title='bbox 721 1734 936 1791; x_wconf 87' lang='lat' dir='ltr'>proelium,</span> <span class='ocrx_word' id='word_1_204' title='bbox 959 1735 1012 1776; x_wconf 88' lang='lat' dir='ltr'>ad</span> <span class='ocrx_word' id='word_1_205' title='bbox 1040 1734 1242 1776; x_wconf 86' lang='lat' dir='ltr'>Soritiam</span> <span class='ocrx_word' id='word_1_206' title='bbox 1268 1735 1384 1792; x_wconf 90' lang='lat' dir='ltr'>quod</span> <span class='ocrx_word' id='word_1_207' title='bbox 1410 1735 1572 1776; x_wconf 87' lang='lat' dir='ltr'>factum</span> <span class='ocrx_word' id='word_1_208' title='bbox 1595 1742 1674 1783; x_wconf 87' lang='lat' dir='ltr'>est,</span> <span class='ocrx_word' id='word_1_209' title='bbox 1705 1749 1756 1776; x_wconf 84' lang='lat' dir='ltr'>ex</span> 
     </span>
     <span class='ocr_line' id='line_1_26' title="bbox 291 1792 1756 1850; baseline 0.001 -18"><span class='ocrx_word' id='word_1_210' title='bbox 291 1807 341 1833; x_wconf 92' lang='lat' dir='ltr'>eo</span> <span class='ocrx_word' id='word_1_211' title='bbox 363 1799 557 1849; x_wconf 89' lang='lat' dir='ltr'>tempore</span> <span class='ocrx_word' id='word_1_212' title='bbox 586 1800 744 1834; x_wconf 90' lang='lat' dir='ltr'>metum</span> <span class='ocrx_word' id='word_1_213' title='bbox 777 1808 862 1834; x_wconf 87' lang='lat' dir='ltr'>esse</span> <span class='ocrx_word' id='word_1_214' title='bbox 892 1807 1094 1850; x_wconf 85' lang='lat' dir='ltr'>magnum</span> <span class='ocrx_word' id='word_1_215' title='bbox 1130 1800 1173 1834; x_wconf 90' lang='lat' dir='ltr'>et</span> <span class='ocrx_word' id='word_1_216' title='bbox 1205 1793 1377 1835; x_wconf 87' lang='lat' dir='ltr'>Attium</span> <span class='ocrx_word' id='word_1_217' title='bbox 1406 1792 1571 1834; x_wconf 85' lang='lat' dir='ltr'>Varum</span> <span class='ocrx_word' id='word_1_218' title='bbox 1597 1792 1756 1834; x_wconf 85' lang='lat' dir='ltr'>circum</span> 
     </span>
     <span class='ocr_line' id='line_1_27' title="bbox 290 1849 1756 1908; baseline -0.001 -17"><span class='ocrx_word' id='word_1_219' title='bbox 290 1849 465 1891; x_wconf 89' lang='lat' dir='ltr'>castella</span> <span class='ocrx_word' id='word_1_220' title='bbox 488 1865 680 1906; x_wconf 84' lang='lat' dir='ltr'>praeesse.</span> <span class='ocrx_word' id='word_1_221' title='bbox 744 1850 809 1892; x_wconf 93' lang='lat' dir='ltr'>Eo</span> <span class='ocrx_word' id='word_1_222' title='bbox 837 1849 905 1893; x_wconf 88' lang='lat' dir='ltr'>die</span> <span class='ocrx_word' id='word_1_223' title='bbox 939 1850 1167 1908; x_wconf 86' lang='lat' dir='ltr'>Pompeius</span> <span class='ocrx_word' id='word_1_224' title='bbox 1199 1859 1336 1892; x_wconf 88' lang='lat' dir='ltr'>castra</span> <span class='ocrx_word' id='word_1_225' title='bbox 1372 1850 1507 1893; x_wconf 70' lang='lat' dir='ltr'>movit!</span> <span class='ocrx_word' id='word_1_226' title='bbox 1536 1858 1580 1892; x_wconf 92' lang='lat' dir='ltr'>et</span> <span class='ocrx_word' id='word_1_227' title='bbox 1607 1857 1756 1891; x_wconf 84' lang='lat' dir='ltr'>contra.</span> 
     </span>
     <span class='ocr_line' id='line_1_28' title="bbox 296 1906 1757 1966; baseline 0.001 -17"><span class='ocrx_word' id='word_1_228' title='bbox 296 1907 507 1966; x_wconf 87' lang='lat' dir='ltr'>Hispalim</span> <span class='ocrx_word' id='word_1_229' title='bbox 539 1907 581 1950; x_wconf 91' lang='lat' dir='ltr'>in</span> <span class='ocrx_word' id='word_1_230' title='bbox 611 1908 772 1950; x_wconf 88' lang='lat' dir='ltr'>oliveto</span> <span class='ocrx_word' id='word_1_231' title='bbox 802 1909 1006 1950; x_wconf 89' lang='lat' dir='ltr'>constitit.</span> <span class='ocrx_word' id='word_1_232' title='bbox 1071 1909 1225 1957; x_wconf 86' lang='lat' dir='ltr'>Caesar,</span> <span class='ocrx_word' id='word_1_233' title='bbox 1259 1908 1505 1966; x_wconf 86' lang='lat' dir='ltr'>priusquam</span> <span class='ocrx_word' id='word_1_234' title='bbox 1526 1906 1672 1951; x_wconf 88' lang='lat' dir='ltr'>eodem</span> <span class='ocrx_word' id='word_1_235' title='bbox 1693 1913 1757 1950; x_wconf 79' lang='lat' dir='ltr'>est</span> 
     </span>
    </p>

    <p class='ocr_par' dir='ltr' id='par_1_4' title="bbox 291 1965 1755 2141">
     <span class='ocr_line' id='line_1_29' title="bbox 325 1965 1755 2015; baseline 0 -8"><span class='ocrx_word' id='word_1_236' title='bbox 325 1967 528 2015; x_wconf 87' lang='lat' dir='ltr'>rofectus,</span> <span class='ocrx_word' id='word_1_237' title='bbox 551 1967 651 2008; x_wconf 87' lang='lat' dir='ltr'>luna</span> <span class='ocrx_word' id='word_1_238' title='bbox 681 1966 785 2008; x_wconf 87' lang='lat' dir='ltr'>hora</span> <span class='ocrx_word' id='word_1_239' title='bbox 815 1967 983 2008; x_wconf 86' lang='lat' dir='ltr'>circiter</span> <span class='ocrx_word' id='word_1_240' title='bbox 1014 1966 1092 2008; x_wconf 92' lang='lat' dir='ltr'><strong>VI.</strong></span> <span class='ocrx_word' id='word_1_241' title='bbox 1118 1967 1205 2008; x_wconf 73' lang='lat' dir='ltr'>visa</span> <span class='ocrx_word' id='word_1_242' title='bbox 1234 1976 1312 2007; x_wconf 84' lang='lat' dir='ltr'>est.</span> <span class='ocrx_word' id='word_1_243' title='bbox 1375 1966 1444 2008; x_wconf 88' lang='lat' dir='ltr'>Ita</span> <span class='ocrx_word' id='word_1_244' title='bbox 1465 1966 1612 2009; x_wconf 81' lang='lat' dir='ltr'>castris</span> <span class='ocrx_word' id='word_1_245' title='bbox 1633 1965 1755 2007; x_wconf 85' lang='lat' dir='ltr'>motis</span> 
     </span>
     <span class='ocr_line' id='line_1_30' title="bbox 292 1981 1754 2082; baseline -0.001 -16"><span class='ocrx_word' id='word_1_246' title='bbox 292 1981 499 2073; x_wconf 49' lang='lat' dir='ltr'>{Joubinn</span> <span class='ocrx_word' id='word_1_247' title='bbox 526 2024 750 2082; x_wconf 88' lang='lat' dir='ltr'>Pompeius</span> <span class='ocrx_word' id='word_1_248' title='bbox 773 2024 1031 2081; x_wconf 67' lang='lat' dir='ltr'>praesidium,</span> <span class='ocrx_word' id='word_1_249' title='bbox 1053 2025 1170 2081; x_wconf 91' lang='lat' dir='ltr'>quod</span> <span class='ocrx_word' id='word_1_250' title='bbox 1200 2025 1393 2082; x_wconf 88' lang='lat' dir='ltr'>reliquit,</span> <span class='ocrx_word' id='word_1_251' title='bbox 1412 2025 1537 2082; x_wconf 81' lang='lat' dir='ltr'>jussit</span> <span class='ocrx_word' id='word_1_252' title='bbox 1559 2021 1754 2066; x_wconf 84' lang='lat' dir='ltr'>incende-</span> 
     </span>
     <span class='ocr_line' id='line_1_31' title="bbox 291 2080 1754 2141; baseline 0 -18"><span class='ocrx_word' id='word_1_253' title='bbox 291 2092 387 2124; x_wconf 86' lang='lat' dir='ltr'>rent</span> <span class='ocrx_word' id='word_1_254' title='bbox 407 2091 466 2132; x_wconf 90' lang='lat' dir='ltr'>et,</span> <span class='ocrx_word' id='word_1_255' title='bbox 489 2083 641 2125; x_wconf 89' lang='lat' dir='ltr'>deusto</span> <span class='ocrx_word' id='word_1_256' title='bbox 663 2083 842 2140; x_wconf 88' lang='lat' dir='ltr'>oppido,</span> <span class='ocrx_word' id='word_1_257' title='bbox 866 2084 906 2125; x_wconf 87' lang='lat' dir='ltr'>in</span> <span class='ocrx_word' id='word_1_258' title='bbox 929 2092 1065 2126; x_wconf 81' lang='lat' dir='ltr'>castra</span> <span class='ocrx_word' id='word_1_259' title='bbox 1087 2084 1245 2141; x_wconf 82' lang='lat' dir='ltr'>majora</span> <span class='ocrx_word' id='word_1_260' title='bbox 1267 2100 1311 2126; x_wconf 90' lang='lat' dir='ltr'>se</span> <span class='ocrx_word' id='word_1_261' title='bbox 1328 2083 1579 2141; x_wconf 87' lang='lat' dir='ltr'>reciperent.</span> <span class='ocrx_word' id='word_1_262' title='bbox 1642 2080 1754 2124; x_wconf 87' lang='lat' dir='ltr'>Inse-</span> 
     </span>
    </p>
   </div>
   <div class='ocr_carea' id='block_1_3' title="bbox 291 2205 1748 2379">
    <p class='ocr_par' dir='ltr' id='par_1_5' title="bbox 291 2205 1748 2335">
     <span class='ocr_line' id='line_1_32' title="bbox 343 2205 1748 2249; baseline -0.001 -10"><span class='ocrx_word' id='word_1_263' title='bbox 343 2207 427 2239; x_wconf 80' lang='grc' dir='ltr'><em>ΤεεΙὶ</em></span> <span class='ocrx_word' id='word_1_264' title='bbox 440 2210 574 2244; x_wconf 74' lang='lat' dir='ltr'>equites.</span> <span class='ocrx_word' id='word_1_265' title='bbox 600 2207 681 2248; x_wconf 76' lang='lat' dir='ltr'>Leg.</span> <span class='ocrx_word' id='word_1_266' title='bbox 700 2210 786 2239; x_wconf 71' lang='lat' dir='ltr'>tectis</span> <span class='ocrx_word' id='word_1_267' title='bbox 800 2210 894 2249; x_wconf 65' lang='lat' dir='ltr'>equis</span> <span class='ocrx_word' id='word_1_268' title='bbox 910 2219 987 2239; x_wconf 88' lang='lat' dir='ltr'>cum</span> <span class='ocrx_word' id='word_1_269' title='bbox 1102 2208 1398 2239; x_wconf 61' lang='lat' dir='ltr'>circumagam-um.</span> <span class='ocrx_word' id='word_1_270' title='bbox 1445 2208 1490 2239; x_wconf 84' lang='lat' dir='ltr'>Ita</span> <span class='ocrx_word' id='word_1_271' title='bbox 1506 2205 1592 2238; x_wconf 87' lang='lat' dir='ltr'>Oud.</span> <span class='ocrx_word' id='word_1_272' title='bbox 1614 2217 1632 2238; x_wconf 79' lang='lat' dir='ltr'>e</span> <span class='ocrx_word' id='word_1_273' title='bbox 1647 2207 1748 2238; x_wconf 87' lang='lat' dir='ltr'>codd.</span> 
     </span>
     <span class='ocr_line' id='line_1_33' title="bbox 291 2251 1684 2292; baseline -0.001 -10"><span class='ocrx_word' id='word_1_274' title='bbox 291 2251 511 2291; x_wconf 84' lang='lat' dir='ltr'>Glandorpio‚</span> <span class='ocrx_word' id='word_1_275' title='bbox 531 2256 589 2281; x_wconf 81' lang='lat' dir='ltr'>aut</span> <span class='ocrx_word' id='word_1_276' title='bbox 611 2253 682 2281; x_wconf 62' lang='lat' dir='ltr'>tacti</span> <span class='ocrx_word' id='word_1_277' title='bbox 703 2262 801 2291; x_wconf 74' lang='lat' dir='ltr'>equos</span> <span class='ocrx_word' id='word_1_278' title='bbox 826 2262 903 2282; x_wconf 84' lang='lat' dir='ltr'>cum</span> <span class='ocrx_word' id='word_1_279' title='bbox 928 2263 987 2283; x_wconf 89' lang='lat' dir='ltr'>co·</span> <span class='ocrx_word' id='word_1_280' title='bbox 1055 2257 1087 2282; x_wconf 86' lang='lat' dir='ltr'>et</span> <span class='ocrx_word' id='word_1_281' title='bbox 1101 2252 1175 2282; x_wconf 90' lang='lat' dir='ltr'>edd.</span> <span class='ocrx_word' id='word_1_282' title='bbox 1195 2257 1261 2283; x_wconf 82' lang='lat' dir='ltr'>vet.</span> <span class='ocrx_word' id='word_1_283' title='bbox 1311 2251 1421 2292; x_wconf 84' lang='lat' dir='ltr'>Vulgo</span> <span class='ocrx_word' id='word_1_284' title='bbox 1439 2251 1684 2283; x_wconf 72' lang='lat' dir='ltr'>circumsidunt.</span> 
     </span>
     <span class='ocr_line' id='line_1_34' title="bbox 291 2294 1668 2335; baseline -0.001 -10"><span class='ocrx_word' id='word_1_285' title='bbox 291 2294 366 2331; x_wconf 82' lang='lat' dir='ltr'>dice</span> <span class='ocrx_word' id='word_1_286' title='bbox 384 2294 530 2325; x_wconf 84' lang='lat' dir='ltr'>Davisii.</span> <span class='ocrx_word' id='word_1_287' title='bbox 548 2294 598 2324; x_wconf 87' lang='lat' dir='ltr'><strong>M.</strong></span> <span class='ocrx_word' id='word_1_288' title='bbox 623 2294 695 2324; x_wconf 83' lang='lat' dir='ltr'>lloe</span> <span class='ocrx_word' id='word_1_289' title='bbox 713 2294 838 2334; x_wconf 75' lang='lat' dir='ltr'>recepit</span> <span class='ocrx_word' id='word_1_290' title='bbox 851 2295 984 2326; x_wconf 82' lang='lat' dir='ltr'>Clarke.</span> <span class='ocrx_word' id='word_1_291' title='bbox 1099 2296 1141 2326; x_wconf 77' lang='lat' dir='ltr'>In</span> <span class='ocrx_word' id='word_1_292' title='bbox 1158 2297 1268 2326; x_wconf 69' lang='lat' dir='ltr'>nitimo</span> <span class='ocrx_word' id='word_1_293' title='bbox 1279 2296 1390 2326; x_wconf 68' lang='lat' dir='ltr'>liabeo.</span> <span class='ocrx_word' id='word_1_294' title='bbox 1417 2294 1527 2335; x_wconf 81' lang='lat' dir='ltr'>Vulgo</span> <span class='ocrx_word' id='word_1_295' title='bbox 1542 2296 1668 2326; x_wconf 68' lang='lat' dir='ltr'>animo.</span> 
     </span>
    </p>

    <p class='ocr_par' dir='ltr' id='par_1_6' title="bbox 343 2336 1747 2379">
     <span class='ocr_line' id='line_1_35' title="bbox 343 2336 1747 2379; baseline 0 -10"><span class='ocrx_word' id='word_1_296' title='bbox 343 2340 533 2370; x_wconf 65' lang='lat' dir='ltr'>Urxaozwm.</span> <span class='ocrx_word' id='word_1_297' title='bbox 570 2336 653 2367; x_wconf 84' lang='lat' dir='ltr'>l‘lin.</span> <span class='ocrx_word' id='word_1_298' title='bbox 678 2341 708 2373; x_wconf 75' lang='lat'>3,</span> <span class='ocrx_word' id='word_1_299' title='bbox 736 2339 762 2366; x_wconf 91' lang='lat' dir='ltr'>l.</span> <span class='ocrx_word' id='word_1_300' title='bbox 798 2339 874 2369; x_wconf 68' lang='lat' dir='ltr'>Urso</span> <span class='ocrx_word' id='word_1_301' title='bbox 897 2339 986 2371; x_wconf 81' lang='lat' dir='ltr'>dicta</span> <span class='ocrx_word' id='word_1_302' title='bbox 1100 2340 1270 2377; x_wconf 73' lang='lat' dir='ltr'>Proelium,</span> <span class='ocrx_word' id='word_1_303' title='bbox 1286 2339 1331 2369; x_wconf 81' lang='lat' dir='ltr'>ml</span> <span class='ocrx_word' id='word_1_304' title='bbox 1349 2340 1445 2369; x_wconf 69' lang='lat' dir='ltr'>Sur-it.</span> <span class='ocrx_word' id='word_1_305' title='bbox 1472 2348 1503 2368; x_wconf 80' lang='lat' dir='ltr'><strong>v.</strong></span> <span class='ocrx_word' id='word_1_306' title='bbox 1520 2348 1550 2368; x_wconf 85' lang='lat' dir='ltr'>c.</span> <span class='ocrx_word' id='word_1_307' title='bbox 1567 2339 1621 2367; x_wconf 75' lang='lat'>24.</span> <span class='ocrx_word' id='word_1_308' title='bbox 1658 2337 1747 2379; x_wconf 74' lang='lat' dir='ltr'>Ergo</span> 
     </span>
    </p>
   </div>
   <div class='ocr_carea' id='block_1_4' title="bbox 291 2381 1746 2466">
    <p class='ocr_par' dir='ltr' id='par_1_7' title="bbox 291 2381 1746 2466">
     <span class='ocr_line' id='line_1_36' title="bbox 291 2381 1746 2422; baseline -0.001 -9"><span class='ocrx_word' id='word_1_309' title='bbox 291 2381 438 2419; x_wconf 85' lang='lat' dir='ltr'>colonia,</span> <span class='ocrx_word' id='word_1_310' title='bbox 487 2392 561 2422; x_wconf 75' lang='lat' dir='ltr'>quae</span> <span class='ocrx_word' id='word_1_311' title='bbox 606 2382 724 2412; x_wconf 78' lang='lat' dir='ltr'>Germa</span> <span class='ocrx_word' id='word_1_312' title='bbox 767 2382 984 2414; x_wconf 59' lang='lat' dir='ltr'>Urbanorum.</span> <span class='ocrx_word' id='word_1_313' title='bbox 1052 2383 1105 2413; x_wconf 86' lang='lat' dir='ltr'>vel</span> <span class='ocrx_word' id='word_1_314' title='bbox 1137 2383 1318 2416; x_wconf 65' lang='lat' dir='ltr'>Soricmv&#39;a,</span> <span class='ocrx_word' id='word_1_315' title='bbox 1355 2382 1405 2412; x_wconf 82' lang='lat' dir='ltr'>vel</span> <span class='ocrx_word' id='word_1_316' title='bbox 1445 2382 1570 2413; x_wconf 71' lang='lat' dir='ltr'>Sor-itia</span> <span class='ocrx_word' id='word_1_317' title='bbox 1605 2387 1746 2422; x_wconf 79' lang='lat' dir='ltr'>utroque</span> 
     </span>
     <span class='ocr_line' id='line_1_37' title="bbox 291 2423 1746 2466; baseline -0.001 -10"><span class='ocrx_word' id='word_1_318' title='bbox 291 2424 384 2456; x_wconf 80' lang='lat' dir='ltr'>Grut.</span> <span class='ocrx_word' id='word_1_319' title='bbox 402 2436 434 2466; x_wconf 91' lang='lat' dir='ltr'>p.</span> <span class='ocrx_word' id='word_1_320' title='bbox 451 2428 525 2456; x_wconf 80' lang='lat'><strong>259.</strong></span> <span class='ocrx_word' id='word_1_321' title='bbox 545 2426 640 2465; x_wconf 75' lang='lat' dir='ltr'>Resp.</span> <span class='ocrx_word' id='word_1_322' title='bbox 663 2425 902 2455; x_wconf 67' lang='lat' dir='ltr'>Ursonem-ium.</span> <span class='ocrx_word' id='word_1_323' title='bbox 932 2426 985 2458; x_wconf 76' lang='lat' dir='ltr'><strong>Cf.</strong></span> <span class='ocrx_word' id='word_1_324' title='bbox 1053 2426 1130 2457; x_wconf 87' lang='lat' dir='ltr'>loco</span> <span class='ocrx_word' id='word_1_325' title='bbox 1148 2426 1336 2466; x_wconf 80' lang='lat' dir='ltr'>ponendum</span> <span class='ocrx_word' id='word_1_326' title='bbox 1355 2425 1427 2455; x_wconf 78' lang='lat' dir='ltr'>erit.</span> <span class='ocrx_word' id='word_1_327' title='bbox 1443 2441 1487 2447; x_wconf 87' lang='lat'>—</span> <span class='ocrx_word' id='word_1_328' title='bbox 1500 2424 1656 2465; x_wconf 75' lang='lat' dir='ltr'>Syntaxis</span> <span class='ocrx_word' id='word_1_329' title='bbox 1679 2423 1746 2456; x_wconf 82' lang='lat' dir='ltr'>loci</span> 
     </span>
    </p>
   </div>
   <div class='ocr_carea' id='block_1_5' title="bbox 288 2467 1747 2858">
    <p class='ocr_par' dir='ltr' id='par_1_8' title="bbox 288 2467 1747 2858">
     <span class='ocr_line' id='line_1_38' title="bbox 288 2467 1747 2510; baseline 0 -10"><span class='ocrx_word' id='word_1_330' title='bbox 288 2479 318 2500; x_wconf 92' lang='lat' dir='ltr'>c.</span> <span class='ocrx_word' id='word_1_331' title='bbox 334 2473 388 2500; x_wconf 68' lang='lat'><strong>22.</strong></span> <span class='ocrx_word' id='word_1_332' title='bbox 1049 2476 1099 2500; x_wconf 73' lang='lat' dir='ltr'>est</span> <span class='ocrx_word' id='word_1_333' title='bbox 1113 2469 1238 2500; x_wconf 87' lang='lat' dir='ltr'>durior.</span> <span class='ocrx_word' id='word_1_334' title='bbox 1253 2469 1303 2499; x_wconf 77' lang='lat' dir='ltr'><strong>M.</strong></span> <span class='ocrx_word' id='word_1_335' title='bbox 1324 2468 1568 2510; x_wconf 75' lang='lat' dir='ltr'>Vulgoproelio.</span> <span class='ocrx_word' id='word_1_336' title='bbox 1584 2467 1747 2510; x_wconf 71' lang='lat' dir='ltr'>Aliipnoe-</span> 
     </span>
     <span class='ocr_line' id='line_1_39' title="bbox 336 2510 1255 2549; baseline 0 -6"><span class='ocrx_word' id='word_1_337' title='bbox 336 2515 371 2544; x_wconf 81' lang='lat' dir='ltr'><strong>S.</strong></span> <span class='ocrx_word' id='word_1_338' title='bbox 397 2513 432 2543; x_wconf 76' lang='lat' dir='ltr'><strong>V.</strong></span> <span class='ocrx_word' id='word_1_339' title='bbox 453 2513 492 2544; x_wconf 89' lang='lat' dir='ltr'>G.</span> <span class='ocrx_word' id='word_1_340' title='bbox 512 2513 552 2543; x_wconf 81' lang='grc' dir='ltr'>Ε.</span> <span class='ocrx_word' id='word_1_341' title='bbox 579 2512 614 2542; x_wconf 73' lang='lat' dir='ltr'>V.</span> <span class='ocrx_word' id='word_1_342' title='bbox 638 2510 673 2542; x_wconf 87' lang='lat' dir='ltr'>Si</span> <span class='ocrx_word' id='word_1_343' title='bbox 687 2510 818 2546; x_wconf 78' lang='lat' dir='ltr'>valetis,</span> <span class='ocrx_word' id='word_1_344' title='bbox 831 2513 958 2549; x_wconf 60' lang='lat' dir='ltr'>gaudeo</span> <span class='ocrx_word' id='word_1_345' title='bbox 975 2526 982 2543; x_wconf 89' lang='lat'>:</span> <span class='ocrx_word' id='word_1_346' title='bbox 1048 2514 1130 2544; x_wconf 75' lang='lat' dir='ltr'>lium</span> <span class='ocrx_word' id='word_1_347' title='bbox 1146 2511 1255 2547; x_wconf 65' lang='lat' dir='ltr'>affore.</span> 
     </span>
     <span class='ocr_line' id='line_1_40' title="bbox 289 2553 1744 2597; baseline -0.001 -10"><span class='ocrx_word' id='word_1_348' title='bbox 289 2567 352 2593; x_wconf 64' lang='lat' dir='ltr'>ego</span> <span class='ocrx_word' id='word_1_349' title='bbox 371 2556 477 2588; x_wconf 89' lang='lat' dir='ltr'>valeo.</span> <span class='ocrx_word' id='word_1_350' title='bbox 501 2557 549 2587; x_wconf 84' lang='lat' dir='ltr'><strong>M.</strong></span> <span class='ocrx_word' id='word_1_351' title='bbox 581 2554 636 2587; x_wconf 90' lang='lat' dir='ltr'>Sic</span> <span class='ocrx_word' id='word_1_352' title='bbox 654 2555 830 2586; x_wconf 84' lang='lat' dir='ltr'>Dolabella</span> <span class='ocrx_word' id='word_1_353' title='bbox 845 2555 876 2585; x_wconf 92' lang='lat' dir='ltr'>in</span> <span class='ocrx_word' id='word_1_354' title='bbox 892 2556 982 2597; x_wconf 83' lang='lat' dir='ltr'>Epp.</span> <span class='ocrx_word' id='word_1_355' title='bbox 1098 2558 1218 2588; x_wconf 76' lang='lat' dir='ltr'>Contra</span> <span class='ocrx_word' id='word_1_356' title='bbox 1245 2572 1288 2578; x_wconf 97' lang='lat'>—</span> <span class='ocrx_word' id='word_1_357' title='bbox 1315 2557 1462 2588; x_wconf 68' lang='lat' dir='ltr'>constitit.</span> <span class='ocrx_word' id='word_1_358' title='bbox 1508 2553 1618 2596; x_wconf 76' lang='lat' dir='ltr'>Vulgo</span> <span class='ocrx_word' id='word_1_359' title='bbox 1641 2554 1744 2586; x_wconf 78' lang='lat' dir='ltr'>circa.</span> 
     </span>
     <span class='ocr_line' id='line_1_41' title="bbox 289 2598 1672 2640; baseline -0.001 -11"><span class='ocrx_word' id='word_1_360' title='bbox 289 2598 363 2631; x_wconf 89' lang='lat' dir='ltr'>Cic.</span> <span class='ocrx_word' id='word_1_361' title='bbox 375 2602 408 2638; x_wconf 82' lang='lat'>9,</span> <span class='ocrx_word' id='word_1_362' title='bbox 423 2602 454 2631; x_wconf 89' lang='lat'>9.</span> <span class='ocrx_word' id='word_1_363' title='bbox 1050 2599 1118 2631; x_wconf 81' lang='lat' dir='ltr'>Alii</span> <span class='ocrx_word' id='word_1_364' title='bbox 1134 2601 1304 2630; x_wconf 67' lang='lat' dir='ltr'>constituit.</span> <span class='ocrx_word' id='word_1_365' title='bbox 1667 2636 1672 2640; x_wconf 91' lang='lat'><strong>.</strong></span> 
     </span>
     <span class='ocr_line' id='line_1_42' title="bbox 335 2639 1739 2684; baseline -0.001 -10"><span class='ocrx_word' id='word_1_366' title='bbox 335 2645 440 2675; x_wconf 76' lang='lat' dir='ltr'>Prout</span> <span class='ocrx_word' id='word_1_367' title='bbox 464 2647 576 2674; x_wconf 76' lang='lat' dir='ltr'>nostra</span> <span class='ocrx_word' id='word_1_368' title='bbox 596 2643 749 2684; x_wconf 71' lang='lat' dir='ltr'>felicitas,</span> <span class='ocrx_word' id='word_1_369' title='bbox 775 2653 848 2684; x_wconf 82' lang='lat' dir='ltr'>quae</span> <span class='ocrx_word' id='word_1_370' title='bbox 873 2648 982 2673; x_wconf 76' lang='lat' dir='ltr'>nostra</span> <span class='ocrx_word' id='word_1_371' title='bbox 1097 2645 1193 2674; x_wconf 82' lang='lat' dir='ltr'>Hora</span> <span class='ocrx_word' id='word_1_372' title='bbox 1214 2643 1273 2672; x_wconf 80' lang='grc' dir='ltr'>ΓΙ.</span> <span class='ocrx_word' id='word_1_373' title='bbox 1298 2641 1356 2672; x_wconf 82' lang='lat' dir='ltr'>Est</span> <span class='ocrx_word' id='word_1_374' title='bbox 1377 2639 1448 2680; x_wconf 84' lang='lat' dir='ltr'>ipse</span> <span class='ocrx_word' id='word_1_375' title='bbox 1464 2640 1633 2674; x_wconf 87' lang='lat' dir='ltr'>meridies.</span> <span class='ocrx_word' id='word_1_376' title='bbox 1656 2641 1739 2673; x_wconf 79' lang='lat' dir='ltr'>Nar·</span> 
     </span>
     <span class='ocr_line' id='line_1_43' title="bbox 289 2684 1489 2726; baseline -0.003 -8"><span class='ocrx_word' id='word_1_377' title='bbox 289 2692 339 2718; x_wconf 84' lang='lat' dir='ltr'>est</span> <span class='ocrx_word' id='word_1_378' title='bbox 354 2686 510 2718; x_wconf 78' lang='lat' dir='ltr'>felicitas.</span> <span class='ocrx_word' id='word_1_379' title='bbox 536 2687 585 2718; x_wconf 76' lang='lat' dir='ltr'><strong>M.</strong></span> <span class='ocrx_word' id='word_1_380' title='bbox 1048 2694 1146 2721; x_wconf 84' lang='lat' dir='ltr'>ratur,</span> <span class='ocrx_word' id='word_1_381' title='bbox 1161 2692 1195 2716; x_wconf 79' lang='lat' dir='ltr'>ut</span> <span class='ocrx_word' id='word_1_382' title='bbox 1213 2684 1415 2726; x_wconf 78' lang='lat' dir='ltr'>prodigium.</span> <span class='ocrx_word' id='word_1_383' title='bbox 1439 2684 1489 2715; x_wconf 89' lang='lat' dir='ltr'><strong>M.</strong></span> 
     </span>
     <span class='ocr_line' id='line_1_44' title="bbox 336 2726 1738 2771; baseline -0.002 -10"><span class='ocrx_word' id='word_1_384' title='bbox 336 2731 450 2771; x_wconf 76' lang='lat' dir='ltr'>Opim&#39;o</span> <span class='ocrx_word' id='word_1_385' title='bbox 467 2730 539 2766; x_wconf 67' lang='lat' dir='ltr'>fert.</span> <span class='ocrx_word' id='word_1_386' title='bbox 587 2730 639 2761; x_wconf 86' lang='lat' dir='ltr'>Sic.</span> <span class='ocrx_word' id='word_1_387' title='bbox 655 2731 730 2762; x_wconf 79' lang='lat' dir='ltr'>cod.</span> <span class='ocrx_word' id='word_1_388' title='bbox 755 2730 857 2762; x_wconf 84' lang='lat' dir='ltr'>Norv.</span> <span class='ocrx_word' id='word_1_389' title='bbox 881 2734 913 2759; x_wconf 83' lang='lat' dir='ltr'>et</span> <span class='ocrx_word' id='word_1_390' title='bbox 928 2729 980 2759; x_wconf 88' lang='lat' dir='ltr'>ed.</span> <span class='ocrx_word' id='word_1_391' title='bbox 1093 2730 1194 2760; x_wconf 70' lang='lat' dir='ltr'>Jussi!</span> <span class='ocrx_word' id='word_1_392' title='bbox 1210 2728 1340 2759; x_wconf 70' lang='lat' dir='ltr'>inc-emi.</span> <span class='ocrx_word' id='word_1_393' title='bbox 1378 2726 1430 2757; x_wconf 90' lang='lat' dir='ltr'>Sic</span> <span class='ocrx_word' id='word_1_394' title='bbox 1456 2737 1541 2758; x_wconf 82' lang='lat' dir='ltr'>unus</span> <span class='ocrx_word' id='word_1_395' title='bbox 1555 2728 1630 2760; x_wconf 87' lang='lat' dir='ltr'>cod.</span> <span class='ocrx_word' id='word_1_396' title='bbox 1666 2727 1738 2759; x_wconf 80' lang='lat' dir='ltr'>Alii</span> 
     </span>
     <span class='ocr_line' id='line_1_45' title="bbox 293 2769 1734 2814; baseline -0.001 -10"><span class='ocrx_word' id='word_1_397' title='bbox 293 2774 391 2804; x_wconf 82' lang='lat' dir='ltr'>Rom.</span> <span class='ocrx_word' id='word_1_398' title='bbox 440 2773 550 2814; x_wconf 80' lang='lat' dir='ltr'>Vulgo</span> <span class='ocrx_word' id='word_1_399' title='bbox 567 2778 611 2804; x_wconf 71' lang='lat' dir='ltr'>est</span> <span class='ocrx_word' id='word_1_400' title='bbox 628 2774 681 2805; x_wconf 77' lang='lat' dir='ltr'>vel</span> <span class='ocrx_word' id='word_1_401' title='bbox 693 2774 765 2814; x_wconf 77' lang='lat' dir='ltr'>fere</span> <span class='ocrx_word' id='word_1_402' title='bbox 779 2778 838 2805; x_wconf 75' lang='lat' dir='ltr'>est.</span> <span class='ocrx_word' id='word_1_403' title='bbox 1039 2776 1138 2812; x_wconf 72' lang='lat' dir='ltr'>jussit</span> <span class='ocrx_word' id='word_1_404' title='bbox 1164 2778 1196 2804; x_wconf 78' lang='lat' dir='ltr'>ut</span> <span class='ocrx_word' id='word_1_405' title='bbox 1223 2771 1348 2802; x_wconf 75' lang='lat' dir='ltr'>incend.</span> <span class='ocrx_word' id='word_1_406' title='bbox 1388 2769 1456 2801; x_wconf 82' lang='lat' dir='ltr'>Alii</span> <span class='ocrx_word' id='word_1_407' title='bbox 1472 2773 1573 2810; x_wconf 75' lang='lat' dir='ltr'>jussit</span> <span class='ocrx_word' id='word_1_408' title='bbox 1594 2771 1734 2807; x_wconf 68' lang='lat' dir='ltr'>incendi.</span> 
     </span>
     <span class='ocr_line' id='line_1_46' title="bbox 336 2814 1740 2858; baseline -0.002 -10"><span class='ocrx_word' id='word_1_409' title='bbox 336 2818 462 2849; x_wconf 52' lang='lat' dir='ltr'>Nox-tris</span> <span class='ocrx_word' id='word_1_410' title='bbox 473 2834 516 2839; x_wconf 92' lang='lat'>—</span> <span class='ocrx_word' id='word_1_411' title='bbox 528 2817 702 2858; x_wconf 62' lang='lat' dir='ltr'>praesidiis,</span> <span class='ocrx_word' id='word_1_412' title='bbox 728 2816 849 2849; x_wconf 80' lang='lat' dir='ltr'>nostris</span> <span class='ocrx_word' id='word_1_413' title='bbox 876 2815 981 2847; x_wconf 86' lang='lat' dir='ltr'>admi·</span> <span class='ocrx_word' id='word_1_414' title='bbox 1048 2816 1190 2847; x_wconf 81' lang='lat' dir='ltr'>Nomina</span> <span class='ocrx_word' id='word_1_415' title='bbox 1206 2814 1352 2852; x_wconf 80' lang='lat' dir='ltr'>urbium,</span> <span class='ocrx_word' id='word_1_416' title='bbox 1366 2824 1440 2854; x_wconf 79' lang='lat' dir='ltr'>quae</span> <span class='ocrx_word' id='word_1_417' title='bbox 1454 2820 1644 2855; x_wconf 73' lang='lat' dir='ltr'>sequuntur,</span> <span class='ocrx_word' id='word_1_418' title='bbox 1659 2823 1740 2846; x_wconf 81' lang='lat' dir='ltr'>con-</span> 
     </span>
    </p>
   </div>
   <div class='ocr_carea' id='block_1_6' title="bbox 283 2856 1739 2979">
    <p class='ocr_par' dir='ltr' id='par_1_9' title="bbox 283 2856 1739 2979">
     <span class='ocr_line' id='line_1_47' title="bbox 288 2856 1737 2901; baseline -0.003 -10"><span class='ocrx_word' id='word_1_419' title='bbox 288 2859 413 2891; x_wconf 84' lang='lat' dir='ltr'>niculis</span> <span class='ocrx_word' id='word_1_420' title='bbox 428 2860 980 2901; x_wconf 73' lang='lat' dir='ltr'>belligerendi,v.c.eommeatu.</span> <span class='ocrx_word' id='word_1_421' title='bbox 1047 2865 1143 2900; x_wconf 82' lang='lat' dir='ltr'>rupta</span> <span class='ocrx_word' id='word_1_422' title='bbox 1172 2864 1257 2889; x_wconf 85' lang='lat' dir='ltr'>sunt.</span> <span class='ocrx_word' id='word_1_423' title='bbox 1305 2858 1431 2889; x_wconf 77' lang='lat' dir='ltr'>Carula</span> <span class='ocrx_word' id='word_1_424' title='bbox 1458 2857 1570 2898; x_wconf 79' lang='lat' dir='ltr'>placet</span> <span class='ocrx_word' id='word_1_425' title='bbox 1602 2856 1737 2888; x_wconf 80' lang='lat' dir='ltr'>Wesse-</span> 
     </span>
     <span class='ocr_line' id='line_1_48' title="bbox 283 2899 1739 2979; baseline 0 -45"><span class='ocrx_word' id='word_1_426' title='bbox 283 2903 637 2979; x_wconf 45' lang='lat' dir='ltr'>ilolssil&#39;ilelliiriiiidililntur’</span> <span class='ocrx_word' id='word_1_427' title='bbox 665 2910 796 2946; x_wconf 86' lang='lat' dir='ltr'>sperant</span> <span class='ocrx_word' id='word_1_428' title='bbox 813 2916 847 2936; x_wconf 78' lang='lat' dir='ltr'>se</span> <span class='ocrx_word' id='word_1_429' title='bbox 862 2904 980 2935; x_wconf 84' lang='lat' dir='ltr'>ductu·</span> <span class='ocrx_word' id='word_1_430' title='bbox 1046 2903 1150 2944; x_wconf 84' lang='lat' dir='ltr'>lingio</span> <span class='ocrx_word' id='word_1_431' title='bbox 1165 2901 1206 2934; x_wconf 89' lang='lat' dir='ltr'>ad</span> <span class='ocrx_word' id='word_1_432' title='bbox 1221 2900 1379 2934; x_wconf 80' lang='lat' dir='ltr'>Antonini</span> <span class='ocrx_word' id='word_1_433' title='bbox 1403 2899 1511 2933; x_wconf 80' lang='lat' dir='ltr'>itiner.</span> <span class='ocrx_word' id='word_1_434' title='bbox 1525 2910 1560 2942; x_wconf 87' lang='lat' dir='ltr'>p.</span> <span class='ocrx_word' id='word_1_435' title='bbox 1576 2901 1651 2933; x_wconf 85' lang='lat'><strong>410.</strong></span> <span class='ocrx_word' id='word_1_436' title='bbox 1685 2901 1739 2934; x_wconf 72' lang='lat' dir='ltr'><strong>M.</strong></span> 
     </span>
    </p>
   </div>
  </div>
 </body>
</html>
