1946 3261
923 201 1063 249 CAP.
1097 202 1288 247 85-87.

621 196 739 248 LIB.
773 203 861 249 III.
1615 203 1698 252 401

210 334 240 354 “
263 327 559 391 incredibilem
591 348 683 375 rem
704 333 904 393 polliceri
926 348 936 383 ;
969 333 1043 375 sed
1066 334 1278 377 rationem
1298 330 1463 377 consilii
1483 331 1569 376 mei
1590 335 1702 378 acci-

210 394 239 413 “
263 388 369 446 pite,
403 407 491 448 quo
513 392 702 436 firmiore
729 393 871 436 animo
902 393 946 434 in
976 392 1180 450 proelium
1201 393 1435 451 prodeatis.
1500 392 1702 438 Persuasi

207 454 236 472 ‘⁶
259 449 482 505 equitibus
505 452 677 502 nostris,
712 452 844 509 idque
874 450 980 494 mihi
1012 467 1055 493 se
1081 451 1289 501 facturos,
1311 453 1698 504 confirmaverunt,

205 513 235 532 “
260 515 326 560 ut,
364 524 500 566 quum
538 511 720 568 propius
751 512 808 554 sit
834 525 1066 559 accessum,
1102 509 1312 553 dextrum
1346 511 1527 554 Caesaris
1558 528 1700 556 cornu

204 571 234 591 “
258 567 316 609 ab
337 567 474 611 latere
505 578 658 627 aperto
679 569 1045 628 adgrederentur,
1073 577 1141 619 ut,
1175 569 1469 612 circumventa
1490 571 1548 614 ab
1570 579 1699 631 tergo

204 631 234 651 “
258 625 363 675 acie,
387 627 509 684 prius
530 629 843 686 perturbatum
865 628 1102 671 exercitum
1122 627 1353 686 pellerent,
1372 645 1506 686 quam
1524 645 1549 672 a
1570 631 1696 674 nobis

202 690 233 710 “
256 684 395 726 telum
416 686 460 728 in
478 685 646 729 hostem
663 687 898 745 jaceretur.
963 686 1031 730 Ita
1052 687 1141 729 sine
1163 686 1358 745 periculo
1380 687 1617 744 legionum,
1650 698 1697 733 et

201 749 232 770 “
256 758 377 800 paene
413 745 502 787 sine
536 746 734 798 vulnere,
771 747 938 789 bellum
977 745 1266 789 conficiemus.
1329 745 1383 788 Id
1413 754 1561 789 autem
1582 748 1694 791 diffi-

201 808 231 828 “
255 801 337 844 cile
375 818 461 847 non
499 812 580 856 est,
617 822 756 864 quum
794 814 967 848 tantum
1007 804 1210 863 equitatu
1252 804 1486 848 valeamus.
1553 806 1696 851 Simul

202 866 232 886 “
256 859 551 913 denunciavit,
574 872 625 906 ut
646 873 785 907 essent
818 866 961 907 animo
983 864 1127 923 parati
1145 864 1188 906 in
1211 873 1438 922 posterum
1458 880 1469 913 ;
1502 871 1563 914 et,
1586 881 1696 923 quo-

200 927 232 947 “
255 936 355 964 nam
376 921 501 965 fieret
521 923 754 966 dimicandi
772 933 978 983 potestas,
998 932 1049 965 ut
1065 939 1176 982 saepe
1195 923 1519 982 cogitavissent,
1541 939 1595 967 ne
1613 941 1696 968 usu

201 986 231 1004 ‘⁶
254 995 472 1038 manuque
495 983 768 1040 reliquorum
791 983 1040 1041 opinionem
1064 982 1314 1025 fallerent.”

260 1040 332 1081 87.
370 1040 503 1085 Hunc
524 1041 740 1085 Labienus
761 1043 950 1100 excepit,
973 1051 1033 1090 et,
1064 1058 1203 1100 quum
1235 1042 1415 1085 Caesaris
1436 1042 1581 1102 copias
1604 1043 1698 1088 des-

201 1097 386 1157 piceret,
461 1101 659 1160 Pompeii
721 1102 948 1144 consilium
1003 1102 1177 1144 summis
1241 1101 1441 1144 laudibus
1507 1103 1697 1146 efferret.

201 1163 231 1184 ‘⁶
253 1159 407 1211 Noli‚’‘
428 1159 588 1218 inquit,
614 1167 643 1185 ‘⁶
666 1160 930 1211 existimare,
955 1160 1152 1218 Pompei,
1181 1159 1296 1204 hunc
1324 1177 1411 1203 esse
1432 1161 1694 1214 exercitum,

200 1221 231 1241 “
256 1218 331 1275 qui
352 1219 543 1262 Galliam
567 1220 937 1277 Germaniamque
976 1219 1202 1262 devicerit.
1268 1220 1483 1263 Omnibus
1516 1221 1699 1264 interfui

199 1283 228 1302 “
255 1278 437 1335 proeliis,
452 1294 592 1336 neque
607 1287 770 1321 temere
786 1279 1051 1337 incognitam
1065 1295 1155 1321 rem
1170 1279 1426 1338 pronunciO.
1447 1280 1697 1340 perexigua

202 1343 232 1361 “
255 1352 356 1395 pars
386 1337 501 1380 illius
522 1337 739 1380 exercitus
761 1346 975 1396 superest,
1012 1353 1170 1395 magna
1199 1355 1298 1396 pars
1318 1338 1507 1397 deperiit
1527 1355 1536 1381 z
1571 1340 1696 1398 quod

200 1401 230 1420 ‘⁶
252 1396 449 1439 accidere
485 1405 553 1440 tot
588 1397 754 1456 proeliis
791 1397 876 1438 fuit
910 1412 1100 1440 necesse:
1148 1397 1309 1439 multos
1337 1399 1538 1440 autumni
1559 1399 1694 1457 pesti-

201 1462 231 1480 “
256 1454 390 1498 lentia
412 1456 456 1498 in
480 1455 607 1499 Italia
629 1456 878 1505 consumsit,
894 1456 1022 1498 multi
1043 1455 1220 1498 domum
1239 1456 1543 1507 discesserunt,
1563 1458 1697 1501 multi

202 1520 231 1540 “
256 1523 358 1558 sunt
380 1515 519 1558 relicti
542 1516 585 1558 in
607 1515 858 1557 continenti.
923 1516 993 1557 An
1023 1530 1109 1557 non
1143 1514 1391 1566 exaudistis,
1428 1532 1482 1558 ex
1516 1516 1580 1565 iis,
1613 1517 1694 1575 qui

204 1580 234 1599 “
293 1591 339 1616 er
371 1591 560 1617 caussam
582 1574 845 1616 valetudinis
878 1583 1196 1624 remanserunt,
1220 1573 1418 1616 cohortes
1439 1590 1528 1616 esse
1551 1576 1696 1618 Brun-

199 1638 228 1659 “
254 1591 349 1675 gisii
363 1634 528 1676 factas?
564 1633 646 1676 Hae
660 1634 809 1691 copiae,
825 1649 933 1690 quas
946 1632 1120 1682 videtis,
1137 1649 1190 1675 ex
1203 1632 1436 1675 dilectibus
1453 1632 1608 1676 horum
1621 1650 1696 1677 an-

201 1698 230 1717 “
255 1708 409 1735 norum
438 1693 481 1735 in
503 1692 702 1735 citeriore
729 1693 874 1735 Gallia
908 1701 1010 1735 sunt
1045 1693 1234 1743 refectae,
1274 1701 1318 1734 et
1351 1691 1553 1751 plerique
1590 1701 1695 1736 sunt

199 1757 229 1777 “
253 1769 305 1794 ex
341 1752 520 1795 coloniis
557 1752 879 1810 Transpadanis
900 1767 908 1792 :
965 1759 1172 1800 attamen,
1215 1751 1334 1809 quod
1376 1751 1463 1793 fuit
1504 1752 1694 1803 roboris,

199 1817 230 1835 “
255 1811 427 1855 duobus
458 1811 624 1870 proeliis
652 1811 964 1870 Dyrrhachinis
1001 1810 1215 1853 interiit.’'
1280 1810 1386 1852 Haec
1423 1827 1563 1869 quum
1599 1811 1696 1854 dix-

198 1870 315 1923 isset,
335 1871 519 1929 juravit‚
547 1877 576 1897 “
596 1887 655 1920 se,
679 1871 758 1914 nisi
772 1871 999 1920 victorem,
1025 1870 1068 1912 in
1084 1880 1226 1913 castra
1248 1886 1335 1913 non
1357 1886 1635 1913 reversurum
1655 1872 1700 1912 :'’

199 1930 494 1989 reliquosque,
535 1939 586 1973 ut
618 1929 734 1972 idem
764 1930 973 1981 facerent,
1012 1928 1213 1973 hortatus
1246 1937 1326 1972 est.
1393 1929 1492 1972 Hoc
1514 1930 1696 1972 laudans

202 1989 450 2049 Pompeius,
469 1989 585 2033 idem
601 1989 783 2049 juravit.
821 1991 915 2034 Nec
937 2004 1041 2033 vero
1063 2006 1116 2032 ex
1138 1989 1317 2047 reliquis
1338 1987 1425 2030 fuit
1443 1989 1695 2048 quisquam,

249 2153 360 2195 quue
372 2155 468 2186 mihi.
481 2154 542 2186 alii
560 2154 594 2186 iil
610 2154 712 2196 quod.

250 2199 292 2229 Se
307 2198 472 2239 facturos.
514 2201 555 2230 Se
576 2209 636 2241 per
651 2197 791 2240 ellipsin
807 2196 913 2229 omis-

202 2250 278 2273 sum
306 2243 339 2274 in
364 2242 458 2275 aliis.
484 2253 551 2275 non
576 2245 677 2275 male.
695 2244 823 2274 Lovan.
840 2248 912 2274 tum

200 2286 453 2328 habetfacluri,
471 2299 530 2329 per
539 2288 778 2320 Graecismum.

249 2333 500 2372 eoquat-issent.
553 2334 618 2371 An,
657 2334 912 2374 roffam-issent?

199 2375 246 2407 cf.
262 2385 292 2406 c.
310 2377 364 2406 82.
391 2376 552 2408 Gruterus
565 2376 674 2411 malit.
687 2378 912 2418 agitavissent,

201 2419 375 2459 Davisius,
417 2423 624 2462 optavLssevt.
643 2422 691 2452 M.
724 2421 911 2452 Marcland.

202 2475 239 2506 p.
255 2465 598 2506 2752flaqitavissent.
628 2465 751 2505 Credo,
763 2475 833 2497 rem
843 2475 910 2497 acu

199 2508 353 2550 tetigisse
367 2509 517 2542 Morum.

242 2555 310 2585 Usu
325 2564 498 2596 manuque
511 2554 599 2586 nihil
614 2553 709 2586 aliud
720 2559 783 2593 est,
795 2564 910 2595 quam,

199 2598 292 2639 quod
310 2597 436 2629 habent
452 2599 554 2630 codd.
576 2598 728 2640 quidam,
752 2609 817 2629 usu
833 2609 910 2630 ma-

199 2653 321 2682 nuum,
352 2654 411 2674 seu
425 2653 490 2674 usu
505 2653 637 2675 manus.
677 2643 832 2674 Dubium
848 2648 911 2682 est,

200 2690 314 2718 utrum
350 2686 464 2719 Caesar
497 2687 681 2729 scripserit.
733 2686 911 2728 Significat

201 2736 316 2763 autem
331 2742 396 2763 usu
410 2742 594 2773 manuque,
619 2738 704 2769 tum,
727 2742 806 2762 cum
831 2742 912 2762 ven-

202 2781 276 2807 tum
291 2781 342 2807 est
355 2776 397 2807 ad
421 2786 503 2815 rem,
528 2786 608 2807 cum
632 2775 792 2806 manibus
816 2782 911 2807 uten—

201 2821 282 2852 dum
301 2828 364 2860 est,
388 2820 477 2852 facto
501 2831 589 2862 opus
611 2825 673 2852 est.
688 2819 813 2851 Cicero
829 2819 910 2851 dicit

201 2865 496 2898 administratione
523 2875 694 2897 manuum
724 2874 806 2906 opus
831 2874 912 2903 esse,

200 2908 267 2943 hoc
282 2915 344 2951 est,
358 2920 424 2946 usu
438 2919 627 2954 manuque.
651 2908 687 2944 Si
702 2908 779 2953 quis
791 2908 909 2944 malit:

984 2162 1084 2183 usum
1099 2152 1442 2185 dicattractationem
1458 2151 1568 2194 ipsam
1585 2152 1647 2191 rei,
1663 2157 1701 2183 et

981 2207 1140 2233 mmmm,
1163 2198 1265 2236 facta,
1293 2208 1447 2239 operam.
1483 2198 1535 2228 M.
1582 2197 1697 2228 Marc-

982 2241 1100 2272 landus
1128 2248 1215 2274 teste
1242 2241 1378 2274 Jurinio
1402 2241 1508 2274 dabat
1531 2252 1573 2272 ‘ne
1595 2251 1696 2273 suam

983 2287 1186 2328 Dacumque
1216 2288 1279 2319 rel.
1307 2287 1361 2319 vel
1391 2297 1432 2319 ηε
1462 2296 1563 2319 suam
1593 2290 1697 2327 atque

978 2331 1039 2361 rel.

1028 2375 1084 2413 Et,
1107 2385 1213 2416 quum
1241 2378 1269 2408 Ο
1308 2375 1355 2407 sic
1383 2375 1484 2406 codd.
1514 2385 1534 2406 e
1566 2373 1699 2415 quibus

983 2417 1072 2449 Oud.
1090 2419 1248 2452 restituit.
1269 2420 1380 2461 Vulgo
1393 2423 1443 2452 ut.

1026 2464 1239 2496 Eoeausdistis.
1273 2464 1387 2506 Vulgo
1409 2462 1561 2495 audatis.
1589 2462 1697 2494 Nem-

978 2518 1023 2549 pe
1047 2518 1168 2540 sensus
1191 2515 1262 2540 est:
1298 2518 1411 2540 annon
1440 2507 1531 2538 sama
1559 2507 1603 2538 ad
1629 2517 1695 2538 vos

980 2562 1088 2592 usque
1105 2552 1316 2594 penetravit?
1354 2551 1486 2583 Dicitur
1501 2561 1580 2583 vero
1598 2550 1627 2582 is
1638 2562 1695 2582 eac-

978 2597 1111 2636 audire,
1127 2599 1171 2629 ad
1187 2607 1290 2639 quem
1309 2607 1416 2637 usque
1439 2595 1581 2634 clamor,
1611 2600 1695 2626 stre-

981 2640 1087 2682 pitus,
1118 2653 1184 2673 vox
1213 2642 1333 2684 procul
1364 2639 1505 2672 veniens
1527 2645 1694 2680 penetrat.

980 2686 1033 2717 M.
1063 2686 1267 2718 Emendavit
1279 2685 1369 2716 Oud.
1384 2684 1515 2715 ecodd.

1025 2731 1160 2769 Facem,
1175 2729 1401 2770 conscriptas,
1419 2728 1607 2760 contectas.
1638 2727 1694 2759 M.

1026 2775 1200 2817 Plerique.
1223 2774 1279 2807 Sic
1297 2774 1422 2805 Clarke
1437 2783 1456 2804 e
1472 2773 1571 2804 codd.
1586 2772 1693 2814 vulgo

974 2820 1159 2861 pleraeque.

1027 2865 1185 2898 Coloniis.
1224 2864 1276 2898 Ita
1292 2863 1383 2898 Oud.
1399 2873 1419 2896 e
1433 2861 1534 2895 codd.
1579 2860 1697 2904 Vulgo

978 2909 1111 2945 colonis.

1449 2969 1526 3003 21)
