1992 3271
668 191 768 237 Ltss
820 194 855 236 I.
918 192 1056 236 GAP.
1090 195 1166 244 38,
1198 194 1270 238 39.
1658 193 1716 237 29

241 321 344 371 DC,
366 336 453 379 qua
475 320 633 364 flumen
652 321 917 369 intermittit,
947 337 1067 363 mons
1086 322 1278 363 continet
1298 334 1453 378 magna
1468 318 1713 368 altitudine,

237 380 298 422 ita
320 388 370 422 ut
390 381 550 423 radices
571 381 661 437 ejus
681 381 837 423 montis
855 396 907 422 ex
924 389 1111 437 utraque
1138 389 1262 437 parte
1284 380 1391 437 ripae
1412 379 1596 421 fluminis
1617 394 1715 420 con-

242 439 427 497 tingant.
494 439 625 481 Hunc
646 456 797 481 murus
817 439 1107 481 circumdatus
1138 454 1281 479 arcem
1301 438 1432 480 efficit
1455 446 1500 480 et
1516 454 1616 479 cum
1637 453 1714 495 op-

242 498 345 555 pido
385 497 624 555 conjungit.
692 497 794 539 Huc
836 498 978 540 Caesar
1010 496 1175 554 magnis
1211 496 1374 538 diurnis
1408 496 1718 554 nocturnisque

240 556 467 598 itineribus
509 555 746 604 contendit,
794 564 1097 614 occupatoque
1151 554 1316 612 oppido
1359 554 1420 596 ibi
1471 555 1719 612 praesidium

242 614 455 656 conlocat.

299 672 371 714 39.
408 673 529 714 Dum
568 688 729 730 paucos
767 671 855 714 dies
895 673 949 715 ad
987 671 1294 715 Vesontionem
1331 670 1394 713 rei
1425 670 1680 713 frumental
1670 687 1720 713 1ae

241 739 593 788 commeatusque
624 746 770 772 caussa
786 740 1000 780 moratur,
1020 747 1073 773 ex
1094 730 1450 796 percunctatione
1471 738 1642 771 nost1o1
1646 745 1720 771 um

242 789 510 846 vocibusque
535 789 768 832 Gallorum
795 805 844 831 ac
863 798 1170 838 mercatorum,
1206 805 1282 846 qu1
1313 788 1478 846 ingenti
1506 789 1719 845 magnitu-

239 849 338 891 dine
359 864 598 915 corporum
620 849 711 890 Ge1
714 864 876 898 11131105,
906 849 1146 891 incredibili
1171 849 1337 890 virtute
1357 856 1490 905 atque
1515 855 1721 888 011010111-

240 909 357 950 tione
377 907 419 949 in
439 908 568 949 armis
585 924 671 949 esse
690 907 999 965 praedicabant,
1017 923 1310 973 saepenumero
1328 922 1414 948 sese
1432 921 1532 947 cum
1547 906 1606 947 eis
1623 921 1722 947 con-

243 983 294 1024 gl
298 982 407 1008 essos
442 981 494 1008 ne
534 965 707 1008 vultum
756 966 931 1023 quidem
964 974 1098 1024 atque
1139 981 1303 1008 anciem
1344 964 1497 1007 oculor
1503 980 1574 1007 um
1610 964 1724 1006 ferie

244 1025 451 1084 potuisse,
473 1033 620 1067 tantus
637 1024 783 1066 subito
805 1025 936 1067 timor
955 1041 1123 1067 omnem
1143 1025 1383 1066 exercitum
1403 1023 1652 1081 occupavit,
1676 1031 1727 1064 ut

243 1100 329 1127 non
347 1084 620 1126 mediocriter
641 1084 832 1125 omnium
853 1093 1027 1126 mentes
1032 1084 1282 1141 animosque
1305 1099 1383 1141 per
1387 1082 1603 1124 turbaret.
1639 1081 1727 1124 Hic

244 1143 434 1201 primum
453 1150 575 1185 ortus
594 1151 657 1184 est
681 1158 706 1184 a
728 1142 934 1184 Tribunis
961 1142 1167 1192 militum,
1199 1142 1414 1200 praefectis
1443 1141 1726 1199 reliquisque,

244 1202 337 1258 qui,
350 1217 403 1243 ex
418 1201 527 1244 urbe
541 1201 738 1243 amicitiae
750 1216 896 1242 caussa
911 1202 1122 1243 Caesarem
1136 1202 1288 1250 secuti,
1303 1216 1389 1242 non
1401 1215 1607 1258 magnum
1620 1200 1663 1243 in
1681 1215 1728 1242 re

244 1261 422 1302 militari
459 1276 582 1301 usum
624 1259 862 1307 habebant;
907 1276 1097 1317 quorum
1132 1259 1256 1309 alius,
1291 1259 1376 1301 alia
1410 1275 1556 1301 caussa
1575 1259 1726 1309 inlata,

245 1334 377 1376 quam
398 1318 477 1360 sibi
516 1318 569 1360 ad
590 1294 946 1376 proficiscendum
967 1319 1243 1360 necessariam
1263 1333 1348 1360 esse
1369 1318 1578 1367 dicerent,
1608 1326 1726 1376 pete-

246 1378 368 1425 bant,
401 1385 451 1418 ut
479 1377 568 1434 ejus
599 1376 825 1418 voluntate
855 1377 1070 1419 discedere
1102 1377 1275 1423 licer3et
1310 1377 1523 1425 nonnulli,
1558 1377 1727 1434 pudore

244 1436 437 1484 adducti,
457 1444 508 1477 ut
527 1435 692 1477 timoris
710 1435 996 1493 suspicionem
1014 1435 1218 1484 vitarent
1242 1435 1534 1477 remanebant.
1578 1435 1639 1478 Hi
1656 1450 1730 1477 ne-

246 1511 331 1553 que
346 1494 519 1536 vultum
538 1492 716 1550 fingere,
735 1509 874 1550 neque
887 1494 1104 1536 interdum
1124 1494 1320 1535 lacrimas
1332 1502 1477 1535 tenere
1498 1502 1724 1551 poterant:

246 1552 412 1596 abditi
403 1568 445 1594 1n
465 1551 755 1593 tabernaculis
773 1559 850 1592 aut
878 1568 1005 1593 51111111
1023 1553 1161 1594 fatum
1184 1552 1498 1609 querebantur,
1520 1561 1597 1594 aut
1628 1568 1729 1594 cum

246 1610 529 1654 familiaribus
557 1610 641 1651 suis
672 1625 897 1652 commune
920 1610 1165 1668 periculum
1182 1610 1513 1652 miserabantur
1579 1611 1729 1669 Vulgo

245 1669 350 1713 totis
378 1669 526 1712 castris
555 1676 809 1710 testamenta
828 1668 1191 1736 obsignabantur.
1257 1668 1431 1711 Horum
1465 1669 1646 1711 vocibus
1681 1685 1730 1712 ac

246 1730 403 1771 timore
422 1727 651 1786 paullatim
680 1727 809 1769 etiam
826 1727 871 1777 ii,
907 1728 983 1785 qui
1003 1744 1209 1785 magnum
1228 1727 1270 1770 in
1289 1729 1438 1770 castris
1456 1744 1581 1770 usum
1602 1728 1730 1771 habe-

246 1788 368 1837 bant,
391 1787 547 1829 milites
565 1786 955 1844 Centurionesque‚
976 1788 1141 1845 quique
1162 1787 1362 1844 equitatu
1384 1796 1614 1844 praeerant,
1635 1804 1732 1845 per-

246 1846 557 1889 turbabantur
600 1845 687 1894 Qui
701 1862 742 1887 se
765 1862 816 1887 ex
836 1845 898 1887 his
917 1846 1056 1888 minus
1073 1846 1245 1888 timidos
1257 1846 1490 1888 existimali
1509 1847 1730 1896 volebant,

248 1921 334 1948 11011
354 1922 395 1947 se
425 1905 589 1946 hostem
611 1904 766 1953 vereri,
798 1905 870 1947 sed
903 1905 1121 1963 angustias
1141 1905 1303 1947 itineris
1327 1912 1371 1946 et
1390 1905 1731 1962 magnitudinem

249 1965 472 2013 silvarum,
505 1979 602 2020 quae
637 1963 953 2006 intercederent
983 1964 1095 2006 inter
1125 1964 1238 2021 ipsos
1270 1972 1403 2021 atque
1443 1964 1731 2013 Ariovistum,

249 2032 326 2065 aut
348 2039 438 2065 rem
460 2022 802 2072 frumentariam,
837 2031 886 2064 ut
903 2022 1004 2065 satis
1032 2023 1255 2065 commode
1285 2022 1539 2080 subportari
1571 2032 1731 2080 posset,

298 2134 496 2174 Continqam
511 2143 556 2164 sc.
574 2133 695 2174 ripam.
721 2134 770 2164 M.
808 2132 883 2164 Non
902 2133 960 2164 ita.

251 2177 367 2219 potius
392 2180 473 2219 ripce
496 2177 529 2208 in
545 2176 755 2208 nominativo
773 2177 847 2209 heic
866 2177 961 2218 posi-

253 2228 324 2252 tum
354 2220 496 2252 videtur.
546 2222 657 2262 Vulgo
688 2221 809 2259 legitur
834 2223 958 2253 radices

251 2269 319 2305 eius
333 2267 472 2304 moncis;
497 2265 530 2296 in
547 2265 627 2296 aliis
651 2275 837 2307 pronomen
856 2265 958 2297 omit-

250 2315 340 2340 titur.

302 2355 404 2386 Hunc
425 2365 552 2386 murus.
587 2353 664 2385 LC.
681 2353 724 2384 ΙΙ.
759 2353 874 2395 potius
890 2353 957 2396 legi

255 2397 326 2428 vult
346 2399 445 2429 Huic.
469 2399 590 2428 Parum
607 2398 719 2429 refert.

302 2441 398 2472 Ortus
411 2446 467 2473 est.
515 2443 685 2484 Repetunt
707 2441 845 2484 quidam
864 2442 961 2473 codd.

253 2489 287 2516 et
301 2484 377 2514 edd.
392 2484 502 2518 timor.

304 2528 478 2569 Prcefectis.
493 2530 537 2560 al.
553 2540 591 2561 ae
605 2530 771 2571 prcefectis.

300 2573 466 2613 Maynum
491 2575 673 2614 periculum
708 2574 961 2612 miverabantirr,

256 2616 354 2658 quod.
402 2616 482 2647 Haec
512 2617 613 2648 verba
635 2618 726 2658 (post
748 2619 846 2649 muti
860 2618 960 2659 vulgo

257 2659 386 2698 addita)
411 2669 431 2691 a
445 2660 542 2691 codd.
559 2661 714 2701 pluribus
734 2668 766 2691 et
781 2662 855 2692 edd.
880 2667 961 2694 antt.

255 2709 288 2735 et
311 2703 514 2745 metaphrasi
547 2705 604 2735 Cr.
632 2706 772 2744 absunt;
811 2706 964 2745 leguntur

255 2753 367 2779 tamen
389 2747 423 2779 in
437 2747 639 2789 quibusdam
656 2750 751 2780 codd.
778 2749 919 2780 Lectio
911 2760 962 2781 in-

254 2797 346 2823 certa
360 2797 422 2823 est.
447 2793 496 2823 M.
541 2792 633 2823 Mihi
653 2793 750 2833 plane
767 2803 961 2834 pelsuasum

257 2841 318 2874 est,
344 2846 364 2867 a
379 2835 488 2867 sciolo
503 2837 647 2877 quodam
662 2848 735 2867 esse
753 2836 889 2876 intlusa,
916 2837 961 2869 iis

257 2879 392 2911 omissis
401 2891 536 2921 egregie
549 2881 700 2922 procedit
712 2881 832 2912 oratio.
847 2882 963 2913 Mure-

257 2928 312 2954 tus
337 2929 370 2955 et
397 2924 538 2956 Uisinus
563 2930 687 2956 temere
708 2925 876 2966 ponebant
897 2937 963 2957 esse

254 2968 425 3006 rebantur,
439 2974 472 3000 et
488 2967 642 3001 Oudend.
657 2969 752 3002 malit
764 2971 964 3002 aversaban-

1021 2139 1089 2171 mr,
1107 2133 1200 2174 pejus
1215 2133 1316 2164 etiam
1340 2133 1650 2166 murmurabanmr.
1697 2134 1731 2165 In

1022 2178 1076 2208 ed.
1100 2177 1245 2208 secunda
1273 2176 1412 2208 retinuit
1431 2178 1619 2219 vulgatum,
1644 2179 1733 2220 quod

1022 2231 1086 2252 non
1106 2222 1230 2262 placet.

1073 2267 1197 2297 Caussa
1212 2267 1327 2297 inlata.
1374 2266 1427 2297 Sic
1452 2265 1584 2297 Phaedr.
1603 2266 1686 2298 Fab.
1706 2268 1718 2296 l

1027 2309 1161 2340 Frustra
1177 2309 1336 2340 (ss'iaccon.
1351 2312 1467 2342 allata.

1075 2355 1242 2391 Dicerem,
1251 2356 1411 2395 petebant.
1462 2353 1600 2385 Rectius
1615 2354 1662 2385 sic
1677 2365 1734 2385 ve-

1027 2403 1114 2429 teres
1129 2398 1204 2428 edd.
1220 2403 1257 2428 ut
1272 2402 1303 2432 9.
1321 2400 1374 2428 ‘2ss.
1390 2398 1493 2439 vulgo
1508 2398 1636 2436 diceret,
1650 2403 1734 2438 pele-

1026 2443 1100 2481 bat3
1125 2452 1202 2472 nam
1214 2442 1255 2473 de
1270 2441 1429 2483 pluribus
1443 2452 1562 2472 sermo.
1587 2441 1737 2482 Scaliger

1028 2487 1117 2517 male
1131 2486 1271 2517 duceret.
1294 2487 1430 2517 Graecus
1444 2485 1546 2516 ctiam
1562 2485 1675 2525 ἔλεγον.

1078 2531 1295 2562 Testamenta.
1357 2531 1422 2561 Per
1451 2541 1486 2561 se
1522 2528 1735 2571 intelligitur,

1029 2574 1098 2605 haec
1126 2575 1166 2604 de
1191 2573 1399 2605 militaribus
1426 2573 1634 2604 testamentis
1659 2584 1734 2605 esse

1027 2617 1205 2658 capienda,
1226 2629 1370 2659 quorum
1386 2617 1468 2648 ritus
1483 2622 1516 2648 et
1527 2617 1603 2658 jura
1620 2628 1641 2648 a
1654 2618 1735 2649 reli-

1026 2662 1102 2703 quis
1117 2662 1324 2693 testamentis
1344 2661 1474 2692 diversa
1486 2660 1604 2699 fuisse,
1620 2672 1662 2693 ex
1683 2662 1736 2692 In-

1028 2705 1259 2738 stitutionibus
1272 2704 1454 2736 „Iustiniani
1465 2704 1542 2744 (lib.
1556 2709 1587 2736 2.
1599 2704 1652 2737 tit.
1666 2707 1677 2735 l
1689 2708 1738 2746 l.)

1027 2756 1145 2781 notum
1161 2755 1221 2781 est.
1248 2749 1289 2780 V.
1310 2748 1518 2780 Freinshem.
1540 2749 1582 2780 ad
1597 2750 1686 2782 Flor.
1704 2754 1735 2789 3,

1076 2839 1248 2878 Equicatu.
1273 2836 1327 2867 Sic
1346 2836 1543 2868 Vossianus.
1566 2836 1619 2868 Cf.
1634 2849 1664 2869 c.
1685 2839 1771 2872 16.,,

1079 2883 1159 2912 Rem
1169 2881 1276 2921 frum.
1288 2880 1311 2911 i.
1327 2892 1370 2915 0.
1387 2882 1472 2922 quod
1488 2882 1532 2913 cul
1546 2893 1616 2913 rem
1629 2883 1736 2923 frum.
1773 2883 1779 2918 ζ

1030 2924 1187 2974 elliptica
1202 2925 1344 2956 locutio.
1378 2924 1513 2957 Similia
1528 2926 1583 2956 dat
1601 2926 1735 2958 l'elizo—

1029 2969 1104 3003 nius
1116 2969 1158 3002 ad
1173 2968 1301 3002 Sanctii
1317 2969 1508 3002 Minervam
1523 2973 1589 3008 9,
1572 2988 1602 3001 α.
