1946 3261
535 213 654 260 LIB.
688 214 769 262 1v.
833 213 974 260 CAP.
1008 211 1197 259 36-38.
1464 173 1467 175 “
1562 208 1618 253 99

124 341 297 402 piorum
318 343 422 388 fines
442 343 634 404 legiones
653 345 886 392 duxerant,
908 343 1103 386 omnibus
1124 356 1272 385 eorum
1293 337 1410 398 agris
1427 335 1625 387 vastatis,

124 404 351 447 frumentis
383 405 568 455 succisis,
599 404 786 448 aedifieiis
815 401 1010 451 incensis,
1041 400 1158 457 quod
1183 398 1377 458 Menapii
1400 415 1445 441 se
1475 412 1623 441 omnes

122 462 165 505 in
189 463 454 507 densissimas
483 464 611 507 silvas
642 463 916 512 abdiderant,
947 478 990 503 se
1020 459 1076 502 ad
1100 460 1312 501 Caesarem
1344 464 1620 516 receperunt.

127 522 274 566 Caesar
306 522 350 565 in
382 523 532 581 Belgis
565 523 754 565 omnium
790 521 1008 581 legionum
1041 517 1223 560 hiberna
1252 517 1493 560 constituit.
1557 515 1624 559 Eo

121 581 218 624 duae
240 581 414 624 omnino
436 581 634 624 civitates
662 598 715 624 ex
739 578 967 624 Britannia
989 575 1160 621 obsides
1180 577 1406 625 miserunt,
1440 576 1622 633 reliquae

121 640 425 697 neglexerunt.
492 640 574 682 His
596 641 727 683 rebus
750 639 897 699 gestis,
920 655 973 682 ex
993 636 1130 681 literis
1148 634 1330 679 Caesaris
1350 633 1516 678 dierum
1536 634 1621 679 XX

120 699 382 758 subplicatio
403 715 428 742 a
453 699 617 743 Senatu
637 699 813 743 decreta
832 707 911 743 est.

120 838 188 860 non
206 828 348 870 liquere.
397 827 482 867 Quae
506 829 562 861 hic
589 828 621 860 in
639 835 730 862 textu
747 834 836 868 sunt,
905 828 992 860 Cum
1025 836 1107 868 ergo
1137 824 1252 858 Caesar
1282 833 1313 854 c.
1337 824 1389 854 36.
1422 821 1559 854 obsides
1584 821 1618 852 in

122 884 162 905 ea
179 873 283 905 habet
295 873 521 914 metaphrasis
531 874 664 905 Graeca.
683 875 733 905 M.
761 874 837 904 Vox
904 871 1137 904 continentem
1163 868 1252 900 mitti
1271 866 1420 910 jusserit,
1442 876 1484 897 ex
1505 871 1618 897 nostro

118 918 285 960 per-fussio,
314 917 394 948 item
426 918 529 949 verba
559 929 674 950 omnes
697 918 771 960 fere
801 917 835 949 in
908 918 985 948 loco
1003 915 1181 952 discimus,
1205 912 1440 945 continentem
1464 911 1618 942 indicare

123 963 222 994 codd.
241 967 275 993 et
291 962 368 993 edd.
385 967 453 993 vet.
471 963 602 993 desunt.
907 961 1065 994 Galliam.
1111 960 1163 991 Cf.
1181 968 1212 989 c.
1231 959 1284 988 97.
1310 957 1360 988 M.

170 1009 363 1039 Duxerunt.
385 1007 454 1038 vid.
470 1018 500 1038 c.
517 1011 570 1038 22.
596 1008 647 1039 M.
954 1007 1137 1049 Subplicat.
1151 1004 1270 1036 dem-et.
1292 1001 1337 1032 cf.
1352 1001 1444 1033 Suet.
1460 1011 1490 1032 c.
1508 1002 1561 1032 24-

169 1052 220 1084 Εο
257 1051 310 1090 (in
336 1051 476 1094 Belgas)
511 1052 637 1084 obsides
657 1053 832 1084 miserunt.

1383 3075 1455 3110 112
