1946 3261
226 175 300 194 .9.

250 197 338 242 486
467 200 523 244 A.
559 197 764 243 HIRTII
795 197 880 242 DE
911 197 1114 242 BELLO
1147 197 1493 244 AFRICANO.

248 323 369 381 cujus
389 324 520 382 copiae
541 324 759 382 legionum
779 332 893 375 octo,
915 332 961 368 et
981 324 1177 382 equitum
1196 325 1328 369 trium
1341 326 1501 369 milium
1519 341 1607 369 esse
1623 338 1728 367 nun-

249 383 497 440 ciabantur)
529 384 719 427 officinas
752 383 950 428 ferrarias
980 384 1210 434 instruere,
1243 385 1423 444 sagittas
1445 385 1636 442 telaque,
1663 383 1730 431 uti

247 439 400 490 fierent
421 443 662 500 complura,
685 459 854 493 curare,
885 441 1061 502 glandes
1080 443 1279 495 fundere,
1312 445 1436 488 sudes
1464 456 1729 502 comparare,

246 497 415 542 litteras
435 500 478 548 in
497 502 689 545 Siciliam
710 502 973 560 nunciosque
994 502 1185 552 mittere,
1219 512 1269 545 ut
1293 504 1376 546 sibi
1397 511 1535 546 crates
1555 500 1728 545 materi-

247 573 403 614 emque
431 569 713 618 congererent
731 561 786 604 ad
815 562 985 610 arietes,
1023 561 1143 618 cujus
1174 562 1319 620 inopia
1348 563 1389 606 in
1413 562 1564 604 Africa
1593 566 1726 603 esset:

249 625 461 673 praeterea
479 619 644 662 ferrum
661 620 976 678 plumbumque
997 620 1262 664 mitteretur.
1316 621 1375 664 Et
1396 620 1583 664 animum
1599 619 1729 662 etiam

247 673 524 728 advertebat,
556 679 774 722 frumento
796 696 839 721 se
862 680 904 721 in
924 679 1089 729 Africa,
1124 680 1201 722 nisi
1228 679 1518 738 inportatitio,
1548 679 1615 720 uti
1642 691 1727 720 non

246 748 394 790 posse:
450 737 595 794 priore
623 738 733 780 enim
768 753 894 786 anno,
931 746 1116 796 propter
1149 738 1494 782 adversariorum
1526 737 1726 785 dilectus,

247 794 367 849 quod
401 796 668 853 stipendiarii
706 806 895 840 aratores
926 797 1084 839 milites
1115 805 1253 839 essent
1286 797 1406 847 facti,
1437 812 1611 839 messem
1643 809 1728 838 non

245 866 336 894 esse
358 852 516 897 factam
535 870 543 896 :
582 863 794 913 praeterea
814 873 867 899 ex
883 855 995 898 omni
1014 856 1165 898 Africa
1182 856 1446 899 frumentum
1463 854 1730 897 adversarios

245 909 289 952 in
310 927 447 968 pauca
465 914 627 972 oppida
644 922 688 956 et
707 915 815 957 bene
837 915 1004 957 munita
1024 923 1328 972 comportasse,
1349 928 1603 970 omnemque
1619 912 1730 970 regi-

244 983 371 1010 onem
394 970 555 1014 Africae
575 973 807 1015 exinanisse
828 974 1068 1016 frumento:
1113 973 1290 1031 oppida,
1319 983 1477 1031 praeter
1504 988 1553 1014 ea
1574 986 1729 1028 pauca,

246 1042 343 1082 quae
376 1027 458 1086 ipsi
489 1029 573 1071 suis
607 1030 811 1086 praesidiis
843 1032 957 1073 tueri
988 1041 1205 1089 poterant,
1244 1031 1412 1088 reliqua
1444 1030 1563 1073 dirui
1598 1038 1729 1086 atque

244 1084 404 1135 dele1·i;
437 1095 482 1128 et
514 1103 664 1129 eorum
698 1089 856 1131 incolas
899 1091 1013 1132 intra
1046 1106 1123 1132 sua
1160 1090 1360 1147 praesidia
1391 1089 1575 1147 coegisse
1612 1103 1725 1130 com-

245 1143 461 1199 migrare3
494 1161 622 1203 agros
644 1145 835 1189 desertos
852 1163 901 1189 ac
923 1156 1111 1190 vastatos
1132 1164 1234 1190 esse.

300 1202 371 1244 21.
409 1203 504 1246 Hac
530 1205 780 1247 necessitate
813 1205 956 1247 Caesar
987 1215 1175 1255 coactus,
1208 1207 1398 1264 privatos
1427 1205 1656 1248 ambiendo
1685 1213 1728 1248 et

242 1260 399 1303 blande
430 1262 689 1319 adpellando
717 1264 1034 1321 aliquantulum
1077 1266 1280 1307 frumenti
1309 1280 1535 1306 numerum
1575 1264 1617 1307 in
1653 1279 1730 1307 sua

243 1319 444 1376 praesidia
480 1331 750 1379 congesserat
781 1332 825 1364 et
854 1338 904 1364 eo
937 1339 1065 1380 parce
1098 1323 1318 1365 utebatur.
1384 1323 1535 1381 Opera
1556 1323 1731 1366 interim

242 1378 333 1434 ipse
371 1379 567 1435 quotidie
610 1380 836 1423 circumire
877 1391 922 1424 et
954 1381 1008 1424 ad
1046 1390 1189 1425 ternas
1230 1381 1429 1425 cohortes
1468 1382 1511 1424 in
1545 1383 1731 1425 statione

239 1435 418 1487 habere,
456 1446 642 1497 propter
676 1438 865 1482 hostium
900 1441 1239 1484 multitudinem.
1315 1438 1531 1484 Labienus
1569 1441 1732 1484 saucios

239 1511 353 1546 suos,
386 1513 571 1555 quorum
597 1499 804 1541 maximus
837 1515 1041 1542 numerus
1072 1500 1174 1550 fuit,
1205 1500 1332 1558 jubet
1360 1500 1402 1542 in
1432 1500 1608 1557 plostris
1626 1500 1732 1543 deli-

240 1563 365 1612 gatos
388 1556 680 1600 Adrumetum
701 1558 940 1616 deportari.
1017 1559 1060 1602 N
1064 1575 1162 1601 aves
1185 1559 1358 1601 interim
1383 1559 1561 1602 Caesaris
1581 1575 1730 1602 onera-

240 1613 316 1656 riae
335 1615 591 1659 errabundae
613 1616 724 1659 male
746 1618 1035 1674 vagabantur,
1058 1618 1229 1662 incertae
1257 1619 1451 1661 locorum
1481 1627 1613 1676 atque
1643 1634 1730 1661 cas-

242 1680 413 1716 trorum
439 1690 646 1717 suorum:
681 1692 787 1734 quas
819 1677 1009 1735 singulas
1039 1677 1206 1736 scaphae
1242 1677 1590 1721 adversariorum
1618 1692 1730 1720 com-

241 1732 391 1789 plures
410 1733 574 1778 adortae
595 1733 879 1778 incendebant
899 1745 1033 1794 atque
1053 1737 1378 1795 expugnabant.
1442 1737 1538 1779 Hac
1557 1752 1604 1779 re
1625 1751 1730 1779 nun-

291 1878 440 1917 Saqittas
450 1881 514 1909 etc.
540 1877 734 1908 ItaTerent.
748 1879 850 1910 Andr.
863 1878 951 1920 prol.

239 1922 364 1962 populo
380 1926 417 1951 ur
432 1923 617 1961 placerem.·
636 1932 720 1964 quas-
737 1923 878 1963 fecisset,
893 1923 951 1963 fa-

244 1965 354 1996 bulas.
371 1965 544 2007 Syllepsis.
590 1966 626 1996 ld
641 1977 744 2006 quum
761 1977 827 1997 non
853 1966 951 1998 intel-

242 2007 398 2049 ligerent,
413 2010 575 2041 dederunt
590 2012 734 2051 saqitlae.

292 2053 514 2093 Inporlatilio.
560 2053 646 2085 bene
663 2053 708 2085 sic
725 2053 823 2084 codd.

243 2097 422 2138 inportata.

292 2141 509 2181 Ste'pende'mv'i
545 2147 704 2174 aratores.
733 2140 791 2183 qui
833 2143 950 2174 colunt

244 2192 347 2228 agros
372 2194 411 2215 ea
440 2185 527 2226 lege,
549 2192 584 2216 ut
607 2185 772 2217 tributum
800 2196 951 2218 annuum

246 2227 387 2259 solvant.
411 2239 442 2260 v.
470 2229 604 2260 Ernesti
630 2229 727 2260 Clau.
742 2229 815 2261 Cic.
833 2230 865 2261 in
885 2233 948 2262 Sta·-

238 2272 437 2312 pendian'us
453 2277 486 2303 et
503 2273 634 2304 Arator.
663 2275 712 2306 M.

293 2316 349 2348 Ea
368 2326 496 2358 pauca.
544 2316 583 2346 Τὸ
606 2328 647 2349 ea
670 2317 797 2349 addidit
822 2317 907 2350 Oud.
932 2330 951 2350 e

246 2359 343 2391 codd.

293 2403 530 2446 AMqu-frum.
543 2414 635 2436 num.
671 2404 822 2437 Verbum
838 2417 952 2438 vume-

245 2458 324 2479 rum
350 2447 424 2479 tolli
450 2448 523 2479 vult
546 2447 710 2487 Clarkius.
741 2450 820 2490 quia
848 2451 950 2483 verbo

244 2492 496 2533 aliquantulum
527 2492 609 2523 boni
638 2498 793 2524 auctores
823 2493 877 2524 vix
918 2503 953 2526 ut

247 2535 416 2576 adjectivo
447 2542 602 2568 utantur:
643 2542 675 2568 ct
700 2537 794 2568 abest
825 2548 844 2567 a
875 2540 950 2570 cod.

246 2579 343 2610 Leid.
375 2580 504 2620 primo;
538 2580 743 2622 adscriptum
774 2587 882 2612 tamon
908 2583 951 2614 ab

247 2622 316 2654 alia
347 2634 448 2655 manu
480 2629 541 2654 est.
601 2625 636 2655 In
668 2624 835 2666 plerisque
870 2637 950 2656 vero

246 2667 344 2698 codd.
362 2668 482 2709 legitur
496 2669 714 2709 aliquantam
729 2679 825 2700 mim.
841 2670 949 2710 frum.

245 2711 337 2750 quod
354 2722 469 2743 verum
487 2717 582 2752 puto,
596 2718 642 2750 ct,
661 2720 694 2744 ut
711 2713 828 2751 rarius,
844 2719 951 2744 muta-

248 2758 332 2784 tum.
357 2756 525 2797 Exempla
543 2756 690 2798 conlegit
703 2756 790 2787 Oud.
802 2757 844 2787 ad
862 2757 899 2787 Β.
911 2758 950 2788 C..

250 2799 279 2835 1,
298 2799 350 2828 67-
373 2801 424 2832 Μ.
470 2799 536 2832 Ubi
553 2801 651 2832 codd.
667 2802 840 2844 aliquanto
854 2801 953 2833 ‹letri-

248 2847 371 2874 mento.

882 2054 952 2085 Alii

1065 1879 1114 1910 Ad
1131 1885 1253 1911 ternas.
1298 1878 1351 1910 Sic
1372 1890 1432 1921 pro
1449 1880 1539 1917 vulg.
1566 1879 1723 1917 alterna-s,

1017 1923 1110 1964 quod
1125 1930 1156 1954 ct
1172 1925 1250 1954 cod.
1266 1922 1363 1955 Leid.
1383 1934 1433 1964 pr.
1449 1923 1603 1961 exhibet,
1623 1922 1727 1954 scribi

1021 1967 1127 1998 voluit
1160 1967 1300 2008 Lipsius
1328 1967 1424 2006 (Mil.
1451 1968 1552 1999 Rom.
1578 1972 1609 2005 5,
1632 1969 1665 1998 8.
1692 1977 1724 2008 p.

1019 2013 1110 2050 262),
1132 2022 1234 2052 quem
1252 2017 1385 2043 secutus
1401 2017 1451 2042 est
1477 2010 1566 2042 Oud.
1609 2010 1724 2042 Ceteri

1015 2056 1113 2087 codd.
1133 2056 1183 2086 vel
1201 2056 1246 2087 ad
1263 2061 1368 2093 trans,
1384 2055 1436 2086 vel
1453 2055 1499 2086 ml
1512 2061 1593 2093 tras,
1609 2055 1662 2085 vel
1677 2055 1725 2087 ad

1015 2106 1134 2137 terras,
1149 2099 1204 2130 vel
1220 2101 1344 2131 alteras
1360 2099 1496 2131 habent.
1523 2100 1571 2130 M.
1616 2099 1724 2140 Praep.

1017 2144 1065 2175 affl
1087 2144 1134 2174 sic
1163 2150 1344 2185 usurpatur
1369 2150 1401 2174 ct
1428 2143 1527 2175 alibi.
1562 2142 1662 2174 V.ad
1683 2142 1725 2174 G.

1017 2190 1051 2224 8,
1067 2190 1098 2219 4.

1066 2233 1254 2273 Βεὶἰςηιοε,
1280 2242 1423 2273 quorum
1449 2231 1587 2263 vulnera
1610 2231 1727 2263 fasciis

1019 2276 1165 2317 deligata
1182 2281 1295 2307 erant:
1320 2286 1395 2307 nam
1419 2277 1543 2308 vulnus
1565 2281 1598 2306 et
1620 2286 1726 2307 mem-

1019 2321 1115 2351 brum
1147 2321 1294 2361 deh'qare
1316 2326 1350 2351 ct
1371 2330 1389 2350 e
1412 2318 1513 2351 Celso
1528 2325 1644 2351 notum
1661 2324 1722 2359 est,

1017 2370 1049 2394 ct
1065 2363 1150 2395 dixit
1165 2363 1419 2402 Quinctilianus
1436 2366 1468 2403 2,
1486 2365 1535 2403 17,
1553 2365 1572 2395 9
1586 2362 1724 2395 etalibi.

1018 2407 1146 2445 Quidni
1179 2418 1258 2448 ergo
1299 2407 1435 2439 saucius
1473 2407 1606 2439 dicatur
1642 2407 1725 2439 deli-

1017 2453 1143 2492 yacus?
1188 2451 1308 2491 Miror,
1334 2451 1532 2493 interpretes
1552 2449 1723 2492 cogitasse

1018 2496 1059 2527 de
1089 2495 1214 2527 sauciis
1241 2495 1294 2526 vel
1321 2496 1513 2528 constrictis
1543 2493 1724 2533 hostiliter,

1019 2540 1074 2570 vel
1089 2539 1254 2581 adligatis,
1272 2550 1311 2571 ne
1334 2545 1579 2571 excuterentur.
1623 2537 1722 2569 Cete-

1019 2593 1091 2614 rum
1107 2594 1127 2614 a
1144 2584 1258 2625 paucis
1267 2585 1365 2615 codd.
1378 2583 1473 2615 abest
1489 2583 1554 2615 hoc
1570 2582 1721 2615 verbum.

1066 2672 1288 2704 Invendebam
1335 2677 1435 2713 atque
1471 2670 1722 2713 erpuqnabant.

1020 2715 1075 2746 Ali
1083 2715 1090 2745 i
1103 2717 1316 2748 incenderem!
1324 2721 1382 2757 atq
1389 2726 1426 2746 ue
1435 2725 1591 2756 expuqna
1596 2719 1709 2746 terant
1715 2736 1722 2744 .

1020 2759 1112 2801 Lips.
1127 2761 1278 2792 malebat
1292 2759 1536 2792 &ascenderant
