1946 3261
598 178 715 223 LIB.
749 178 835 223 III.

898 180 1036 224 CAP.
1075 180 1112 224 1.
1524 185 1615 230 343

164 307 235 340 104.
267 307 334 340 Iste
361 307 396 339 in
426 306 608 349 AEgyptum
638 318 675 338 se
704 306 839 350 recipit,
867 308 930 340 ubi
959 309 1003 340 ab
1034 308 1182 347 Achilla,
1211 307 1322 351 Regio
1354 310 1534 352 praefecto,
1564 319 1601 345 et

159 352 327 394 Septimio
355 352 510 384 Tribuno
542 351 689 383 militum
721 352 932 384 interficitur.
991 355 1063 384 105.
1096 354 1208 386 Caesar
1234 355 1398 395 Ephesiae
1431 351 1599 398 pecuniae,

159 408 180 428 a
209 397 250 428 T.
279 397 405 438 Ampio
444 396 643 439 spoliaudae,
682 397 805 428 iterum
842 396 1012 428 auxilium
1049 398 1170 430 adfert.
1249 400 1408 431 Portenta
1441 400 1600 434 victoriae

157 442 292 473 nuncia.

117 487 201 527 Cap.
224 488 402 517 106—108·
427 485 540 517 Caesar
562 485 799 517 Alexandriam
815 484 921 524 venit,
936 485 977 516 de
993 485 1154 527 Pompeii
1184 496 1269 518 nece
1297 489 1490 530 cognoscit,
1513 500 1600 522 con-

158 530 336 561 troversias
353 528 527 560 Ptolemaei
544 536 577 561 et
592 529 778 571 Cleopatrae
791 529 949 561 dirimere
964 535 1069 571 parat.
1111 532 1184 561 109.
1201 531 1380 564 Excitatur
1394 535 1438 565 ab
1459 534 1598 567 Achilla

159 575 338 605 tumultus.
393 574 423 604 Is
450 573 692 604 Dioscoridem
724 580 757 605 et
784 574 1003 615 Serapionem
1033 572 1140 615 Regis
1163 574 1291 614 legatos
1318 576 1460 609 interfici
1487 579 1600 620 jubet.

157 619 255 659 Rege
284 617 412 659 potitur
437 616 563 647 Caesar.
591 619 773 648 110-112.
808 618 961 649 Achillas
975 617 1148 649 Caesarem
1171 619 1333 658 adoritur,
1357 621 1393 651 fit
1418 633 1531 663 pugna
1553 623 1598 655 ad

158 668 302 704 portum.
348 660 461 691 Caesar
488 671 589 691 naves
617 660 781 699 incendit,
808 663 849 692 ad
876 663 1021 693 Pharum
1045 662 1173 693 milites
1188 663 1354 703 exponit3
1378 672 1548 707 pugnatur
1565 667 1600 699 in

156 706 253 736 urbe.
298 704 388 736 Filia
420 704 531 733 minor
557 705 735 735 Ptolemaei
767 705 810 736 ad
836 706 1010 736 Achillam
1037 706 1156 737 transit
1185 718 1203 737 e
1230 707 1349 747 Regia,
1381 709 1487 741 oritur
1511 710 1599 743 inter

155 759 215 780 eos
244 748 285 779 de
317 745 512 789 principatu
545 747 792 779 controversia.
840 749 1017 788 Pothinus,
1051 749 1163 791 Regni
1194 758 1403 791 procurator,
1442 753 1474 784 in
1504 762 1598 794 parte

157 792 316 829 Caesaris,
331 792 423 823 clam
437 801 518 822 cum
535 791 672 823 Achilla
686 791 756 833 agit
775 796 808 824 et
825 802 845 824 a
860 793 994 825 Caesare
1019 793 1232 826 interficitur.
1279 796 1363 829 Haec
1393 795 1490 830 initia
1518 798 1604 830 belli

158 835 390 869 Alexandrini.

116 898 513 962 DICTATORE
543 913 733 958 habente
763 914 937 959 comitia
960 915 1129 958 Caesare
1157 915 1368 959 Consules
1396 927 1602 964 creantur

112 976 258 1019 Julius
272 975 417 1017 Caesar
433 982 478 1016 et
498 975 547 1016 P.
567 975 776 1018 Servilius
794 991 803 1023 ;
823 976 855 1017 is
873 975 984 1018 enim
1005 982 1100 1016 erat
1121 990 1273 1026 annus,
1288 992 1376 1034 quo
1391 993 1470 1035 per
1484 979 1601 1038 leges

113 1035 152 1077 ei
168 1034 400 1077 Consulem
420 1033 690 1076 fieriliceret.
732 1034 814 1077 His
832 1035 962 1077 rebus
979 1034 1202 1084 confectis,
1222 1051 1359 1092 quum
1382 1037 1488 1080 fides
1509 1048 1604 1082 tota

113 1093 244 1136 Italia
278 1100 388 1136 esset
425 1094 665 1151 angustior,
701 1110 841 1152 neque
873 1093 1049 1137 creditae
1077 1094 1268 1152 pecuniae
1309 1095 1603 1148 solverentur,

112 1153 355 1202 constituit,
394 1161 442 1195 ut
475 1153 632 1196 arbitri
652 1153 892 1202 clarentum
926 1170 1005 1212 per
1027 1170 1099 1196 eos
1129 1153 1281 1197 fierent
1302 1156 1603 1201 aestimationes

113 1212 424 1271 possessionum
435 1220 479 1254 et
487 1229 650 1262 rerum,
661 1213 813 1269 quanti
824 1229 1009 1271 quaeque
1022 1213 1197 1255 illarum
1210 1222 1309 1256 ante
1319 1215 1486 1257 bellum
1500 1216 1605 1258 fuis-

113 1280 225 1321 sent,
242 1278 377 1328 atque
394 1287 452 1313 eae
468 1271 759 1314 creditoribus
776 1273 1116 1315 transderentur.
1151 1273 1249 1316 Hoc
1272 1281 1315 1316 et
1332 1274 1387 1317 ad
1400 1275 1603 1319 timorem

113 1345 327 1373 novarum
350 1330 603 1372 tabularum
619 1330 861 1374 tollendum
878 1331 1262 1388 minuendumque,
1280 1333 1355 1389 qui
1374 1333 1464 1376 fere
1484 1334 1602 1377 bella

115 1398 161 1431 et
183 1389 329 1431 civiles
352 1388 627 1432 dissensiones
649 1390 770 1447 sequi
793 1390 1031 1440 consuevit,
1063 1399 1107 1432 et
1128 1391 1184 1432 ad
1206 1391 1456 1435 debitorum
1478 1401 1602 1437 tuen-

115 1449 218 1491 dam
231 1448 608 1497 existimationem,
624 1466 712 1491 esse
725 1449 994 1507 aptissimum
1007 1449 1281 1492 existimavit.
1297 1450 1424 1500 Item,
1441 1451 1606 1495 Praeto-

117 1507 239 1550 ribus
266 1507 558 1564 Tribunisque
579 1508 720 1566 plebis
753 1508 1002 1566 rogationes
1033 1508 1088 1550 ad
1109 1509 1320 1566 populum
1343 1511 1603 1562 ferentibus,

118 1567 364 1616 nonnullos,
394 1567 581 1609 ambitus
605 1567 815 1625 Pompeia
843 1568 938 1624 lege
960 1568 1185 1611 damnatos
1205 1568 1291 1610 illis
1313 1569 1602 1627 temporibus,

115 1625 276 1684 quibus
296 1624 339 1667 in
368 1625 476 1667 urbe
502 1625 698 1682 praesidia
721 1626 942 1684 legionum
977 1626 1206 1684 Pompeius
1227 1626 1454 1677 habuerat,
1487 1629 1602 1686 (quae

108 1684 287 1744 judicia,
305 1683 399 1727 aliis
414 1683 694 1728 audientibus
708 1685 941 1744 judicibUS,
960 1685 1054 1728 aliis
1070 1685 1329 1729 sententiam
1345 1686 1601 1740 ferentibus,

161 1832 335 1862 Dictatore
365 1831 510 1862 Caesare.
555 1829 659 1862 Redit
673 1830 820 1863 narratio

116 1876 159 1906 ad
174 1879 206 1914 2,
222 1876 278 1914 21,
295 1877 348 1905 22.
383 1875 431 1905 M.

164 1922 278 1951 Caesar
293 1925 323 1950 et
342 1920 512 1950 Serrilhzs.
548 1918 734 1950 Consulatu
751 1918 818 1949 hoc

114 1963 224 1996 functi
253 1968 329 1994 sunt
355 1973 444 1994 anno
464 1964 501 1993 P.
518 1963 559 1994 U.
575 1962 615 1994 C.
633 1965 707 1994 706.
755 1963 819 1993 Sed

117 2006 329 2048 Pompeiana
346 2006 727 2044 factiQThessalonicae
739 2017 822 2037 con-

117 2057 267 2093 gregata,
291 2061 369 2082 cum
387 2051 450 2081 hos
476 2050 642 2082 Consules
668 2061 733 2082 non
759 2061 821 2092 ag-

117 2100 286 2133 nosceret,
328 2094 509 2125 Lentulum
539 2101 572 2126 et
603 2095 820 2134 Marcellum,

119 2138 301 2181 superioris
316 2137 396 2170 anni
408 2138 589 2177 Consules,
607 2139 729 2170 habuit
744 2140 822 2170 loco

117 2190 151 2215 et
177 2194 314 2214 numero
341 2182 540 2222 Consulum,
569 2183 626 2214 sed
655 2193 713 2213 eos
740 2184 821 2214 Pro-

118 2228 276 2259 consules
304 2227 499 2268 adpellavit.
546 2227 613 2258 Dio
639 2226 736 2258 Cass.
766 2230 822 2266 41,

121 2274 177 2304 43.
211 2273 261 2303 M.

163 2317 205 2348 P.
243 2317 416 2348 Servilius·
473 2315 655 2355 Isauricus,
699 2314 820 2347 Isaurii

119 2360 223 2392 filius.

166 2407 293 2441 Annus,
309 2415 374 2445 quo
388 2422 432 2426 —
448 2406 571 2437 liceret.
593 2407 709 2437 Annus
725 2404 822 2436 deci-

120 2459 195 2480 mus
210 2459 231 2479 a
247 2448 354 2489 primo
381 2449 583 2480 Consulatu.
625 2449 703 2480 Liv.
722 2451 752 2487 7,
768 2451 822 2480 42.

123 2495 304 2525 Cellarius.
338 2492 495 2524 Veterem
521 2493 606 2525 hanc
634 2494 744 2534 legem
772 2504 824 2524 re—

120 2537 231 2579 petiit,
247 2542 280 2567 et
296 2537 417 2574 denuo„
431 2537 540 2569 sanxit
562 2538 665 2578 Sylla,
687 2543 824 2569 auctore

121 2580 280 2622 Appiano
312 2580 415 2612 Civil.
443 2582 468 2620 1,
494 2584 566 2613 100.
591 2593 625 2622 p.
649 2584 724 2613 413.
773 2582 823 2613 Μ.

119 2625 281 2656 Heinsius
289 2625 427 2657 volebat
439 2627 588 2664 Consuli,
601 2625 713 2658 invitis
722 2626 823 2657 codd.

121 2669 308 2710 Utrumque
325 2669 459 2700 dicitur.

167 2715 343 2746 Conste'wit
365 2731 410 2736 -—
425 2716 634 2755 aptissimum
663 2716 825 2746 eoestima-

118 2760 176 2789 τὶί.
237 2758 374 2789 Sueton.
405 2758 477 2789 Jul.
507 2769 539 2789 c.
569 2760 623 2790 42.
651 2758 824 2790 Plutarch.

120 2803 207 2834 Caes.
240 2813 270 2833 c.
302 2804 354 2834 37.
397 2802 463 2833 Dio
490 2801 583 2834 Cass.
611 2806 666 2839 41,
692 2804 746 2841 37,
770 2805 825 2834 38.

119 2846 272 2889 Appian.
288 2851 321 2886 2,
338 2848 394 2879 48.
411 2857 487 2890 pag.
505 2850 581 2880 458.
626 2847 730 2880 Conf.
754 2847 828 2880 lnd.

886 1830 920 1863 in
936 1830 1062 1863 tabuloe
1075 1839 1180 1862 novae.
1203 1830 1254 1861 De
1269 1829 1378 1862 turbis
1394 1829 1470 1862 inde
1486 1831 1595 1864 enatis

887 1876 933 1906 cf.
953 1875 1037 1906 infra
1052 1886 1081 1906 c.
1099 1878 1154 1906 20.
1183 1875 1234 1905 M.
1282 1875 1334 1905 De
1352 1875 1429 1915 lege
1445 1875 1593 1908 Caesaris

886 1931 915 1950 v.
928 1925 961 1950 et
974 1919 1085 1950 Tacit.
1103 1920 1191 1949 Ann.
1208 1921 1238 1956 6,
1255 1920 1305 1949 16.
1325 1918 1437 1949 Aliam
1455 1925 1526 1951 tum
1545 1921 1594 1952 le-

885 1974 963 2005 gem
975 1963 1104 2001 tulisse‚
1116 1962 1292 1994 refertDio
1305 1963 1326 1994 l.
1344 1964 1394 1993 12.
1408 1973 1442 2003 p.
1458 1966 1531 1995 159.
1552 1975 1595 1996 ne

885 2008 963 2049 quis
980 2007 1011 2038 in
1027 2018 1110 2038 auro
1134 2007 1188 2037 vel
1216 2012 1352 2047 argento
1385 2008 1461 2047 plus
1489 2019 1594 2049 quam

885 2052 948 2083 LX
988 2052 1055 2083 HS.
1082 2050 1280 2092 possideret.
1336 2051 1475 2083 Tabulae
1504 2063 1601 2085 nova?

887 2096 1002 2127 Graece
1046 2095 1203 2126 dicuntur
1245 2095 1341 2138 χςεῶν
1380 2096 1520 2130 {amnon-37
1561 2104 1597 2130 et

887 2141 1082 2180 σεισάχθεια.

933 2186 1097 2216 Fuissent.
1114 2183 1174 2215 alii
1183 2184 1316 2224 fuisset.

933 2230 1095 2269 Pompeisz
1121 2230 1204 2270 Zeye.
1252 2226 1321 2259 Dio
1337 2227 1433 2260 Cass.
1459 2228 1514 2267 40,
1539 2232 1592 2260 52.

893 2273 1075 2304 Cellarius.

933 2318 1101 2349 Proesffa
1130 2319 1253 2359 leyion.
1299 2315 1333 2347 in
1358 2317 1455 2348 urbe.
1472 2316 1594 2350 Cicero

888 2371 950 2401 pro
968 2361 1045 2392 Mil.
1064 2372 1094 2392 c.
1114 2363 1141 2392 l.
1166 2367 1200 2392 et
1228 2360 1399 2393 Asconius
1429 2361 1464 2392 in
1493 2373 1594 2404 argu-

888 2412 1003 2436 mento
1020 2405 1235 2437 Milonianae.
1266 2407 1318 2437 M.

934 2451 1016 2484 taae
1035 2451 1227 2490 judicia—
1247 2450 1405 2491 perfecta.
1450 2450 1494 2481 Et
1518 2449 1592 2481 haec

887 2493 998 2524 lucem
1014 2494 1154 2535 capiunt
1169 2505 1210 2526 ex
1228 2493 1424 2526 Asconiano
1453 2494 1513 2525 illo
1539 2504 1594 2525 ar-

888 2544 1060 2578 gumento.
1107 2539 1226 2570 Testes
1241 2548 1300 2580 per
1316 2537 1462 2570 triduum
1485 2538 1595 2569 auditi

889 2588 988 2623 sunt3
1025 2588 1145 2624 quarto
1171 2583 1226 2614 die
1256 2592 1375 2614 omnes
1401 2581 1485 2623 jussi
1518 2587 1594 2614 sunt

889 2628 1008 2658 adesse
1026 2627 1058 2659 in
1074 2627 1166 2658 diem
1187 2632 1375 2668 posterum.
1422 2626 1512 2656 Tum
1535 2637 1597 2658 ac-

890 2677 1025 2703 cusator
1034 2677 1067 2703 et
1076 2682 1152 2703 reus
1163 2671 1267 2702 verba
1281 2670 1446 2708 fecerunt,
1459 2671 1597 2701 eodem-

889 2727 957 2757 que
989 2715 1045 2747 die
1077 2715 1240 2746 sententia
1278 2713 1501 2755 pronunciata
1530 2721 1593 2746 est.

890 2760 967 2791 Erit
983 2771 1063 2801 ergo
1080 2761 1199 2792 audire
1215 2759 1280 2790 hoc
1298 2758 1389 2796 loco,
1415 2763 1518 2790 testes
1535 2769 1597 2790 au·
1655 2759 1659 2764 ”

890 2804 974 2843 ἀίῖθ,
991 2814 1192 2845 omnemque
1215 2813 1352 2835 causam
1367 2813 1597 2844 cognoscere-

890 2848 981 2882 Fieri
1005 2849 1097 2881 enim
1122 2847 1246 2891 potuit,
1270 2853 1317 2887 ut,
1332 2846 1390 2891 qui
1413 2858 1479 2881 non
1496 2847 1601 2881 inter-

1938 2391 1946 2461 ,ιγ-ι..
