1946 3261
687 247 806 294 LIB.
866 249 1004 295 CAP.
1037 246 1222 295 18-21.
1570 254 1660 298 435

194 379 239 416 et
258 381 408 417 contra
427 373 683 418 munitiones
703 374 845 432 pontis
867 375 1017 417 latiore
1036 375 1130 420 loco
1149 377 1457 421 constiterunt:
1487 378 1657 425 eodem·
1704 398 1707 405 s

194 448 278 490 que
296 441 504 491 tempore,
517 449 612 491 quae
628 441 934 475 consueverant
950 432 1119 490 navigia
1133 451 1211 491 per
1230 445 1378 494 pontes
1396 437 1450 480 ad
1466 437 1658 482 incendia

194 491 484 534 onerariarum
505 491 716 540 emittere,
736 491 791 532 ad
812 491 967 533 molem
985 491 1316 536 constituerunt.
1370 495 1657 554 Pugnabatur

193 563 218 590 a
238 548 359 591 nobis
377 564 430 591 ex
450 558 596 607 ponte,
617 565 670 592 ex
684 549 820 598 mole3
851 549 908 592 ab
927 548 1009 590 illis
1027 563 1080 591 ex
1096 564 1210 598 area,
1227 566 1323 605 quae
1341 562 1435 596 erat
1452 555 1656 600 adversus

193 615 383 664 pontem,
404 617 449 649 et
472 623 524 650 ex
543 607 722 649 navibus
742 616 892 650 contra
911 607 1080 650 molem.

251 665 322 706 20.
356 664 407 707 In
437 664 500 707 his
537 666 666 707 rebus
703 675 913 724 occupato
953 666 1119 707 Caesare
1157 664 1398 722 militesque
1438 668 1656 718 hortante,

194 723 405 779 remigum
421 737 600 781 magnus
620 739 821 766 numerus
842 733 884 766 et
906 723 1216 766 classiariorum
1236 739 1288 765 ex
1310 723 1448 782 longis
1475 728 1656 770 navibus

193 781 347 823 nostris
368 780 411 822 in
431 782 584 823 molem
605 798 647 824 se
664 782 803 840 ejecit.
869 782 973 824 Pars
987 797 1135 824 eorum
1153 781 1295 824 studio
1310 784 1526 840 spectandi
1551 785 1657 825 fere-

191 838 339 888 batur,
361 855 457 896 pars
476 840 606 882 etiam
626 840 862 898 cupiditate
884 840 1117 898 pugnandi.
1183 839 1243 882 Hi
1268 841 1455 897 primum
1483 841 1656 898 navigia

191 894 375 939 hostium
403 897 616 955 lapidibus
648 914 695 940 ac
728 899 869 940 fundis
899 914 924 940 a
948 898 1057 939 mole
1089 897 1358 956 repellebant
1387 915 1437 940 ac
1469 898 1658 941 multum

191 955 399 1012 proficere
426 955 704 999 multitudine
735 957 921 998 telorum
951 955 1224 998 videbantur.
1291 956 1392 1005 Sed,
1426 965 1657 1014 postquam

190 1012 305 1056 ultra
323 1029 422 1056 eum
442 1013 599 1063 locum,
622 1016 677 1057 ab
697 1014 830 1056 latere
847 1030 997 1057 eorum
1018 1023 1186 1072 aperto,
1208 1014 1298 1056 ausi
1318 1022 1419 1056 sunt
1437 1013 1585 1072 egredi
1605 1028 1658 1056 ex

190 1071 370 1113 navibus
392 1072 672 1114 Alexandrini
691 1074 817 1130 pauci
834 1089 843 1120 ;
877 1081 927 1113 ut
943 1073 1029 1114 sine
1044 1073 1172 1129 signis
1188 1072 1401 1130 certisque
1418 1072 1658 1122 ordinibus,

189 1127 275 1171 sine
291 1129 455 1171 ratione
468 1131 736 1187 prodierant,
749 1133 807 1171 sic
820 1139 977 1172 temere
994 1131 1037 1172 in
1048 1145 1174 1172 naves
1196 1130 1396 1188 refugere
1413 1139 1656 1189 coeperunt.

193 1186 393 1236 Quorum
409 1187 514 1244 fuga
534 1187 698 1230 incitati
718 1187 998 1230 'Alexandrini
1022 1188 1168 1246 plures
1195 1204 1247 1230 ex
1267 1189 1448 1231 navibus
1466 1188 1658 1246 egredie-

190 1244 348 1289 bantur
365 1254 614 1302 nostrosque
634 1246 773 1288 acrius
793 1246 1072 1303 perturbatos
1090 1247 1437 1303 insequebantur.
1501 1247 1659 1298 Simul,

193 1302 268 1359 qui
299 1302 343 1344 in
370 1303 547 1345 navibus
577 1304 715 1361 longis
737 1313 1038 1353 remanserant,
1068 1305 1198 1347 scalas
1222 1320 1377 1362 rapere
1398 1320 1612 1363 navesque
1630 1321 1658 1348 a

192 1368 310 1402 terra
336 1361 542 1418 repellere
575 1362 881 1419 properabant,
924 1377 975 1403 ne
1007 1361 1146 1404 hostes
1176 1364 1355 1404 navibus
1392 1363 1655 1420 potirentur.

195 1417 365 1466 Quibus
397 1420 589 1461 omnibus
623 1420 750 1462 rebus
782 1420 1027 1476 perturbati
1056 1420 1212 1461 milites
1248 1420 1383 1462 nostri
1416 1420 1658 1464 cohortium

192 1477 339 1526 trium,
362 1492 457 1534 quae
479 1477 520 1519 in
548 1486 679 1535 ponte
703 1493 750 1519 ac
776 1477 914 1535 prima
938 1478 1049 1520 mole
1074 1478 1370 1527 constiterant,
1395 1493 1529 1535 quum
1558 1488 1656 1537 post

192 1550 235 1575 se
265 1535 494 1577 clamorem
525 1535 793 1584 exaudirent,
828 1536 976 1592 fugam
1008 1551 1182 1578 suorum
1214 1536 1424 1585 viderent,
1458 1551 1657 1593 magnam

192 1591 278 1635 vim
298 1593 484 1636 telorum
504 1594 673 1636 adversi
693 1594 966 1642 sustinerent,
994 1594 1135 1642 veriti,
1169 1609 1221 1635 ne
1241 1595 1297 1636 ab
1326 1603 1449 1651 tergo
1477 1595 1658 1638 circum-

190 1650 440 1694 venirentur
453 1659 496 1693 et
508 1651 689 1693 discessu
702 1652 872 1694 navium
893 1652 1062 1694 omnino
1084 1652 1228 1694 reditu
1246 1651 1657 1703 intercluderentur,

189 1709 468 1752 munitionem
498 1710 542 1751 in
570 1718 700 1767 ponte
732 1710 973 1751 institutam
995 1710 1266 1766 reliquerunt
1287 1719 1331 1751 et
1351 1725 1507 1767 magno
1529 1726 1656 1753 cursu

189 1766 353 1810 incitati
370 1768 424 1810 ad
444 1783 570 1810 naves
590 1767 925 1810 contenderunt:
959 1784 1145 1824 quorum
1163 1784 1275 1826 pars,
1295 1768 1511 1826 proximas
1531 1777 1658 1811 nacta

190 1838 332 1875 naves,
354 1825 628 1868 multitudine
649 1825 864 1868 hominum
887 1834 1017 1883 atque
1047 1842 1173 1868 onere
1199 1827 1397 1883 depressa
1420 1835 1484 1868 est
1503 1842 1513 1875 ;
1557 1842 1657 1885 pars

189 1883 384 1926 resistens
406 1893 452 1926 et
472 1884 690 1933 dubitans,
722 1885 827 1941 quid
850 1893 956 1925 esset
976 1884 1231 1942 capiendum
1248 1884 1426 1934 consilii,
1448 1885 1504 1926 ab
1528 1885 1658 1927 Alex-

190 1941 377 1984 andrinis
398 1943 621 1985 interfecta
642 1950 731 1991 est;
778 1942 972 1985 nonnulli
995 1943 1182 1985 feliciore
1200 1942 1334 1991 exitu,
1358 1942 1576 2000 expeditas
1598 1943 1654 1985 ad

190 2014 388 2042 ancoram
408 2016 534 2042 naves
558 2001 786 2050 consecuti,
816 2000 1049 2043 incolumes
1068 2001 1371 2048 discesserunt3
1411 2000 1553 2058 pauci,
1583 2001 1657 2044 ad-

191 2056 320 2099 levati
342 2059 469 2100 scutis
490 2067 532 2100 et
554 2058 692 2101 animo
711 2058 766 2100 ad
789 2059 1025 2102 conandum
1057 2059 1159 2107 nixi,
1184 2058 1238 2100 ad
1262 2058 1456 2116 proxima
1482 2058 1655 2117 navigia

191 2114 467 2158 adnatarunt.

249 2172 321 2214 21.
356 2174 516 2222 Caesar,
541 2174 682 2231 quoad
711 2176 870 2232 potuit,
899 2175 1161 2218 cohortando
1193 2191 1290 2217 suos
1323 2176 1377 2217 ad
1406 2183 1578 2233 pontem
1609 2184 1654 2218 et

189 2231 445 2274 munitiones
462 2233 734 2282 contendere,
756 2233 905 2275 eodem
930 2235 971 2275 in
989 2233 1182 2291 periculo
1203 2242 1395 2275 versatus
1414 2241 1491 2275 est.
1533 2233 1654 2275 Post-

192 2304 323 2345 quam
354 2290 572 2333 universos
599 2291 749 2333 cedere
785 2291 1102 2341 animadvertit,
1135 2291 1178 2333 in
1209 2307 1331 2333 suum
1361 2291 1579 2349 navigium
1611 2307 1654 2334 se

191 2348 369 2404 recepit.
415 2348 512 2397 Quo
533 2349 768 2392 multitudo
784 2349 1002 2392 hominum
1019 2350 1207 2392 insecuta
1222 2365 1357 2406 quum
1373 2350 1654 2407 inrumperet,

193 2419 330 2461 neque
343 2405 657 2450 administrandi
676 2423 812 2466 neque
833 2407 1062 2465 repellendi
1080 2423 1104 2450 a
1121 2416 1236 2450 terra
1254 2408 1434 2450 facultas
1449 2407 1625 2449 daretur
1641 2422 1653 2457 ;

239 2529 369 2560 plum.
414 2530 487 2561 Hoc
504 2531 628 2562 addunt
642 2542 661 2562 e
677 2532 774 2562 codd.
792 2532 884 2563 Grut.

194 2571 309 2603 Davis.
325 2572 412 2603 Oud.

243 2616 308 2650 Qui
322 2619 358 2646 in
373 2617 522 2648 naz-Ibus.
547 2618 622 2649 scil.
636 2618 829 2650 Caesariani.

242 2659 354 2691 Ponte.
378 2660 426 2690 sic
441 2661 518 2692 cod.
535 2668 640 2692 vetus.
681 2662 792 2703 Vulgo
804 2673 887 2704 pon-

195 2707 273 2734 tem.

241 2745 293 2777 Ad
309 2757 482 2779 ancorum.
504 2747 557 2779 Sic
575 2754 607 2779 et
623 2749 663 2780 G.
679 2752 750 2787 5‚9.
777 2748 887 2790 Vulgo

196 2799 349 2822 ancoras.

243 2833 392 2865 Adlerali
415 2837 527 2872 scutis,
551 2842 721 2875 portantur
742 2847 762 2866 a
784 2836 889 2867 scutis

197 2883 255 2914 per
270 2885 371 2910 mare.
389 2888 488 2918 super
508 2878 610 2909 scutis
634 2885 757 2910 natant.
803 2879 889 2916 Qui-

196 2918 270 2948 dam
289 2920 384 2950 codd.
402 2921 560 2953 rullei-alis·
576 2925 684 2955 svam.
700 2923 742 2954 ita
759 2930 793 2953 nt
808 2923 888 2954 inter

954 2533 1134 2563 natandum
1150 2539 1245 2563 scuta
1259 2533 1470 2570 adtollerent‚
1491 2541 1592 2572 seque
1609 2531 1650 2563 iis

954 2582 1110 2617 tegerent.
1154 2575 1215 2606 Sed
1232 2587 1352 2616 sequor
1367 2575 1511 2615 priorem
1529 2574 1648 2606 lectio-

954 2629 1041 2650 nem.
1079 2619 1129 2650 M.
1191 2619 1305 2651 Minus
1335 2628 1433 2650 recte.
1490 2618 1649 2650 Natantes

955 2670 1046 2694 scuta
1074 2673 1176 2703 supra
1205 2671 1307 2703 caput
1342 2662 1487 2693 tenuisse
1525 2661 1649 2695 milites

956 2707 1139 2743 Romanos,
1148 2706 1227 2737 satis
1239 2713 1352 2737 notum
1365 2711 1426 2743 est,
1437 2714 1507 2745 quo
1521 2716 1557 2736 se
1567 2714 1649 2737 con-

956 2756 1005 2781 tra
1022 2751 1163 2781 telorum
1181 2749 1265 2780 ictus
1282 2754 1505 2790 protegerent.

1002 2794 1114 2834 Neque
1133 2794 1262 2824 admira.
1308 2792 1461 2823 Jurinius
1489 2791 1646 2833 praemissi

955 2842 1047 2877 optat
1060 2842 1090 2868 et
1106 2837 1160 2868 vel
1175 2842 1220 2868 ul.

1000 2880 1276 2912 .-1‹lmini»·tran‹li.
1299 2879 1452 2910 vid.1nd.
1479 2880 1528 2910 M.

1369 2966 1464 2996 *21⁷2
