1946 3261
199 400 331 448 atque
349 388 391 430 in
413 385 920 444 locupletissimasurbes
941 386 983 429 in
1001 385 1182 429 hiberna
1203 386 1460 444 legionibus,
1480 382 1682 430 maximas

198 447 449 506 largitiones
468 445 570 488 fecit
585 453 630 488 et
647 446 1035 490 confirmandorum
1051 446 1238 490 militum
1257 461 1403 489 caussa
1417 444 1686 504 diripiundas

197 508 246 551 iis
266 506 465 548 civitates
484 503 622 547 dedit.

255 565 328 608 32.
364 562 543 607 Interim
562 563 831 606 acerbissime
865 564 1089 622 imperatae
1119 564 1311 622 pecuniae
1343 571 1438 606 tota
1458 562 1683 622 provincia

197 624 506 682 exigebantur:
540 623 679 666 multa
700 632 910 681 praeterea
929 624 1169 680 generatim
1188 622 1244 666 ad
1265 623 1493 666 avaritiam
1515 623 1685 681 excogi-

195 683 421 726 tabantur.
475 681 527 725 In
546 682 692 741 capita
711 682 880 739 singula
893 680 1117 725 servorum
1137 699 1187 725 ac
1206 682 1440 725 liberorum
1463 681 1682 725 tributum

196 742 512 801 inponebatur:
556 742 839 790 columnaria,
872 741 1061 791 ostiaria,
1096 741 1376 791 frumentum,
1409 741 1582 790 milites,
1617 756 1682 784 re-

198 802 349 859 miges,
381 816 514 852 arma,
550 808 782 853 tormenta,
808 808 999 844 vecturae
1029 801 1376 858 imperabantur:
1412 800 1533 858 cujus
1552 799 1684 843 modo

196 860 259 904 rei
276 876 428 903 nomen
442 859 626 918 reperiri
644 867 835 917 poterat,
850 859 930 903 hoc
949 859 1051 902 satis
1068 876 1156 902 esse
1174 859 1229 902 ad
1246 858 1460 926 cogendas
1477 859 1683 917 pecunias

196 918 445 963 videbatur.
513 919 615 962 Non
635 918 774 962 solum
796 920 996 968 urbibus,
1025 917 1100 962 sed
1135 933 1255 977 paene
1275 918 1379 961 vicis
1407 917 1683 975 castellisque

196 979 357 1037 singuli
383 993 484 1022 cum
504 976 687 1036 imperio
709 978 1075 1036 praeficiebantur.
1142 977 1228 1027 Qui
1252 976 1408 1020 horum
1437 976 1543 1035 quid
1565 993 1683 1020 acer-

194 1037 364 1081 bissime
394 1036 773 1095 crudelissimeque
804 1037 984 1087 fecerat,
1028 1038 1060 1080 is
1093 1046 1138 1080 et
1173 1037 1241 1079 vir
1276 1045 1320 1079 et
1353 1035 1457 1079 civis
1493 1036 1683 1094 optimus

195 1095 455 1140 habebatur.
519 1096 629 1139 Erat
660 1096 788 1154 plena
809 1096 1012 1140 lictorum
1045 1105 1090 1139 et
1121 1096 1405 1154 imperiorum
1436 1095 1681 1153 provincia:

194 1155 369 1199 differta
396 1155 625 1214 praeceptis
654 1162 788 1213 atque
816 1156 1107 1205 exactoribus,
1138 1155 1231 1214 qui,
1266 1164 1426 1213 praeter
1447 1155 1684 1212 imperatas

196 1214 416 1274 pecunias,
430 1230 507 1256 suo
522 1213 654 1256 etiam
670 1213 843 1272 privato
860 1214 1115 1273 compendio
1133 1215 1399 1262 serviebant;
1421 1213 1682 1256 dictitabant

194 1275 323 1324 enim,
344 1289 404 1322 se,
425 1273 552 1315 domo
573 1273 804 1331 patriaque
825 1274 1041 1331 expulsos,
1070 1273 1269 1315 omnibus
1290 1271 1531 1314 necessariis
1550 1287 1682 1330 egere

195 1333 342 1381 rebus,
370 1340 419 1374 ut
453 1331 632 1375 honesta
662 1332 987 1390 praescriptione
1013 1348 1103 1374 rem
1137 1331 1429 1389 turpissimam
1464 1339 1678 1389 tegerent.

196 1391 475 1434 Accedebant
494 1388 550 1433 ad
572 1389 660 1433 haec
680 1391 940 1449 gravissimae
961 1407 1117 1440 usurae,
1146 1389 1265 1448 quod
1288 1390 1328 1432 in
1352 1389 1469 1433 bello
1492 1390 1681 1449 plerum-

193 1466 280 1509 que
306 1449 504 1492 accidere
530 1450 767 1501 consuevit,
796 1449 1004 1492 universis
1034 1449 1256 1508 imperatis
1275 1449 1487 1507 pecuniis:
1521 1448 1682 1506 quibus

192 1510 236 1552 in
258 1509 388 1553 rebus
409 1508 698 1568 prolationem
725 1508 808 1552 diei
831 1508 1109 1552 donationem
1137 1525 1223 1552 esse
1243 1508 1458 1551 dicebant.
1522 1507 1680 1566 Itaque

192 1584 248 1612 aes
269 1568 456 1611 alienum
478 1568 710 1626 provinciae
737 1584 788 1611 eo
814 1568 987 1611 biennio
1014 1568 1355 1626 multiplicatum
1376 1575 1455 1610 est.
1522 1567 1682 1623 Neque

192 1627 330 1671 minus
376 1627 436 1671 ob·
475 1643 568 1671 eam
600 1643 792 1670 caussam
834 1627 1000 1671 civibus
1048 1627 1253 1670 Romanis
1293 1627 1385 1685 ejus
1431 1625 1679 1685 provinciae,

1018 1749 1253 1789 Imperimum.
1280 1748 1303 1779 i.
1321 1760 1351 1779 e.
1369 1751 1618 1791 imperanti-mn.

243 1751 449 1788 Generatim,
474 1759 532 1790 per
552 1747 681 1789 singula
702 1758 825 1789 genera
842 1748 904 1780 ho—

504 1793 509 1798 '
1020 1792 1163 1831 Deflbrla
1178 1799 1268 1824 recte
1287 1799 1458 1833 receptum
1475 1798 1527 1823 est
1545 1803 1565 1823 e
1581 1791 1680 1824 codi-

195 1794 326 1827 minum
347 1800 380 1825 et
404 1803 463 1835 pro
484 1792 627 1833 singulis
649 1792 832 1834 generibus
853 1803 904 1823 rc-

195 1850 270 1871 rum
286 1837 415 1870 tributa
431 1837 593 1879 imposita
609 1842 698 1868 sunt.
716 1847 747 1868 v.
765 1837 835 1868 ind.
852 1837 902 1868 M.

241 1885 511 1919 Columnam-mm,
535 1880 710 1919 tributum,
731 1882 822 1922 quod
841 1891 902 1922 pro

191 1926 335 1968 singulis
365 1925 537 1958 columnis
567 1926 788 1967 pendebatur.
845 1925 902 1956 Os-

192 1974 341 2009 tiarium,
367 1981 425 2012 pro
449 1969 574 2002 aedium
606 1970 713 2001 ostiis.
763 1969 812 2000 De
840 1969 900 2000 illo

192 2015 267 2047 Cic.
289 2016 331 2047 ad
350 2014 452 2046 Attio.
473 2016 523 2053 13,
542 2016 576 2044 6:
601 2015 642 2045 de
660 2014 724 2045 hoc
747 2015 788 2044 ad
808 2014 900 2049 123,

192 2063 224 2092 8.
245 2061 368 2091 cellar.
401 2059 522 2090 Cicero
541 2058 607 2090 sic:
636 2060 688 2089 De
699 2058 901 2100 aquaeductu

186 2104 290 2146 probe
314 2104 434 2145 fecisti.
473 2104 724 2135 cnlmnnarhcm
756 2102 829 2134 rIde
859 2113 901 2133 ue

189 2149 300 2179 ullum
327 2148 514 2179 debeamus.
565 2146 680 2177 Barth.
708 2145 900 2178 Burricntus

192 2191 226 2223 in
244 2192 367 2223 Adnot.
386 2191 477 2232 sylva
494 2191 544 2229 (in
557 2190 688 2222 Gruteri
707 2191 811 2231 lamp.
830 2196 852 2221 t.
868 2193 898 2222 ‘3.

192 2246 227 2277 p.
248 2235 328 2275 416)
355 2235 430 2266 haec
456 2240 562 2265 notat.
588 2235 813 2275 Aquaeductus
841 2244 900 2276 per

188 2279 321 2312 alienos
335 2279 457 2311 fundos
473 2279 694 2310 ducebantur.
712 2279 734 2310 l.
756 2282 782 2309 l.
800 2279 836 2310 ff.
857 2280 899 2309 do

188 2335 273 2356 serv.
291 2324 393 2366 praed.
409 2329 489 2355 rust.
537 2323 616 2354 ldeo
642 2323 734 2354 fundi
759 2323 898 2354 domino

186 2369 353 2401 tributum
368 2366 575 2409 pendebatur
587 2366 659 2398 sive
675 2367 819 2407 pretium
834 2378 898 2408 pro

187 2414 422 2444 columnarum
437 2421 588 2442 numero.
628 2410 697 2441 Nec
714 2411 824 2442 Cazlio
839 2413 897 2442 ad-

189 2457 316 2489 sentior
347 2459 402 2495 21,
434 2458 488 2487 21.
518 2456 726 2488 colonarium
759 2456 896 2496 legenti.

187 2503 278 2543 quod
294 2501 338 2533 sit
352 2500 500 2541 vectigal
516 2509 558 2530 ex
576 2509 610 2530 re
625 2497 764 2529 rustica.
812 2500 894 2531 llere

187 2547 230 2577 ad
242 2545 423 2578 Ciceronis
436 2545 570 2583 locum3
594 2543 627 2574 in
641 2548 755 2573 nostro
773 2542 897 2575 intelli-

185 2591 331 2630 gendum
345 2589 521 2625 tributum,
539 2598 599 2628 pro
612 2586 780 2618 columnis
799 2586 895 2628 inpo-

186 2630 303 2673 situm,
331 2644 406 2676 quae
429 2631 586 2665 aedificiis
610 2631 664 2662 vel
694 2630 894 2663 fulcimento

185 2677 278 2710 suere
293 2679 347 2710 vel
362 2682 573 2710 ornamento.

232 2725 338 2763 Cujus
355 2723 464 2754 modo.
502 2720 652 2758 Quidam
669 2719 768 2750 codd.
784 2723 896 2760 cijtaes-

185 2767 298 2798 modi.-
322 2776 388 2798 non
405 2765 506 2796 male.
526 2765 575 2795 M.
614 2762 694 2795 Scil.
710 2773 770 2806 pro
784 2766 895 2801 cujus-

185 2811 312 2842 cemodi
327 2811 383 2842 vel
399 2808 662 2851 cuiusquemodi.
704 2807 748 2837 V.
767 2807 892 2838 Duker.

184 2853 227 2884 ad
241 2854 331 2886 Flor.
345 2856 376 2893 3,
389 2857 419 2885 4.
436 2858 467 2885 et
481 2852 597 2884 Davis.
611 2853 654 2883 ad
665 2851 735 2884 Afr.
749 2862 824 2892 cap.
843 2853 892 2882 10.

184 2897 347 2929 Gruterus
362 2898 553 2939 conjecerat
565 2899 768 2938 citime-ujus,

231 2942 366 2983 SInquli
391 2941 486 2983 prees.
538 2940 592 2972 Sic
623 2941 722 2971 codd.
753 2939 892 2983 quidam

183 2985 283 3020 citati
299 2986 390 3020 oud.
439 2985 552 3026 Vulgo
568 2985 722 3026 singulis.

969 1835 1085 1875 cibus;
1123 1837 1239 1877 vulgo,
1264 1836 1435 1873 conferta,-
1471 1846 1677 1878 quamquam

970 1891 1087 1911 sensus
1105 1879 1192 1911 idem
1209 1886 1270 1912 est.
1317 1881 1380 1911 Sed
1397 1881 1489 1921 quod
1505 1883 1681 1922 praeceptis

969 1936 987 1955 e
1006 1925 1100 1956 MSS.
1119 1931 1289 1965 receptum
1314 1931 1375 1964 cst,
1402 1924 1434 1955 id
1458 1934 1524 1956 non
1549 1924 1677 1966 probo3

971 1968 1108 2009 przesero
1134 1969 1246 2010 potius
1269 1980 1347 2000 cum
1371 1969 1461 2009 vulg.
1477 1969 1552 2000 edd.
1581 1969 1677 2001 I'rae-

958 2013 1065 2053 fecth,
1088 2013 1151 2044 etsi
1175 2014 1274 2044 codd.
1293 2014 1358 2044 hoc
1375 2022 1440 2044 non
1461 2012 1600 2044 habent.
1626 2013 1676 2044 M.

968 2056 1032 2088 Sed
1063 2058 1104 2088 de
1139 2057 1308 2098 Paene-tie
1342 2058 1410 2099 jam
1452 2063 1678 2098 praecesserut.

969 2101 1033 2132 llic
1051 2112 1168 2132 eorum
1186 2101 1297 2132 edicta
1310 2102 1362 2133 vel
1377 2102 1535 2133 mandata
1553 2100 1679 2132 inteni-

966 2151 1102 2183 guntur.
1134 2146 1309 2177 Bentleius
1322 2146 1466 2177 multum
1480 2145 1548 2176 sibi
1564 2145 1678 2186 placet

968 2190 1000 2221 in
1014 2190 1196 2231 prsmlilms,
1218 2200 1305 2232 quos
1322 2189 1388 2231 legi
1408 2189 1462 2221 hic
1475 2189 1585 2231 jubet,
1610 2189 1674 2220 i.c.

965 2234 1237 2266 satis-datoribus.

1011 2280 1150 2310 Pria-alo
1167 2279 1373 2319 cormpemlin.
1411 2276 1559 2315 Quidam
1574 2277 1676 2308 codd.

965 2323 1014 2361 (et
1030 2323 1105 2353 edd.
1124 2324 1207 2362 vet.)
1218 2324 1303 2364 priv.
1318 2324 1457 2363 imperio
1470 2321 1676 2364 compendio-

966 2378 1042 2408 qne.
1089 2367 1153 2398 Sed
1185 2365 1239 2397 isti
1263 2372 1437 2397 exactores
1460 2366 1591 2397 nullum
1616 2365 1676 2397 ha-

965 2410 1112 2442 buerunt
1126 2411 1171 2442 im
1178 2410 1318 2451 perium.
1344 2409 1583 2452 c'ompemlium
1594 2419 1676 2441 vero

965 2462 1015 2486 ost
1046 2455 1210 2489 accessio,
1244 2455 1374 2486 lucrum
1408 2453 1676 2495 superadditum,

965 2499 1103 2540 proprie
1123 2499 1167 2533 id,
1191 2499 1282 2541 quod
1300 2508 1365 2529 una
1381 2498 1589 2539 adpenditur
1603 2509 1675 2529 em-

963 2543 1044 2582 tori,
1084 2544 1175 2584 quod
1218 2544 1309 2584 justo
1354 2542 1494 2583 ponderi
1537 2542 1674 2574 additur

963 2588 1143 2629 (Zuqabe).
1190 2587 1267 2618 Jam
1284 2586 1596 2620 onmino.lucrum.
1620 2587 1673 2618 M.

963 2631 1053 2662 Gall.
1069 2633 1099 2662 le
1114 2633 1259 2671 surplus.
1306 2632 1464 2663 Gruterus
1484 2630 1551 2672 legi
1571 2629 1671 2671 jube-

964 2675 1020 2706 bat
1049 2676 1214 2717 inpendio,
1245 2676 1336 2717 quod
1364 2679 1415 2705 ost
1443 2674 1529 2706 alias
1559 2683 1672 2705 usurae

962 2719 1243 2761 superpondium.
1283 2719 1337 2751 Sic
1353 2718 1428 2749 Cic.
1443 2719 1487 2750 ad
1502 2719 1572 2749 Att.
1589 2719 1620 2756 6,
1643 2719 1671 2748 l.

954 2764 1068 2803 finnus
1105 2769 1134 2794 el
1172 2765 1370 2805 inpezulmm
1406 2772 1571 2794 recusare.
1615 2760 1671 2792 Cf.

960 2808 1107 2838 Gronov.
1123 2807 1165 2837 de
1183 2818 1256 2848 pcc.
1271 2814 1338 2839 vet.
1354 2806 1530 2838 Mentissae
1545 2815 1579 2847 p.
1592 2807 1671 2837 416.

961 2850 1074 2883 Simili
1109 2852 1211 2883 modo
1242 2851 1430 2893 junguntur
1461 2854 1606 2892 quoeeme
1636 2855 1671 2880 et

959 2896 1191 2970 conffiende'um
1213 2897 1305 2938 apud
1322 2895 1398 2927 Cic.
1417 2893 1511 2926 Verr.
1528 2897 1561 2931 2,
1579 2894 1611 2924 3.
1635 2899 1672 2924 et

960 2943 991 2979 3’
1005 2964 1154 3020 Ilo'nesca
1160 2993 1297 3026 praescr.
1306 2983 1450 3019 honesto
1457 2981 1607 3018 nomine.
1614 2981 1670 3017 Μ.
