1946 3261
272 166 358 211 514
494 169 549 212 A.
585 166 789 212 HIRTII
823 164 908 210 DE
941 164 1144 211 BELLO
1177 165 1519 213 AFRICANO.

264 297 470 344 adventu,
491 292 690 337 celeriter
711 291 890 335 deducit
910 290 1114 351 illamque
1137 294 1317 338 Gaetulis
1337 294 1573 353 remigibus
1597 291 1747 351 epiba-

267 354 405 410 tisque
432 351 652 409 complet;
694 351 1005 410 insidiandique
1045 353 1190 411 gratia
1221 353 1278 396 ab
1310 353 1443 397 Utica
1481 360 1561 411 pro
1594 365 1745 401 ressu8‚

268 412 558 456 Adrumetum
593 426 692 453 cum
733 408 813 453 LV
854 411 1033 454 navibus
1068 411 1281 470 pervenit.
1365 411 1503 468 Cujus
1540 367 1751 452 affiventus

265 470 419 513 inscius
455 469 614 519 Caesar,
657 469 709 512 L.
749 470 945 527 Cispium
978 486 1077 513 cum
1115 471 1244 513 classe
1281 469 1458 513 XXVII
1491 469 1666 513 navium
1697 467 1752 510 ad

270 528 493 585 Thapsum
515 544 662 571 versus
679 529 724 571 in
745 530 986 578 stationem,
1019 529 1206 587 praesidii
1229 528 1371 589 gratia
1389 536 1650 572 commeatus
1669 525 1751 576 sui,

270 587 432 630 mittit:
468 587 655 645 itemque
679 587 734 637 Q.
761 587 969 646 Aquilam
991 603 1091 630 cum
1111 587 1224 630 XIII
1246 588 1427 631 navibus
1447 587 1587 646 longis
1610 585 1751 628 Adru-

270 654 437 689 metum
457 645 605 689 eadem
623 646 679 689 de
700 662 846 689 caussa
867 647 1110 704 praemittit.
1163 647 1350 707 Cispius,
1372 663 1460 705 quo
1481 654 1575 690 erat
1590 645 1753 694 missus,

269 704 471 748 celeriter
513 705 736 763 pervenit:
793 705 973 762 Aquila,
1014 713 1269 765 tempestate
1307 707 1511 765 jactatus,
1552 717 1754 764 promon-

268 763 431 807 torium
452 778 658 822 superare
677 779 762 806 non
783 764 944 822 potuit,
972 772 1104 822 atque
1125 765 1333 823 angulum
1352 764 1579 822 quemdem
1608 771 1754 805 tutum

269 838 294 865 a
315 831 571 881 tempestate
604 832 769 873 nactus,
799 839 896 866 cum
929 823 1058 866 classe
1092 841 1135 866 se
1174 824 1345 882 longius
1373 839 1399 865 a
1428 830 1661 880 prospectu
1690 836 1756 863 re-

272 881 424 924 movit.
489 881 677 939 Reliqua
697 882 838 925 classis
859 885 901 925 in
919 883 1008 924 salo
1027 882 1080 924 ad
1103 883 1295 939 Leptim,
1325 881 1505 940 egressis
1525 879 1758 938 remigibus

270 940 512 998 passimque
534 941 574 984 in
596 941 746 984 littore
768 941 1043 999 vagantibus,
1067 942 1225 1000 partim
1251 940 1295 983 in
1328 940 1493 1000 oppido
1524 939 1665 982 victus
1691 936 1759 980 sui

271 999 490 1042 mercandi
531 999 673 1057 gratia
713 1000 967 1057 progressis,
1012 1015 1147 1043 vacua
1185 1016 1209 1042 a
1259 999 1559 1042 defensoribus
1599 996 1756 1040 stabat.

273 1058 445 1108 Quibus
466 1058 597 1102 rebus
619 1059 759 1101 Varus
780 1074 833 1101 ex
864 1060 1050 1118 perfuga
1079 1058 1277 1117 cognitis,
1309 1058 1569 1101 occasionem
1589 1065 1757 1105 nactus,

272 1116 425 1175 vigilia
452 1115 636 1160 secunda
665 1116 911 1160 Adrumeto
943 1134 996 1162 ex
1032 1117 1230 1161 Cothone
1254 1133 1465 1176 egressus,
1495 1131 1594 1159 cum
1615 1114 1758 1174 primo

320 1211 370 1243 Ab
395 1212 495 1243 Utica.
524 1210 656 1254 Adjecit
672 1210 830 1243 Oudend.
848 1223 866 1243 c
884 1212 983 1244 codd.

319 1254 369 1286 Ab
391 1255 575 1295 Thapsum.
618 1255 665 1287 Ita
681 1256 778 1287 codd.
795 1261 862 1287 vet.

320 1300 608 1331 Promonton‘um.
638 1299 712 1331 edd.
737 1305 803 1331 vet.
835 1300 983 1341 praemit·

274 1347 346 1373 tunt
358 1345 506 1383 propiwe.

321 1384 461 1425 Nactae,
481 1397 558 1419 cum
581 1388 685 1418 classe
703 1386 841 1418 navium
868 1388 985 1430 longa-

273 1438 358 1461 rum.
390 1429 445 1461 Sic
464 1431 567 1472 paulo
579 1436 667 1462 ante.
694 1432 743 1463 M.

320 1474 469 1515 Reliqua
498 1477 611 1507 classii
646 1475 786 1507 navium
815 1476 986 1508 oneraria-

276 1527 363 1549 rum.
410 1518 465 1549 Sic
490 1518 613 1550 diserte
639 1520 740 1561 paulo
766 1526 853 1561 post.
900 1521 985 1552 Aliis

275 1561 373 1593 aliter
388 1561 530 1599 videtur,
556 1562 638 1603 quia
661 1563 762 1594 verba
786 1575 864 1595 cum
881 1566 985 1596 classe

274 1604 308 1636 in
326 1605 400 1637 edd.
414 1605 617 1647 quibusdam
637 1608 740 1648 paulo
756 1614 834 1638 ante
853 1618 985 1648 ponun-

278 1655 329 1682 tur
358 1655 435 1682 ante
467 1650 610 1681 verbum
640 1655 920 1691 promontorium.
952 1658 987 1684 et

276 1700 354 1725 ante
367 1694 507 1725 verbum
520 1704 553 1724 se
565 1694 701 1733 absunt,
713 1695 800 1726 unde
810 1702 884 1736 post
898 1696 987 1727 alios

279 1736 369 1769 Oud.
383 1736 432 1769 sic
449 1736 530 1778 legit
545 1749 552 1767 z
572 1739 707 1778 Aquila,
719 1743 985 1780 temp.jaetat11⁸,

277 1791 354 1812 cum
390 1782 494 1812 classe
528 1784 794 1821 promontorium
831 1792 904 1821 sup.
950 1793 985 1812 n.

274 1828 394 1867 potuit.
410 1827 514 1866 Atque
525 1829 798 1863 unqu—nactus.
807 1834 840 1854 se
849 1825 986 1862 (navem

278 1867 390 1907 suam)
413 1869 505 1907 lonq.
529 1878 563 1898 a.
578 1878 612 1907 p.
629 1877 711 1898 rem.
769 1868 927 1908 Reliqua.
943 1886 987 1891 —-

282 1913 334 1944 M.
383 1911 517 1943 Ruben.
534 1911 645 1942 Elect.
661 1913 692 1949 2,
707 1912 739 1940 4.
755 1921 821 1942 non
837 1911 985 1943 adtendit

281 1957 323 1988 ad
341 1955 458 1987 classis
474 1954 612 1986 navium
630 1953 805 1995 longarum
819 1960 852 1986 et
869 1965 988 1987 onera-

279 2001 405 2032 riarum
436 1998 634 2037 discrimen3
675 1998 750 2029 inde
779 1999 916 2037 factum,
953 2006 988 2031 ut

278 2042 582 2076 contradictionem
613 2042 645 2073 in
674 2042 738 2074 hoc
766 2043 844 2074 loco
869 2043 987 2085 depre-

280 2086 430 2120 hendere
446 2086 512 2118 sibi
528 2086 708 2117 videretur.

328 2132 373 2162 In
386 2131 515 2172 oppido.
527 2130 588 2161 alii
604 2133 641 2161 in
657 2130 826 2171 oppidem.

328 2176 385 2206 Ex
397 2174 555 2215 pmfuqn.
578 2173 640 2204 alii
655 2184 696 2204 ρει·
706 2174 866 2214 perfuyis.

327 2219 383 2249 Ex
411 2219 562 2249 C'otlrone.
615 2217 764 2248 Verbum
793 2218 859 2249 hoc
886 2217 988 2250 etiam

281 2271 358 2303 cap.
378 2259 419 2293 63
436 2261 591 2292 occurrit.
616 2259 651 2291 Si
665 2261 814 2292 Servium
827 2261 883 2299 (ad
896 2259 987 2303 Virg.

284 2307 362 2339 AEn.
383 2306 412 2344 1,
438 2306 517 2345 425)
539 2310 573 2335 et
598 2303 732 2336 Festum
750 2305 800 2342 (in
820 2307 990 2343 Cothones,

284 2361 357 2389 seu,
372 2354 409 2381 ut
421 2349 575 2390 quaedam
590 2348 665 2379 edd.
680 2348 802 2379 vitiose
812 2349 990 2388 exhibent,

289 2395 447 2429 Calones)
461 2392 649 2430 audiamus,
660 2391 756 2434 juxta
776 2393 861 2423 hunc
875 2399 991 2434 portus

284 2438 318 2470 in
335 2437 419 2469 mari
437 2436 623 2474 interiores,
640 2440 711 2468 arte
727 2442 758 2466 et
774 2447 873 2467 manu
897 2437 991 2476 sacti,

284 2479 498 2523 adpellantur
522 2479 717 2519 Cothones;
741 2485 774 2510 et
797 2480 891 2522 juxta
919 2480 992 2513 Ser-

284 2525 378 2558 vium
395 2525 570 2558 Cothones
585 2529 660 2556 sunt
677 2529 791 2565 portus
807 2533 872 2555 non
897 2530 992 2557 natu-

283 2571 384 2606 tales,
408 2569 467 2601 sed
493 2575 564 2600 arte
589 2574 623 2599 et
651 2579 751 2599 manu
776 2566 856 2599 facti
880 2569 993 2610 cujus-

288 2613 382 2645 modi
405 2612 555 2645 sossitios
586 2618 702 2653 portus
729 2611 912 2643 Salmasius
935 2613 992 2651 (ad

289 2656 396 2689 Solin.
421 2667 496 2699 pag.
524 2657 603 2694 794)
631 2666 650 2687 a
680 2655 808 2688 Latinis
832 2655 949 2692 fossas,
974 2668 992 2688 a

289 2699 418 2733 Graecis
442 2698 599 2744 χαράδρας
623 2700 732 2732 dictos
757 2709 829 2732 esse
852 2700 993 2731 monuit.

291 2742 349 2776 Sin
367 2744 510 2776 ulterius
524 2755 726 2786 quaeramus‚
753 2753 820 2775 non
837 2743 997 2775 abhorret

290 2798 311 2819 a
326 2798 404 2819 vero
428 2789 621 2830 conjectura
642 2786 792 2826 cellarii,
816 2788 873 2827 (ad
895 2797 997 2829 quam

295 2831 403 2873 ipsam
420 2833 489 2864 fere
507 2832 690 2864 Salmasius
707 2831 861 2871 inclinat)
883 2831 1000 2863 existi-

290 2875 425 2914 mantis,
439 2876 676 2910 Adrumetinos
689 2886 788 2910 suum
802 2876 866 2909 hoc
880 2876 1000 2907 navale

1051 1211 1241 1243 cothonem
1264 1210 1401 1249 dixisse,
1427 1211 1470 1242 ad
1498 1206 1758 1241 similitudinem

1052 1255 1219 1287 Cothonis
1234 1253 1537 1296 Carthaginiensis.
1582 1251 1720 1284 Scilicet
1740 1261 1761 1283 e

1054 1299 1216 1330 Strabone
1258 1300 1328 1337 (17.
1362 1309 1394 1339 p.
1428 1301 1489 1329 832
1519 1298 1588 1338 sq.)
1623 1295 1760 1334 scimus,

1052 1343 1204 1375 vicinum
1222 1342 1325 1374 fuisse
1338 1341 1536 1383 Carthagini
1553 1342 1601 1372 τὸν
1616 1340 1763 1379 Κάθημαι,

1053 1398 1155 1428 quam
1183 1386 1267 1418 dicit
1298 1397 1370 1418 esse
1398 1385 1544 1418 insulam
1573 1384 1761 1421 rotundam,

1054 1431 1164 1462 canali
1189 1431 1349 1469 cinctam,
1378 1437 1411 1461 et
1436 1429 1605 1470 utrimque
1629 1427 1762 1460 navalia

1055 1475 1253 1507 habentem.
1284 1474 1395 1513 Quem
1409 1474 1549 1515 quidem
1559 1474 1676 1504 locum
1691 1474 1764 1513 Ap·

1056 1519 1176 1561 pianus
1201 1518 1340 1559 (Punic.
1356 1530 1391 1561 p.
1409 1520 1463 1549 57.
1480 1519 1534 1549 ed.
1550 1517 1687 1558 Steph.)
1710 1515 1760 1547 sic

1054 1563 1234 1595 describit:
1268 1563 1353 1594 intra
1379 1571 1480 1593 unum
1509 1566 1666 1603 portuum
1681 1559 1765 1592 Car-

1054 1606 1318 1648 thaginiensium
1342 1606 1445 1638 fuisse
1473 1605 1631 1643 insulam,
1658 1610 1761 1646 atque

1055 1662 1134 1682 cum
1163 1658 1299 1693 portum
1325 1657 1394 1682 tum
1423 1650 1572 1681 insulam
1599 1648 1759 1681 habuisse

1056 1695 1259 1736 crepidines,
1286 1695 1317 1726 in
1333 1695 1459 1735 quibus
1474 1694 1595 1725 fuerint
1615 1692 1763 1725 navalia.

1056 1738 1145 1769 Satis
1160 1749 1200 1769 ex
1219 1739 1272 1769 his
1289 1737 1433 1777 intelligi
1452 1742 1575 1778 potest,
1589 1735 1648 1778 qui
1664 1735 1761 1767 fuerit

1053 1780 1189 1811 Cothon
1216 1780 1515 1821 Carthaginiensis,
1548 1780 1619 1811 sive
1655 1785 1764 1811 totum

1058 1823 1139 1855 illud
1154 1834 1242 1865 opus
1257 1824 1415 1863 omnino;
1440 1823 1512 1854 sive
1524 1823 1657 1861 navale,
1669 1824 1763 1865 quod

1058 1866 1108 1898 ibi
1138 1867 1219 1907 fuit3
1256 1868 1326 1899 sive
1353 1867 1482 1898 canalis
1503 1867 1615 1899 dictus
1635 1867 1679 1898 sit
1692 1866 1762 1898 Co-

1057 1909 1138 1942 thon
1152 1923 1159 1941 :
1184 1911 1296 1952 potuit
1309 1910 1399 1942 enim
1414 1922 1494 1942 usus
1509 1910 1604 1943 verbi
1619 1910 1760 1943 variari:

1056 1964 1116 1986 nec
1135 1955 1259 1986 mirum
1281 1961 1342 1994 est,
1365 1954 1455 1986 alios
1470 1953 1583 1992 etiam,
1611 1954 1657 1987 ob
1679 1954 1763 1986 Car-

1056 1999 1279 2040 thaginiensis
1329 1998 1442 2039 operis
1492 1997 1763 2037 similitudinem,

1056 2054 1156 2075 suum
1184 2044 1305 2075 navale
1335 2042 1524 2074 Cothonem
1555 2042 1764 2074 nominasse.

1058 2087 1121 2118 His
1139 2087 1283 2118 certiora
1301 2087 1342 2118 de
1369 2087 1507 2118 nomine
1533 2097 1599 2118 non
1628 2086 1762 2126 habeo3

1056 2137 1089 2162 et
1117 2130 1251 2164 sufficit.
1280 2141 1349 2162 rem
1379 2130 1515 2162 omnino
1546 2129 1764 2163 intellexisse.

1056 2176 1256 2216 interpretes
1285 2175 1389 2207 nostri
1425 2174 1489 2206 loci
1521 2174 1606 2206 locis
1643 2174 1764 2214 Servii,
1790 2170 1795 2174 “

1057 2219 1144 2250 Festi
1175 2226 1208 2250 et
1246 2219 1420 2251 Strabonis
1452 2219 1521 2261 jam
1566 2219 1617 2250 usi
1657 2226 1763 2251 erant.

1058 2263 1143 2294 lllud
1175 2273 1242 2295 non
1270 2263 1356 2294 bene
1382 2263 1455 2294 fieri
1483 2268 1608 2304 putem,
1637 2262 1665 2294 si
1685 2263 1763 2305 quis

1056 2307 1209 2338 Graecum
1236 2307 1377 2338 verbum
1407 2306 1511 2338 κώθων
1525 2312 1711 2348 comparet,
1731 2314 1766 2339 et

1059 2350 1315 2382 similitudinem
1324 2351 1437 2392 figurae
1449 2350 1565 2392 poculi
1574 2351 1764 2393 suspicetur

1057 2394 1205 2426 nominis
1227 2405 1382 2426 caussam
1400 2405 1495 2426 esse:
1527 2394 1643 2436 quidni
1671 2395 1764 2428 enim

1057 2438 1327 2480 Carti-aginensis
1343 2438 1479 2470 Cothon
1502 2438 1681 2478 Punicum,
1705 2446 1766 2474 aut

1058 2482 1195 2514 omnino
1224 2482 1365 2514 orientis
1392 2483 1531 2514 verbum
1560 2483 1686 2516 fuerit?
1727 2484 1762 2516 id

1057 2527 1149 2568 quod
1168 2526 1408 2568 interpretibus
1433 2526 1593 2568 Stephani
1622 2528 1702 2569 Byz.
1727 2528 1760 2561 in

1061 2569 1224 2613 Καρχηδὼν
1241 2571 1311 2612 jam
1336 2570 1369 2601 in
1395 2576 1540 2602 mentem
1561 2577 1762 2604 venerat.—

1064 2615 1114 2645 De
1127 2614 1190 2646 situ
1207 2614 1275 2646 loci
1287 2614 1501 2646 Shawianum
1516 2613 1578 2646 iter
1589 2616 1763 2649 conseren-

1063 2659 1143 2689 dum
1158 2664 1208 2689 est
1223 2659 1265 2689 T.
1286 2660 1313 2689 1.
1330 2659 1368 2690 P.
1386 2660 1462 2691 237.
1488 2659 1537 2690 M.
1581 2659 1646 2691 Ed.
1664 2660 1761 2702 Angl.

1065 2713 1099 2743 p.
1120 2703 1170 2733 19.
1201 2701 1251 2733 Ibi
1269 2711 1391 2734 nomen
1406 2702 1540 2734 ducitur
1553 2713 1571 2734 e
1586 2703 1762 2737 Phoenicio

1062 2746 1207 2784 batham,
1238 2746 1395 2778 incidere.
1435 2745 1487 2777 Cf.
1517 2752 1550 2777 et
1575 2746 1762 2781 Bochartus

1064 2788 1185 2831 Geogr.
1203 2789 1235 2820 S.
1254 2788 1294 2821 P.
1310 2793 1341 2821 2.
1363 2792 1392 2829 l,
1406 2793 1460 2822 24.

1113 2834 1199 2867 Cum
1212 2844 1267 2877 pr.
1283 2844 1394 2869 ‹mane-
1439 2833 1494 2868 Sic
1510 2832 1647 2867 bonico

1648 2887 1701 2920 dd.
