1946 3261
15 1406 25 1520 v„—-o=au--r
15 1277 24 1402 -ssx-e-„a-r»
16 1254 18 1266 η

707 241 824 288 LIB.
886 242 1024 288 CAP.
1054 242 1242 290 36-40,
1604 246 1690 295 447

216 368 382 414 Eadem
432 369 597 415 ratione
646 371 734 416 haec
785 373 926 416 media
973 373 1314 419 conlocabantur
1362 376 1468 427 acie,
1519 377 1689 421 duobus

215 429 368 473 dextra
389 429 645 489 sinistraque
670 432 924 482 intervallis,
956 432 1220 490 simplicibus
1255 434 1478 479 ordinibus
1510 437 1691 480 instruc-

214 489 283 531 tis.
360 489 549 532 Perfecit
591 490 811 548 inceptum
847 498 1089 534 castrorum
1126 508 1235 550 opus
1278 494 1513 546 Domitius,
1563 504 1689 554 parte

214 546 437 607 copiarum
456 565 537 607 pro
559 548 676 591 vallo
693 549 901 592 instituta.

271 607 341 650 38.
377 607 581 650 Proxima
600 616 728 650 nocte
752 608 1009 658 Pharnaces,
1041 607 1294 667 interceptis
1327 611 1579 665 tabellariis,
1611 614 1689 674 qui

211 665 265 708 de
288 665 590 708 Alexandrinis
628 666 758 708 rebus
791 666 937 710 literas
967 668 1021 710 ad
1062 666 1304 711 Domitium
1340 669 1552 722 ferebant,
1589 689 1690 732 cog-

212 724 364 773 noscit,
396 725 609 768 Caesarem
644 741 802 783 magno
838 726 881 769 in
918 726 1114 785 periculo
1148 727 1324 781 versari,
1358 727 1635 788 flagitarique
1665 748 1691 775 a

211 782 423 834 Domitio,
448 792 498 825 ut
527 799 656 841 quam
678 784 867 842 primum
885 785 966 828 sibi
994 784 1184 828 subsidia
1205 786 1401 829 mitteret
1422 789 1690 846 propiusque

211 841 302 899 ipse
325 841 636 885 Alexandriam
668 859 747 901 per
784 844 958 902 Syriam
990 844 1231 887 accederet.
1297 846 1395 898 Qua
1422 848 1597 904 cognita
1627 864 1690 899 re,

213 899 454 944 Pharnaces
475 900 666 944 victoriae
687 901 783 945 loco
811 903 1016 952 ducebat,
1052 903 1086 944 si
1120 903 1292 946 trahere
1329 912 1498 963 tempus
1529 916 1689 964 posset,

208 976 343 1017 quum
381 959 689 1003 discedendum
723 961 917 1004 Domitio
952 961 1152 1004 celeriter
1188 970 1380 1019 putaret.
1445 963 1600 1021 Itaque
1631 965 1690 1009 ab

209 1018 388 1077 oppido,
421 1035 508 1077 qua
529 1019 783 1062 facillimum
802 1037 1016 1063 accessum
1038 1029 1082 1062 et
1103 1021 1388 1079 aequissimum
1409 1023 1464 1065 ad
1487 1023 1690 1067 dimican-

208 1076 313 1120 dum
347 1077 502 1121 nostris
524 1078 713 1128 videbat,
737 1079 866 1121 fossas
885 1080 989 1122 duas
1010 1079 1212 1129 directas,
1248 1096 1332 1123 non
1367 1081 1428 1123 ita
1449 1097 1606 1139 magno
1629 1083 1691 1126 in-

207 1136 393 1180 tervallo
429 1136 567 1179 medio
607 1138 776 1188 relicto,
816 1148 1006 1196 quatuor
1047 1139 1206 1197 pedum
1242 1139 1486 1183 altitudinis
1516 1142 1559 1184 in
1591 1158 1691 1185 eum

208 1194 352 1238 locum
372 1196 570 1246 deduxit,
593 1212 681 1254 quo
709 1197 879 1255 longius
904 1197 1190 1240 constituerat
1209 1213 1327 1239 suam
1346 1214 1429 1241 non
1448 1200 1691 1258 producere

208 1254 358 1297 aciem.
422 1253 543 1297 Inter
564 1254 638 1297 has
658 1256 787 1297 fossas
818 1257 954 1298 aciem
985 1272 1153 1313 semper
1185 1257 1442 1300 instruebat.
1507 1258 1691 1317 Equita-

209 1320 304 1355 tum
323 1320 468 1356 autem
490 1329 658 1355 omnem
679 1314 735 1355 ab
756 1314 968 1356 lateribus
984 1322 1106 1356 extra
1128 1315 1281 1357 fossam
1304 1316 1586 1360 conlocabat:
1611 1319 1690 1376 qui

209 1386 350 1430 neque
371 1372 499 1415 aliter
520 1372 639 1414 utilis
671 1388 760 1414 esse
790 1380 967 1429 poterat
996 1381 1040 1414 et
1070 1373 1259 1415 multum
1286 1389 1465 1418 numero
1496 1377 1691 1420 anteibat

210 1439 407 1474 nostrum
427 1430 687 1489 equitatum.

268 1489 338 1532 39.
374 1489 592 1532 Domitius
612 1498 773 1542 autem,
803 1505 939 1547 quum
965 1490 1143 1533 Caesaris
1163 1491 1296 1548 magis
1318 1492 1528 1550 periculo,
1556 1509 1690 1552 quam

209 1565 301 1599 suo,
323 1547 669 1592 commoveretur
690 1564 700 1597 ;
732 1564 871 1605 neque
892 1565 935 1591 se
957 1557 1056 1591 tuto
1072 1549 1359 1594 discessurum
1381 1552 1688 1604 arbitraretur,

208 1609 242 1651 si
271 1607 551 1657 conditiones,
589 1624 695 1665 quas
734 1608 958 1665 rejecerat,
998 1623 1147 1650 rursus
1185 1609 1430 1666 adpeteret,
1482 1621 1559 1653 aut
1598 1613 1689 1655 sine

211 1683 357 1710 caussa
397 1666 678 1715 discederet;
711 1683 763 1708 ex
799 1666 1055 1724 propinquis
1088 1667 1234 1709 castris
1273 1667 1315 1710 in
1353 1668 1487 1711 aciem
1531 1672 1691 1714 exerci-

211 1735 305 1769 tum
328 1725 494 1768 eduxit.
559 1725 838 1768 Tricesimam
859 1734 1021 1767 sextam
1059 1725 1273 1782 legionem
1311 1727 1354 1769 in
1381 1727 1538 1771 dextro
1560 1745 1695 1772 cornu

212 1784 468 1838 conlocavit,
534 1783 757 1826 Ponticam
808 1784 849 1826 in
899 1784 1068 1826 sinistro
1093 1799 1101 1825 ε
1159 1784 1355 1827 Deiotari
1408 1787 1600 1845 legiones
1650 1789 1693 1831 in

211 1844 396 1887 mediam
461 1843 597 1886 aciem
659 1842 862 1892 contulit,
931 1843 1089 1900 quibus
1147 1851 1288 1886 tamen
1345 1846 1695 1902 angustissimum

213 1903 368 1947 frontis
405 1902 586 1961 reliquit
632 1901 929 1951 intervallum,
970 1901 1148 1959 reliquis
1180 1903 1434 1946 cohortibus
1475 1905 1519 1947 in
1560 1907 1695 1949 subsi-

213 1962 295 2005 diis
313 1961 563 2004 conlocatis.
629 1962 718 2011 Sic,
749 1961 972 2019 utrimque
996 1961 1084 2003 acie
1108 1961 1335 2015 instructa,
1362 1978 1607 2021 processum
1629 1973 1694 2008 est

211 2021 268 2064 ad
289 2019 593 2063 dimicandum.

273 2080 343 2122 40.
379 2079 515 2136 Signo
535 2079 616 2121 sub
637 2077 750 2121 idem
767 2085 935 2138 tempus
954 2080 1010 2122 ab
1032 2087 1220 2136 utroque
1243 2079 1364 2130 dato,
1388 2082 1664 2125 concurritur
1683 2098 1693 2124 :

215 2140 373 2182 acriter
394 2137 600 2195 varieque
623 2146 848 2196 pugnatur
869 2154 878 2179 ε
913 2154 1009 2181 nam
1032 2138 1245 2181 tricesima
1272 2147 1393 2181 sexta
1423 2140 1538 2197 legio
1558 2156 1696 2198 quum

215 2207 340 2240 extra
389 2197 544 2240 fossam
585 2197 627 2238 in
663 2196 907 2253 equitatum
948 2197 1082 2254 Regis
1127 2198 1325 2256 inpetum
1368 2198 1552 2251 fecisset,
1589 2200 1695 2243 adeo

213 2256 448 2300 secundum
471 2255 674 2314 proelium
697 2255 815 2304 fecit,
838 2264 888 2298 ut
910 2256 1122 2298 moenibus
1153 2257 1304 2315 oppidi
1331 2257 1579 2300 succederet
1609 2260 1692 2301 fos-

214 2332 389 2373 samque
417 2314 624 2358 transiret
651 2330 909 2372 aversosque
931 2315 1073 2357 hostes
1099 2316 1427 2372 adgrederetur.
1493 2317 1556 2359 At
1580 2318 1693 2360 Pon-

217 2374 304 2417 tica
336 2390 389 2416 ex
426 2373 562 2416 altera
599 2382 724 2432 parte
746 2373 876 2432 legiO,
903 2389 1039 2430 quum
1061 2375 1307 2432 paullulum
1327 2391 1479 2418 aversa
1499 2375 1694 2419 hostibus

218 2432 422 2483 cessisset,
473 2433 628 2476 fossam
668 2441 816 2475 autem
857 2432 1086 2476 circumire
1126 2433 1274 2491 (acies)
1317 2433 1504 2477 secundo
1543 2443 1695 2478 conata

262 2577 509 2618 Flaqae'tarique.
553 2577 602 2608 Ita
629 2576 729 2607 codd.
765 2575 919 2617 plurimi.
988 2575 1128 2608 Ursinus
1156 2576 1333 2614 subsidam
1373 2582 1507 2609 secutus
1533 2577 1647 2610 Davis.
1671 2591 1691 2610 e

215 2621 339 2653 Clarke
361 2631 401 2651 ex
425 2620 503 2652 aliis
525 2626 558 2652 et
571 2621 648 2652 edd.
662 2625 730 2652 vet.
740 2620 921 2662 flayitare-
987 2621 1065 2652 eod.
1082 2620 1218 2652 Norvic.

211 2675 288 2707 que.
1033 2667 1247 2706 Arm-sosque.
1283 2665 1374 2696 Bene
1399 2664 1448 2696 sie
1479 2676 1521 2696 ex
1552 2665 1689 2708 ingenio

260 2710 481 2751 Propiusqve.
507 2709 622 2741 Davis.
636 2708 920 2750 malit.protinus-
988 2709 1191 2740 Ciaceonius
1206 2708 1388 2749 Conspirat
1403 2710 1455 2740 ed.
1469 2709 1608 2742 Norvic.
1630 2713 1691 2744 Ast

215 2764 292 2799 que.
309 2754 366 2784 sed
385 2753 470 2784 bene
484 2754 619 2794 vulgata
636 2753 750 2784 habet.
986 2754 1064 2784 edd.
1079 2758 1149 2784 vet.
1164 2753 1402 2794 adversasque,
1424 2754 1511 2784 unde
1527 2755 1614 2788 Scal.
1631 2757 1692 2788 ad-

260 2799 332 2832 Quo
347 2798 490 2839 lonqfrus,
507 2797 592 2828 ultra
606 2807 707 2838 quem
720 2797 848 2828 locum.
870 2797 918 2827 M-
985 2807 1172 2838 versosque.
1187 2797 1313 2838 inepte.

262 2842 306 2873 In
333 2841 497 2873 subsidi-is.
534 2842 661 2873 Omnes
689 2841 838 2880 codices,
860 2851 920 2872 ex·
1029 2842 1160 2879 (Ac-ies)
1181 2841 1335 2872 secundo.
1369 2840 1480 2873 Verba
1501 2849 1691 2885 conrupta:

217 2891 317 2926 cepto
344 2885 541 2925 Davisiano,
573 2888 610 2916 in
636 2886 788 2916 insidiis:
817 2885 917 2916 male.
988 2884 1133 2926 ideoque
1168 2886 1265 2916 locus
1291 2885 1497 2917 obscuritate
1524 2888 1692 2928 laborare,

217 2928 266 2961 M.
292 2929 320 2962 E
336 2930 528 2972 conjectura
556 2928 752 2971 Glandorpii
781 2929 919 2961 dederat
984 2923 1084 2970 atqhe
1097 2929 1213 2970 aliquo
1227 2929 1441 2961 Guischardo
1454 2929 1631 2973 interprete
1645 2932 1693 2963 in-
