1946 3261
291 246 370 292 106
700 240 784 288 DE
817 240 1022 287 BELLO
1053 236 1349 286 GALLICO.

282 376 555 435 aliquantum
586 369 751 413 itineris
777 369 1028 429 progressis,
1057 384 1196 428 quum
1222 369 1311 428 jam
1342 369 1524 414 extremi
1550 376 1691 414 essent
1724 371 1768 416 in

287 439 538 494 prospectu,
572 429 739 488 equites
773 445 798 472 a
832 430 886 479 Q.
924 428 1054 470 Atrio
1089 428 1143 470 ad
1181 428 1393 472 Caesarem
1422 437 1650 480 venerunt,
1690 431 1767 489 qui

284 491 552 539 nunciarent,
570 488 794 547 superiore
811 494 953 536 nocte,
967 486 1150 529 maxima
1166 496 1317 531 coorta
1336 496 1610 548 tempestate,
1629 500 1767 549 prope

285 564 427 594 omnes
448 545 788 591 naves'adflictas
807 555 939 604 atque
960 545 1002 586 in
1023 544 1151 587 litore
1169 547 1322 604 ejectas
1343 563 1456 596 esse:
1491 548 1611 606 quod
1627 559 1767 607 neque

281 623 449 651 ancorae
471 608 680 665 funesque
708 606 1005 653 subsisterent,
1037 617 1176 662 neque
1197 615 1339 649 nautae
1366 608 1768 666 gubernatoresque

282 669 369 711 vim
403 667 496 726 pati
525 665 793 724 tempestatis
816 671 989 723 possent
1009 675 1018 703 t
1052 662 1200 720 itaque
1216 680 1268 707 ex
1289 680 1340 708 eo
1361 682 1573 710 concursu
1594 667 1770 710 navium

281 738 486 784 magnum
502 741 588 767 esse
609 724 926 767 incommodum
945 729 1186 779 acceptum.

345 785 411 826 ll.
476 784 558 827 His
603 783 734 826 rebus
773 781 973 841 cognitis,
1022 780 1167 823 Caesar
1205 779 1393 838 legiones
1433 785 1769 842 equitatumque

279 843 473 887 revocari
499 851 633 900 atque
662 842 814 884 itinere
844 840 1046 883 desistere
1067 839 1222 898 jubet:
1266 839 1357 897 ipse
1384 841 1439 884 ad
1468 857 1594 885 naves
1627 857 1770 885 rever-

279 903 415 946 titur:
460 902 607 944 eadem
648 901 752 950 fere,
792 916 888 959 quae
925 915 978 941 ex
1016 898 1183 941 nunciis
1221 897 1444 956 literisque
1486 909 1767 958 cognoverat,

280 974 425 1004 coram
454 959 680 1019 perspicit,
710 960 769 1003 sic
799 967 865 1008 ut,
895 958 1054 1000 amissis
1076 957 1249 999 circiter
1269 956 1352 998 XL
1371 957 1569 1008 navibus,
1590 960 1769 1018 reliquae

277 1028 421 1063 tamen
456 1018 571 1062 refici
610 1034 733 1078 posse
766 1033 923 1076 magno
961 1017 1137 1074 negotio
1177 1015 1443 1058 viderentur.
1527 1015 1681 1076 Itaque
1715 1033 1768 1060 ex

277 1077 522 1137 legionibus
541 1078 688 1121 fabros
707 1077 869 1135 delegit
890 1085 934 1118 et
950 1091 1003 1118 ex
1023 1074 1260 1118 continenti
1279 1075 1386 1117 alios
1405 1075 1595 1118 arcessiri
1613 1077 1767 1135 jubet;

279 1136 471 1180 Labieno
490 1137 659 1186 scribit,
682 1145 748 1185 ut,
771 1152 901 1194 quam
920 1134 1127 1193 plurimas
1150 1141 1308 1192 posset,
1327 1133 1375 1175 iis
1396 1133 1653 1192 legionibus,
1672 1151 1770 1193 quae

277 1196 361 1239 sint
393 1197 512 1254 apud
543 1212 658 1245 eum,
692 1211 819 1238 naves
849 1194 1063 1237 instituat.
1128 1192 1240 1251 Ipse,
1273 1192 1353 1234 etsi
1388 1208 1454 1235 res
1486 1201 1581 1235 erat
1620 1194 1769 1236 multae

277 1270 422 1313 operae
447 1270 497 1296 ac
522 1255 699 1304 laboris,
735 1263 878 1296 tamen
907 1251 1293 1296 commodissimum
1315 1267 1401 1293 esse
1422 1252 1591 1301 statuit,
1625 1268 1768 1295 omnes

276 1328 404 1356 naves
422 1313 606 1355 subduci
628 1322 672 1355 et
694 1328 791 1354 cum
816 1311 965 1353 castris
986 1326 1070 1353 una
1096 1310 1332 1353 munitione
1352 1310 1571 1368 conjungi.
1636 1310 1685 1353 In
1706 1309 1770 1353 his

276 1372 406 1414 rebus
428 1372 601 1413 circiter
619 1371 707 1413 dies
727 1370 873 1412 decem
895 1369 1125 1418 consumit,
1155 1384 1207 1411 ne
1226 1368 1450 1411 nocturnis
1471 1369 1644 1426 quidem
1666 1378 1770 1412 tem-

275 1430 456 1488 poribus
481 1429 534 1471 ad
564 1429 758 1471 laborem
787 1428 976 1470 rnilitum
1000 1427 1261 1470 intermissis.
1327 1427 1566 1470 Subductis
1587 1428 1770 1471 navibus

274 1488 511 1546 castrisque
531 1487 705 1545 egregie
728 1487 919 1535 munitis,
941 1486 1106 1529 easdem
1127 1487 1286 1545 copias,
1309 1502 1415 1544 quas
1435 1495 1549 1535 ante,
1571 1487 1770 1545 praesidio

275 1547 457 1589 navibus
495 1546 698 1603 reliquit:
750 1547 838 1604 ipse
871 1545 1035 1594 eodem,
1070 1546 1181 1588 unde
1216 1545 1418 1595 redierat,
1495 1545 1766 1589 roficiscitur.

274 1606 341 1648 Eo
369 1622 506 1664 quum
537 1605 736 1653 venisset,
767 1604 948 1662 majores
968 1604 1055 1662 jam
1075 1604 1270 1661 undique
1290 1605 1333 1646 in
1350 1620 1447 1646 eum
1462 1562 1613 1647 Jl’ocum
1635 1605 1770 1663 copiae

277 1664 587 1706 Britannorum
621 1671 927 1712 convenerant,
957 1678 1122 1705 summa
1156 1663 1323 1720 imperii
1348 1662 1541 1721 bellique
1573 1663 1769 1706 adminis-

273 1723 417 1766 trandi
438 1722 654 1765 communi
677 1721 854 1764 consilio
879 1721 1083 1779 permissa
1107 1721 1446 1770 Cassivellauno,
1479 1722 1602 1779 cujus
1620 1721 1723 1764 fines
1744 1738 1769 1764 a

272 1781 514 1823 maritumis
530 1781 784 1824 civitatibus
798 1780 955 1823 flumen
972 1779 1144 1829 dividit,
1165 1780 1283 1837 quod
1301 1780 1550 1837 adpellatur
1563 1779 1769 1829 Tamesis,

271 1856 297 1882 a
317 1840 426 1882 mari
447 1840 620 1882 circiter
642 1839 758 1882 milia
783 1855 983 1897 passuum
1007 1838 1183 1881 LXXX.
1259 1838 1377 1880 Huic
1407 1838 1630 1896 superiore
1663 1847 1768 1882 tem-

272 1914 377 1956 pore
399 1914 496 1940 cum
520 1898 699 1956 reliquis
716 1897 968 1940 civitatibus
990 1896 1254 1939 continentia
1277 1896 1392 1938 bella
1414 1897 1764 1941 intercesserant:

270 1956 341 2000 sed
364 1966 512 2000 nostro
533 1957 722 2000 adventu
745 1957 934 2016 permoti
962 1956 1158 1999 Britanni
1189 1955 1302 1998 hunc
1325 1956 1407 1998 toti
1430 1955 1547 1998 bello
1568 1955 1768 2015 imperio-

270 2028 354 2074 que
379 2017 674 2074 praefecerant.

336 2074 399 2116 12.
436 2083 464 2101 “
491 2075 727 2118 Britanniae
750 2091 850 2134 pars
872 2073 1054 2117 interior
1079 2073 1135 2116 ab
1165 2073 1214 2116 iis
1248 2072 1470 2122 incolitur,
1505 2088 1614 2130 quos
1643 2081 1767 2118 natos

268 2140 300 2158 “
325 2134 367 2176 in
389 2134 525 2177 insula
547 2134 638 2192 ipsa
659 2134 864 2177 memoria
894 2133 1104 2176 Jroditum
1123 2133 1298 2176 dicunt:
1333 2133 1566 2175 marituma
1588 2148 1689 2191 pars
1708 2133 1765 2176 ab

270 2199 300 2217 “
325 2192 389 2242 iis,
424 2193 501 2250 qui
536 2193 693 2250 praedae
723 2208 770 2235 ac
802 2150 906 2235 belii
937 2191 1145 2235 inferendi
1179 2207 1326 2233 caussa
1348 2207 1399 2233 ex
1425 2190 1571 2248 Belgis
1592 2191 1767 2234 transie-

272 2257 300 2276 “
325 2259 448 2299 rant:
491 2251 567 2309 qui
594 2267 736 2293 omnes
759 2251 847 2294 fere
869 2251 919 2293 iis
941 2251 1186 2294 nominibus
1214 2250 1441 2292 civitatum
1470 2249 1763 2306 adpellantur,

271 2317 300 2336 “
324 2310 484 2368 quibus
506 2309 592 2352 orti
614 2325 666 2351 ex
686 2309 938 2353 civitatibus
957 2326 1007 2353 eo
1027 2316 1320 2369 pervenerunt
1341 2317 1385 2350 et
1405 2307 1522 2350 bello
1544 2308 1680 2351 inlato
1702 2309 1764 2353 ibi

269 2376 300 2395 “
324 2377 621 2411 remanserunt
643 2376 776 2424 atque
797 2385 924 2427 agros
949 2369 1090 2412 colere
1117 2374 1358 2426 coeperunt.
1425 2366 1665 2409 Hominum
1698 2377 1763 2411 est

269 2436 297 2454 “
321 2427 487 2471 infinita
507 2427 745 2470 multitudo
767 2429 1116 2488 creberrimaque
1137 2426 1330 2476 aedificia‚
1353 2425 1441 2468 fere
1464 2425 1644 2469 Gallicis
1664 2441 1762 2470 con-

316 2537 359 2569 In
373 2541 556 2579 prospectu.
601 2534 656 2567 Sic
680 2535 780 2566 codd.
805 2534 917 2567 Oxon.
939 2542 973 2567 et
1047 2535 1157 2577 gines,
1188 2534 1384 2573 terrigenas,
1411 2534 1456 2566 cf.
1483 2535 1514 2572 6,
1544 2536 1595 2566 18.
1647 2533 1704 2566 Sic
1726 2540 1760 2566 ot

268 2583 343 2613 edd.
360 2581 473 2613 vai-iac.
524 2580 635 2620 Vulgo
651 2585 838 2620 conspectu.
1050 2580 1154 2611 Diod.
1178 2579 1246 2611 Sic.
1262 2582 1293 2611 5.
1311 2580 1364 2615 21,
1390 2579 1447 2610 ubi
1461 2579 1614 2620 quaedam
1630 2578 1671 2609 de
1684 2578 1758 2610 Bri-

267 2662 269 2664 ,
315 2628 359 2658 In
379 2628 473 2658 litore
495 2628 629 2665 ejecta-5.
679 2623 746 2655 Sic.
773 2622 867 2665 Virg.
894 2624 970 2655 AEn.
1048 2624 1177 2662 tannia,
1194 2622 1320 2655 similia
1336 2623 1520 2655 narrationi
1537 2622 1689 2662 Caesaris,
1701 2632 1760 2654 oc-

268 2672 299 2709 4,
318 2673 392 2701 373.
415 2673 551 2709 ejectum
567 2669 675 2700 litore.
1049 2675 1198 2700 currunt.
1224 2667 1274 2698 M.

314 2714 591 2755 Deleqit—fjabet.
639 2711 785 2753 Respice
801 2712 842 2743 ad
859 2722 891 2742 e.
912 2714 938 2742 l.
1093 2713 1260 2744 Memoria
1275 2711 1461 2751 proditum.
1491 2711 1551 2742 lta.
1569 2709 1646 2741 Val.
1662 2707 1756 2742 Max.

314 2760 514 2791 Munitione.
561 2755 671 2788 Nax-es
687 2763 719 2787 et
737 2755 882 2787 tentoria
905 2765 970 2786 uno
1049 2759 1080 2791 9.
1099 2758 1130 2794 6,
1154 2758 1203 2787 lo.
1240 2755 1294 2786 Cf.
1313 2754 1485 2786 Drakenb.
1501 2754 1544 2785 ad
1561 2753 1635 2786 Liv.
1653 2755 1683 2792 3,
1701 2757 1754 2786 54.

264 2793 455 2844 ⁴eodemque
471 2800 560 2832 vallo
575 2810 613 2831 ac
632 2800 722 2831 fossa
736 2799 970 2842 cingebantur.
1048 2804 1081 2838 9,
1112 2802 1166 2831 2⁴1.
1219 2799 1294 2831 Non
1326 2810 1406 2840 ergo
1438 2797 1624 2830 mutatione
1655 2808 1753 2840 opus.

268 2846 312 2876 cf.
329 2857 359 2878 c.
377 2851 429 2877 22.
454 2847 503 2876 M.
1047 2844 1174 2875 Contra
1195 2845 1227 2881 6,
1243 2847 1299 2875 25.
1322 2850 1369 2874 est
1387 2843 1556 2874 memoriae
1568 2841 1755 2883 prodenda.

313 2890 366 2922 Ad
382 2890 527 2921 lahorem
541 2889 614 2919 mil.
653 2887 708 2920 Sic
723 2894 766 2920 et.
783 2899 814 2920 c.
830 2889 885 2920 40.
1095 2889 1150 2920 Ex
1169 2889 1293 2929 Belgis.
1331 2887 1383 2920 Sic
1401 2886 1525 2919 rectius
1539 2896 1639 2927 quam
1653 2886 1755 2927 vulgo

319 2933 803 2975 lsmle(pau10antead1ituset
814 2931 972 2970 classem)
1048 2943 1089 2963 em
1110 2933 1237 2972 Belqio.
1283 2931 1343 2963 Est
1363 2931 1453 2962 enim
1479 2939 1589 2962 sermo
1617 2930 1658 2961 de
1680 2931 1756 2973 plu-

264 2978 414 3018 Νάξον-αι
436 2978 486 3008 ΙΙΙ.
1047 2977 1142 3007 ribus
1157 2974 1364 3006 civitatibus.
1409 2967 1461 3005 Cf.
1482 2971 1573 3005 dicta
1589 2974 1631 3005 ad
1646 2984 1678 3007 c.
1696 2973 1752 3006 24.

315 3023 417 3055 Natos
440 3023 476 3053 in
497 3014 620 3060 insula,
637 3019 840 3062 αὖτόχθονας,
857 3018 971 3053 abori-
1047 3026 1080 3052 et
1095 3018 1286 3060 wesseling
1299 3018 1342 3052 ad
1357 3018 1482 3051 Anton.
1498 3016 1572 3052 itin.
1589 3028 1624 3060 p.
1640 3019 1718 3051 478.
