1992 3271
647 217 765 261 LIB.
798 217 835 264 I.
898 218 1037 261 OAP.
1068 221 1142 269 26,
1171 221 1245 265 27.
1630 218 1681 261 19

207 346 372 390 hostem
402 346 548 391 videre
579 362 704 391 nemo
737 347 900 406 potuit.
963 345 1036 389 Ad
1061 346 1244 388 multam
1271 351 1441 389 noctem
1466 341 1597 386 etiam
1624 341 1680 384 ad

206 405 497 464 inpedimenta
528 416 772 466 pugnatum
802 414 1120 464 est,propterea
1148 404 1266 461 quod
1298 420 1379 461 pro
1401 401 1516 445 vallo
1535 416 1680 443 carros

209 465 471 522 objecerant,
493 474 537 508 et
554 482 576 507 e
600 466 696 509 loco
721 464 943 524 superiore
960 466 1004 506 in
1021 470 1189 506 nostros
1210 462 1424 504 venientes
1445 460 1531 504 tela
1551 458 1682 516 conji-

208 523 394 573 ciebant,
417 533 460 566 et
481 524 677 567 nonnulli
698 523 811 566 inter
830 538 975 565 carros
991 529 1196 578 rotasque
1212 529 1396 562 mataras
1420 536 1469 562 ac
1490 517 1685 576 tragulas

206 582 494 640 subjiciebant
510 591 766 640 nostrosque
787 580 1088 625 vulnerabant.
1125 578 1217 622 Diu
1239 592 1376 636 quum
1391 586 1499 620 esset
1517 590 1685 635 pugna-

207 648 318 690 tum,
340 640 640 698 inpedimentis
662 641 896 698 castrisque
914 639 1051 683 nostri
1073 637 1207 696 potiti
1225 644 1340 679 sunt.
1399 635 1469 678 Ibi
1496 635 1684 692 Orgeto-

207 698 312 755 rigis
333 698 438 748 filia,
471 707 603 757 atque
622 714 733 742 unus
754 715 777 741 e
804 698 904 742 filiis
923 706 1078 756 captus
1098 704 1176 739 est.
1233 695 1302 738 Ex
1316 709 1368 737 eo
1388 692 1545 752 proelio
1563 692 1686 736 circi-

205 764 272 799 ter
293 756 412 799 milia
440 757 662 800 hominum
713 757 879 800 CXXX
923 756 1250 815 superfuerunt,
1282 769 1419 811 eaque
1448 759 1542 794 tota
1559 760 1686 794 nocte

206 816 476 859 continenter
503 816 672 858 ierunt:
708 816 872 859 nullam
897 824 1067 874 partem
1088 813 1226 858 noctis
1246 812 1400 855 itinere
1427 809 1684 858 intermisso,

205 873 249 916 in
271 873 373 917 fines
395 874 641 932 Lingonum
657 874 726 918 die
743 883 902 933 quarto
921 881 1229 933 pervenerunt,
1252 887 1404 930 quum,
1433 877 1479 912 et
1499 876 1686 927 propter

203 932 385 976 vulnera
420 933 610 976 militum
647 943 692 977 et
727 942 913 992 propter
941 933 1212 991 sepulturam
1244 930 1498 977 occisorum,
1532 926 1686 976 nostri,

203 991 400 1034 triduum
421 993 596 1042 morati,
617 1008 688 1036 eos
709 994 830 1051 sequi
860 1007 946 1036 non
970 991 1227 1050 potuissent.
1286 990 1430 1032 Caesar
1451 987 1506 1029 ad
1526 985 1686 1044 Lingo-

203 1065 277 1092 nas
297 1050 464 1094 litteras
485 1051 751 1110 nunciosque
781 1052 913 1102 misit,
935 1067 988 1093 ne
1016 1067 1088 1094 eos
1119 1050 1355 1097 frumento,
1387 1062 1494 1090 neve
1523 1044 1608 1087 alia
1638 1059 1686 1086 re

197 1108 427 1167 juvarent:
456 1110 532 1168 qui
549 1111 583 1153 si
596 1110 822 1168 juvissent,
840 1128 883 1153 se
900 1110 1050 1153 eodem
1067 1109 1180 1158 loco,
1196 1125 1284 1166 quo
1305 1105 1548 1154 Helvetios,
1565 1102 1687 1146 habi-

203 1177 368 1235 turu-m.
402 1168 518 1228 Ipse,
536 1169 685 1214 triduo
703 1170 962 1220 intermisso,
984 1185 1085 1213 cum
1105 1167 1305 1213 omnibus
1324 1165 1460 1225 copiis
1476 1179 1547 1207 eos
1564 1161 1687 1221 sequi

203 1236 351 1285 coeplt.

261 1285 332 1327 27.
366 1285 786 1336 Helvetii‚”omnium
803 1303 950 1331 rerum
971 1285 1118 1346 inopia
1138 1284 1329 1334 adducti,
1358 1283 1525 1341 legatos
1544 1280 1598 1325 de
1614 1280 1685 1324 de-

199 1342 362 1386 ditione
394 1345 449 1388 ad
479 1362 578 1388 eum
610 1346 834 1389 miserunt.
907 1346 995 1396 Qui
1024 1362 1160 1404 quum
1188 1360 1287 1387 eum
1316 1344 1359 1386 in
1400 1341 1553 1384 itinere
1586 1355 1667 1383 con

202 1402 414 1446 venissent
451 1420 581 1462 seque
613 1405 668 1447 ad
699 1405 827 1463 pedes
862 1404 1141 1463 projecissent
1173 1402 1518 1461 subpliciterque
1548 1396 1687 1442 locuti

200 1459 349 1504 flentes
370 1478 519 1520 pacem
541 1462 763 1521 petissent,
785 1472 918 1521 atque
941 1479 1012 1506 eos
1034 1463 1078 1506 in
1098 1479 1149 1506 eo
1170 1462 1283 1510 loco,
1305 1476 1393 1518 quo
1415 1467 1509 1502 tum
1530 1464 1684 1505 essent,

199 1535 328 1561 suum
363 1521 597 1566 adventum
629 1530 877 1579 exspectare
907 1522 1115 1579 jussisset,
1153 1526 1409 1579 paruerunt.
1471 1517 1537 1559 Eo
1566 1523 1687 1574 post-

199 1593 330 1634 quam
353 1579 498 1621 Caesar
518 1580 732 1637 pervenit,
766 1579 951 1629 obsides,
978 1594 1114 1628 arma,
1143 1594 1302 1626 servos,
1325 1576 1401 1635 qui
1421 1575 1476 1617 ad
1495 1591 1567 1617 eos
1588 1589 1686 1631 per-

198 1636 423 1693 fugissent,
453 1638 669 1695 poposcit.
733 1637 854 1679 Dum
882 1653 931 1679 ea
963 1637 1284 1694 conquiruntur
1311 1644 1355 1676 et
1383 1633 1684 1682 conferuntur,

198 1703 325 1738 nocte
356 1695 611 1744 intermissa,
644 1694 818 1738 circiter
847 1694 1070 1738 hominum
1097 1693 1216 1737 milia
1238 1691 1303 1735 VI
1333 1691 1423 1751 ejus
1452 1691 1571 1750 pagi,
1605 1691 1686 1749 qui

201 1807 384 1834 numeratae
405 1809 493 1841 sunt,
516 1808 553 1835 ut
575 1805 606 1841 8,
635 1804 688 1834 35.
711 1802 750 1834 Β.
773 1802 827 1834 Af.
853 1804 908 1834 70.

205 1848 369 1879 Crescente
383 1858 464 1878 vero
479 1853 514 1879 et
527 1848 721 1879 decrescente
735 1846 801 1886 die,
815 1852 911 1879 erant

202 1890 294 1922 horae
316 1891 383 1922 illae
398 1892 561 1922 duodenae
576 1891 746 1932 longiores
759 1896 817 1922 aut
832 1891 910 1922 bre-

201 1934 323 1973 viores,
340 1940 376 1966 ut
391 1941 424 1966 et
443 1935 582 1977 vigiliae.
629 1936 706 1967 AEn.
719 1935 816 1966 Tact.
833 1945 908 1975 cap.

202 1982 257 2009 22.
304 1979 443 2020 Semper
464 1990 544 2011 vero
565 1985 680 2012 nostra
693 1978 908 2017 duodecima,

200 2023 274 2063 ipse
301 2024 433 2054 medius
456 2024 541 2063 dies,
566 2029 617 2055 est
644 2028 795 2055 veterum
824 2023 910 2054 hora

202 2072 309 2105 sexta,
331 2067 474 2109 ideoque
490 2067 706 2109 regrediendo
722 2073 755 2098 et
772 2077 909 2108 progre-

201 2111 324 2142 diendo
354 2112 500 2152 reperire
521 2114 646 2143 circiter
663 2112 712 2150 (et
736 2110 785 2142 sic
810 2110 909 2142 intel-

201 2154 283 2194 lexi,
306 2156 440 2196 quoties
454 2155 589 2194 monui)
606 2160 719 2197 potest
732 2165 908 2196 eompara-

201 2198 248 2229 tio
263 2205 450 2231 nostrarum
465 2206 497 2231 et
510 2206 660 2232 veterum
670 2200 840 2230 horarum.
856 2199 907 2229 M.

246 2244 410 2276 Matura-5.
455 2245 530 2276 Hoc
555 2244 692 2276 nomine
716 2253 822 2284 genus
846 2242 907 2273 teli

201 2285 543 2328 Galliciadpellatum
565 2294 628 2325 est,
654 2287 747 2328 cujus
763 2286 906 2317 mentio-

199 2338 277 2360 nem
294 2330 408 2362 Livius
432 2334 463 2370 7,
479 2335 533 2370 24,
557 2338 591 2363 et
609 2337 727 2363 auctor
740 2330 906 2361 librorum

200 2374 242 2404 ad
261 2374 465 2406 Herennium
482 2378 514 2415 4,
532 2378 587 2414 39,
610 2380 644 2406 et
663 2374 722 2406 alii
743 2374 905 2413 fecerunt,

199 2427 285 2457 quos
313 2419 490 2460 diligenter
519 2419 729 2451 enumeravit
755 2418 907 2449 Draken-

199 2461 362 2493 borchius
385 2463 426 2494 ad
449 2463 594 2495 Livium.
639 2462 757 2494 Strabo
780 2465 811 2500 4,
830 2472 907 2503 pag.

201 2506 276 2536 196.
300 2506 383 2538 dicit
402 2517 474 2538 esse
504 2507 626 2538 παλτοῦ
650 2507 680 2538 «τὶ
705 2505 770 2540 εἶδος
796 2511 829 2536 et
848 2505 905 2536 Gr.

198 2550 365 2590 metaphr.
409 2549 551 2583 Caesaris
565 2551 677 2582 παλτὰ
692 2550 726 2581 h.
744 2551 765 2582 l.
782 2548 905 2591 posuit.

197 2593 390 2634 Hesychius
398 2592 534 2638 μαδοξςεις
544 2605 617 2626 esse
626 2594 709 2626 dicit
718 2592 905 2636 πλατύτεροι

201 2635 349 2677 λογχὶδια
363 2643 396 2669 et
411 2638 551 2669 verbum
570 2638 737 2669 Celticum
756 2647 830 2669 esse
851 2637 903 2668 di-

199 2687 284 2711 serte
300 2686 425 2713 monet.
469 2681 626 2714 Ceterum
649 2688 687 2713 ut
709 2683 848 2722 adparet
868 2686 902 2712 et

199 2725 347 2757 madai-ts
368 2731 402 2757 et
423 2728 555 2758 matem‘s
578 2731 611 2756 et
633 2727 771 2758 mutaris
798 2723 902 2756 scribi

198 2769 305 2800 solere
313 2781 322 2809 ς
368 2780 443 2801 nam
467 2769 686 2801 barbarorum
720 2769 900 2800 verborum

197 2811 362 2859 scriptura
385 2813 510 2852 variat3
541 2813 589 2844 sic
617 2824 782 2852 mazaeus,
810 2814 900 2854 quod

196 2865 231 2904 ln
246 2857 322 2888 edd.
367 2857 509 2889 Caesaris
525 2858 712 2898 irrepserat,
737 2857 834 2898 plane
850 2856 901 2888 vi-

195 2903 320 2931 tiosum
347 2907 410 2933 est.
444 2903 495 2933 M.
554 2901 686 2932 Primus
713 2901 904 2932 emendavit

200 2943 420 2977 Rhellicanus
428 2955 469 2977 ex
481 2944 626 2987 ingenio,
639 2944 808 2976 firmarunt
818 2945 858 2976 de
869 2944 902 2976 in

195 2987 342 3020 codices.
367 2989 522 3024 Straboni
532 2989 763 3023 restituerunt:
778 2988 900 3033 ματερὶς

972 1801 1123 1843 Scaliger
1148 1807 1181 1833 et
1203 1799 1401 1839 Turnebus3
1440 1798 1532 1841 prius
1547 1797 1685 1840 legeba—

974 1852 1029 1878 tur
1042 1846 1133 1889 μέξις.
1179 1847 1321 1877 Μαιρτθε
1337 1842 1468 1876 Nonius
1490 1843 1572 1875 dicit
1587 1854 1606 1874 e
1631 1842 1682 1873 Si-

972 1900 1075 1922 senna
1110 1892 1159 1929 18,
1188 1891 1241 1920 26.
1287 1888 1365 1919 Fuit
1399 1893 1512 1920 autem
1548 1892 1683 1919 matam

973 1935 1094 1975 sagitta
1104 1933 1250 1975 capitata
1263 1931 1548 1970 crassior,nostris
1562 1931 1684 1962 hodie-

970 1989 1037 2019 que
1046 1984 1184 2010 matras.
1230 1977 1336 2008 Affine
1346 1981 1398 2007 est
1408 1975 1550 2017 Hispan.
1559 1980 1685 2015 Μαῖαν,

970 2022 1141 2054 occidere..
1164 2021 1270 2053 Gallis
1284 2020 1385 2052 etiam
1399 2018 1483 2051 olim
1495 2025 1684 2058 manassen

973 2065 1172 2098 interficere.
1218 2065 1270 2096 Ex
1294 2062 1441 2095 Arabico
1464 2069 1609 2101 matam,
1629 2063 1683 2105 ja-

971 2110 1090 2148 culari,
1124 2108 1252 2141 derivat
1278 2108 1474 2140 Bochardus
1497 2107 1621 2148 Geogr.
1644 2108 1680 2140 S.

975 2156 1004 2193 1,
1029 2157 1082 2186 42.

1019 2198 1214 2240 Orqetoriqte
1223 2198 1309 2238 filia.
1347 2194 1464 2227 Tradit
1478 2194 1680 2226 Plutarchus

971 2241 1056 2273 Caes.
1072 2252 1147 2282 cap.
1170 2244 1219 2272 18.
1244 2240 1432 2272 interfuisse
1458 2239 1538 2271 huie
1557 2239 1679 2280 proelio

971 2286 1131 2317 mulieres
1140 2291 1174 2317 et
1182 2285 1307 2316 liberos
1318 2284 1502 2322 Gallorum,
1510 2283 1679 2322 (solebant

970 2330 1062 2362 enim
1077 2329 1262 2361 exercitum
1279 2328 1403 2370 sequi,)
1417 2334 1450 2359 et
1466 2326 1682 2368 pertinaciter

972 2381 1156 2417 pugnantes
1172 2373 1366 2405 catervatim
1381 2371 1596 2403 occubuisse.
1626 2373 1677 2403 M.

1018 2419 1158 2451 Nullam
1173 2417 1536 2459 partem—intermisso.
1594 2415 1678 2447 Haec

971 2468 1054 2504 puto
1076 2462 1235 2493 delenda:
1259 2459 1367 2491 voluit
1390 2458 1513 2500 aliquis
1532 2458 1675 2490 verbum

968 2508 1167 2538 continenter
1189 2504 1370 2546 explicare,
1401 2509 1434 2534 et
1465 2503 1497 2534 in
1525 2502 1675 2544 margine

969 2549 1113 2591 scripsit,
1136 2551 1269 2581 nullam
1284 2553 1414 2590 partem
1439 2548 1536 2578 noctis
1562 2548 1677 2579 itenere

966 2596 1157 2626 intermisso.
1191 2593 1304 2624 Etiam
1318 2592 1475 2623 Gruterus
1490 2595 1522 2621 et
1539 2589 1676 2623 Ouden-

965 2637 1105 2679 dorpius
1117 2635 1314 2677 ταυτολογίᾳ,
1331 2633 1450 2666 offensi
1464 2638 1552 2673 sunt,
1568 2640 1603 2666 et
1616 2635 1678 2667 ab·

967 2688 1043 2713 sunt
1068 2682 1139 2713 haec
1159 2681 1263 2713 verba
1281 2690 1302 2712 a
1323 2679 1439 2711 Graeca
1453 2679 1674 2720 metaphrasi.

1013 2769 1138 2801 Eodem
1163 2770 1240 2800 loco.
1306 2765 1430 2797 Contra
1467 2767 1562 2797 codd.
1593 2772 1672 2809 post

967 2813 1033 2844 hoc
1065 2812 1206 2843 verbum
1235 2810 1310 2842 edd.
1332 2810 1445 2851 vulgg.
1465 2810 1671 2851 addiderant,

962 2859 1043 2889 illos.
1065 2857 1113 2887 M.

1011 2902 1116 2941 Atque
1142 2911 1203 2931 eos.
1263 2896 1508 2939 Huidekooper
1530 2899 1674 2940 jubebat

963 2944 1029 2986 legi
1045 2947 1135 2986 isque
1148 2954 1211 2975 eos.
1257 2942 1320 2973 Sed
1335 2952 1367 2972 v.
1382 2940 1598 2985 Oudendorp.

1014 2990 1120 3022 Suum
1133 2988 1321 3027 adventum,
1337 2997 1434 3018 suum
1449 2987 1603 3020 reditum.
1619 2988 1671 3021 M.

1360 3034 1435 3071 02
