1992 3271
675 157 794 201 LIB.
830 157 864 200 I.

929 158 1067 201 GAP.
1100 160 1172 209 128,
1206 161 1279 204 29.
1655 158 1709 205 21·

287 281 358 323 29.
392 279 442 323 In
480 281 627 324 castris
666 281 968 325 Helvetiorum
1001 282 1161 325 tabulae
1194 291 1378 343 repertae
1398 292 1516 334 sunt,
1552 281 1712 349 litteris

284 391 430 427 Tabulae,
469 394 569 424 literis
618 393 739 425 Graecis
778 393 935 430 consectoe.

235 433 345 464 Etiam
378 434 444 467 alio
475 436 593 467 horum
622 437 935 468 commentariorum

232 478 310 509 loco
329 481 360 516 6,
380 480 428 510 14.
475 479 584 511 Caesar
605 480 713 518 tradit,
738 480 878 512 Druidas
903 479 935 511 in

232 521 342 561 rebus,
368 533 442 563 quae
465 534 529 554 non
550 525 591 554 ad
616 524 764 565 ipsorum
787 524 935 565 discipli-

232 575 308 596 nam
331 565 524 606 pertineant,
550 568 624 598 h.e.
641 568 778 608 privatis
792 578 830 598 ac
848 568 935 608 pub-

233 607 308 639 licis
344 609 540 648 rationibus‚
578 611 685 642 literis
725 611 851 642 Graecis
887 612 934 643 uti

232 653 350 683 solere.
386 653 515 684 Literas
530 654 662 685 Graecas
679 655 733 685 1116
750 665 934 686 sermonem

232 696 383 727 Graecum
402 697 606 739 interpretor.
651 699 733 730 Haec
752 699 823 739 ipsa
838 700 936 730 refert

231 740 362 777 Strabo,
390 742 422 772 4.
452 752 484 782 p.
509 743 586 772 181:
627 753 701 773 nam
731 743 832 783 paulo
858 749 934 774 ante

231 793 324 814 suam
339 789 470 815 aetatem
487 785 517 816 in
536 785 645 817 Gallia
660 786 742 817 dicit
758 787 933 818 invaluisse

231 837 369 865 morem,
406 829 565 860 formulas
602 836 785 870 pactorum,
824 841 933 862 rerum

229 877 485 910 contractarum,
496 873 668 915 mutuique
680 874 805 912 negotii
818 875 932 905 Graece

227 915 412 946 scribendi:
438 918 478 947 «τὰ
502 918 673 956 σιιμβόλαιν,
693 919 841 952 ἑλληνιστὶ
859 919 933 961 7ch-

229 966 319 998 φοντι-ι.
368 960 409 991 Et
442 960 511 992 11.1.
545 962 693 994 ἑλληνιστὶ
723 962 932 1004 interpretor„

227 1004 344 1044 linqua
361 1005 486 1036 Groeca.
515 1005 600 1036 Cum
613 1017 692 1046 ergo
708 1005 762 1037 1116
778 1017 851 1037 11105
862 1006 932 1046 jam

228 1046 368 1078 Caesaris
380 1054 478 1080 aetate
493 1050 635 1091 viguerit
655 1050 688 1080 in
706 1050 830 1088 Gallia,
852 1060 934 1080 con-

226 1090 318 1121 stitui
350 1098 471 1132 potest,
506 1093 590 1124 illud
619 1096 717 1135 paulo
739 1100 816 1125 ante
841 1096 933 1125 Stra-

226 1135 315 1167 bonis
338 1141 466 1167 oemte‘m
492 1137 540 1169 sic
564 1138 764 1178 capiendum
789 1148 874 1175 esse,
898 1143 934 1168 ut

224 1178 293 1219 jam
305 1185 380 1210 ante
390 1180 531 1212 Caesaris
547 1181 580 1212 in
592 1182 739 1213 Galliam
754 1182 933 1213 adventum

228 1227 409 1254 statuamus
431 1225 517 1255 huuc
542 1237 670 1257 morem
695 1226 743 1257 ibi
766 1226 934 1257 introduc-

226 1271 312 1296 tum.
357 1268 437 1299 Ilaec
474 1270 515 1300 de
543 1275 707 1310 tempore,
742 1271 834 1311 quod
874 1280 934 1300 nos

227 1309 362 1349 quidem
381 1312 537 1344 sciamus.
582 1314 704 1344 Modus
718 1320 844 1347 autem.
865 1325 933 1355 quo

227 1353 332 1384 literae
361 1355 485 1386 Graecae
516 1355 550 1386 in
580 1357 727 1388 Galliam
758 1358 933 1398 inportata:

227 1403 313 1435 sunt,
347 1397 391 1427 ab
426 1399 543 1429 eodem
578 1399 741 1429 Strabone
775 1400 932 1430 traditur:

228 1451 305 1472 nam
350 1441 594 1478 Massilienses,
638 1441 776 1472 colonia
818 1443 935 1473 Graeca

227 1485 373 1523 (Strabo,
403 1489 433 1516 4.
466 1496 499 1526 p.
538 1487 606 1516 179.
652 1485 776 1516 Justin.
802 1487 855 1523 43,
885 1486 934 1523 4),

228 1529 329 1570 paulo
353 1535 429 1559 ante
449 1528 623 1560 Strabonis
647 1534 781 1560 aetatem
805 1534 932 1559 tantum

227 1573 421 1603 Graecorum
439 1582 589 1603 amorem
615 1572 798 1612 injecerunt
813 1572 933 1610 Gallis,

224 1616 299 1646 ὥστε
331 1616 382 1646 καὶ
412 1616 583 1655 σνμβόλαιοι
604 1615 777 1649 Ἑλληνιστὶ
803 1617 931 1658 γράφειν.

224 1660 257 1692 Si
276 1660 364 1691 Galli
380 1670 422 1690 eo
440 1671 544 1701 usque
560 1660 681 1691 imitati
697 1666 771 1691 sunt
786 1659 933 1695 Craecos,

224 1710 262 1735 ut
276 1705 354 1736 adeo
369 1704 457 1743 (ὥστε
476 1704 542 1742 καὶ)
567 1704 727 1735 formulas
743 1703 930 1735 istiusmodi

227 1748 341 1780 Graece
369 1748 563 1785 scriberent,
600 1758 665 1778 nou
704 1747 736 1778 in
767 1758 833 1778 uno
866 1748 931 1779 hoc

225 1802 343 1833 genere
361 1792 493 1823 fuerunt
508 1792 718 1825 Hellenistze,
732 1793 787 1823 sed
804 1803 879 1823 cum
899 1792 930 1823 in

224 1836 314 1871 aliis,
325 1841 393 1866 tum
408 1835 439 1867 in
456 1837 520 1866 hoc
534 1835 750 1867 nominatim:
767 1842 799 1867 et
810 1836 932 1866 mirum

223 1887 284 1918 est,
313 1890 462 1911 amorem
487 1880 583 1911 illum
608 1891 712 1921 usque
735 1891 776 1911 60
797 1891 932 1921 proces-

224 1924 316 1961 sisse,
343 1930 378 1955 ut
404 1925 436 1954 in
463 1924 516 1955 his
538 1926 623 1955 adeo
638 1924 767 1965 aliquid
794 1924 931 1954 innova-

226 1973 308 2005 rent,
334 1967 365 1998 in
391 1968 515 2009 quibus
539 1968 692 1999 homines
715 1969 816 2006 vulgo
842 1974 931 1998 tena-

223 2012 349 2043 cissimi
374 2017 449 2043 sunt
472 2012 576 2043 moris
600 2012 713 2054 patrii.
758 2014 847 2052 Ergo
874 2022 933 2052 per

226 2055 454 2087 Massilienses
469 2056 606 2087 occasio
622 2057 738 2087 Graece
760 2055 929 2087 scribendi

223 2100 332 2131 Gallis
368 2100 482 2132 oblata
519 2107 579 2132 est.
625 2100 754 2138 Quodsi
791 2100 932 2131 Caesaris

225 2150 377 2185 tempore
396 2144 530 2175 Druidae
547 2150 686 2182 tantum,
711 2150 769 2175 aut
793 2143 929 2185 potissi-

223 2199 328 2225 mum,
352 2199 446 2219 usum
461 2188 651 2220 Graecarum
672 2189 843 2219 literarum
870 2188 930 2218 ha-

224 2232 383 2272 buerunt3
407 2232 457 2271 (in
482 2233 636 2264 barbaris
659 2232 749 2263 enim
774 2231 931 2273 gentibus

223 2275 307 2307 talia
337 2286 402 2307 non
435 2277 544 2308 solent
580 2277 731 2308 celeriter
769 2281 804 2307 et
839 2276 930 2315 apud

224 2330 339 2351 omnes
355 2320 587 2360 invalescere.)
605 2331 712 2362 neque
728 2319 843 2350 omnia
859 2330 931 2349 om-

225 2363 319 2401 nino,
334 2365 402 2402 sed,
415 2371 576 2405 quantum
593 2365 691 2396 nobis
706 2370 847 2401 constat,
864 2364 931 2394 for-

225 2408 326 2438 mulae
369 2419 479 2439 rerum
525 2414 770 2440 contractarum
816 2407 932 2438 Graece

225 2451 360 2492 scriptae
377 2457 468 2482 sunt:
492 2462 558 2484 non
582 2452 842 2484 existimandum
869 2457 929 2487 est,

226 2506 341 2526 omnes
351 2495 465 2526 Gallos
477 2496 620 2528 Caesaris
633 2503 785 2537 tempore.
799 2495 932 2526 Graeca-

224 2550 295 2570 rum
334 2538 505 2571 literarum
543 2540 770 2581 intelligentes
806 2538 929 2578 fuisse3

225 2583 280 2613 sed
298 2583 383 2613 hanc
400 2582 502 2614 fuisse
526 2590 650 2624 partem
675 2583 836 2615 doctrinae
852 2582 932 2613 Gal-

223 2626 314 2665 licae,
331 2626 358 2657 si
372 2626 450 2667 quis
462 2627 576 2659 Graece
589 2628 699 2660 sciret.
737 2627 836 2664 Quod
851 2637 930 2667 ergo

224 2670 334 2702 Caesar
358 2670 470 2711 legato
499 2682 560 2703 suo
587 2672 777 2713 epistolam,
804 2670 931 2701 Graecis

223 2714 332 2745 literis
362 2713 603 2756 consignatam,
629 2715 732 2753 misit,
761 2725 803 2745 ne
830 2713 928 2745 inter-

223 2764 322 2799 cepta
344 2758 409 2798 legi
432 2769 451 2789 a
476 2758 611 2790 Nerviis
634 2764 745 2800 posset
767 2763 798 2796 5,
814 2759 868 2797 48,
895 2757 926 2788 id

224 2812 290 2833 non
308 2808 420 2843 potest
435 2802 486 2839 iis,
499 2813 575 2843 quae
588 2809 683 2834 antea
696 2802 777 2839 dixi,
787 2802 930 2842 opponi,

223 2851 280 2877 aut
292 2845 368 2877 inde
381 2847 551 2884 concludi,
565 2847 681 2878 Gallos
691 2847 806 2878 Graece
822 2845 930 2877 nesci-

222 2890 322 2928 visse,
343 2890 425 2931 quia
441 2891 557 2922 Graece
575 2891 733 2932 scriptam
748 2890 928 2932 epistolam

222 2943 289 2966 non
306 2935 479 2977 potuerint
497 2935 699 2978 intelligere,
722 2934 877 2976 ideoque,
899 2934 928 2967 si

1001 393 1135 432 quando
1159 393 1264 426 literae
1292 395 1417 428 Graecae
1443 407 1464 428 a
1483 396 1590 429 Gallis
1613 407 1710 429 usur·¹

1003 442 1087 476 patae
1112 436 1275 476 dicantur,
1297 439 1532 482 intelligendas
1554 452 1627 473 esse
1641 439 1710 472 for-

1002 490 1072 509 mas
1097 485 1129 510 et
1154 481 1278 521 figuras
1306 483 1478 516 literarum
1503 485 1709 521 Graecarum,

1002 533 1063 563 per
1090 534 1174 563 quas
1201 525 1365 557 vocabula
1394 528 1524 560 Gallica
1551 540 1710 570 expressa

1001 566 1080 606 sint,
1092 573 1129 597 ut
1142 567 1169 598 si
1183 568 1258 608 quis
1271 569 1467 603 Germanica
1482 572 1581 604 verba
1592 573 1707 604 fermis

1001 611 1172 641 literarum
1189 611 1382 643 Latinarum
1404 616 1581 656 exprimat.
1628 617 1706 648 Jam

1000 654 1092 685 enim
1108 655 1236 693 monui,
1250 666 1315 687 non
1329 658 1447 688 Gallos
1462 670 1577 691 omnes
1590 660 1708 692 Graece

1001 698 1215 737 intellexisse,
1239 701 1296 731 sed
1321 712 1391 738 eos,
1412 702 1471 742 qui
1491 703 1581 734 docti
1597 710 1711 736 essent

999 748 1099 783 atque
1114 743 1327 775 haberentur.
1358 745 1607 786 Accedit,quod
1623 748 1691 779 Ner

1000 785 1047 816 vii
1067 787 1210 818 maxime
1228 787 1289 819 feri
1310 793 1343 818 et
1358 789 1575 820 remotissimi
1599 801 1619 821 a
1635 792 1710 823 cul-

998 829 1144 861 tioribus
1167 831 1273 862 Gallis
1299 832 1404 872 fuere,
1428 833 1494 864 vid.
1511 836 1543 871 2,
1567 835 1587 863 4
1602 839 1636 865 et
1657 837 1707 866 15.

999 879 1036 904 ut
1059 874 1102 904 ab
1129 874 1182 905 his
1206 876 1248 906 ad
1265 875 1344 907 illos
1367 882 1423 908 aut
1442 887 1519 916 non,
1546 883 1605 909 aut
1631 889 1707 909 sero

999 918 1134 949 demum
1165 930 1245 950 usus
1274 919 1397 960 linguae
1424 921 1549 952 Graecae
1579 933 1705 964 propa-

998 967 1093 1002 gatus
1117 962 1279 994 videatur.
1326 965 1490 1003 Alterum,
1515 967 1605 1006 quod
1635 977 1709 998 sen-

998 1006 1111 1037 tentiae
1127 1017 1227 1047 supra
1245 1007 1431 1048 propositae
1456 1009 1562 1050 magis
1588 1010 1707 1041 adver-

999 1049 1064 1080 sari
1094 1050 1237 1089 videtur,
1265 1058 1315 1082 est
1340 1062 1381 1083 ex
1403 1063 1445 1083 eo
1472 1053 1593 1084 horum
1612 1064 1709 1085 com-

999 1093 1236 1125 mentariorum
1261 1095 1339 1126 loco
1371 1098 1398 1133 1,
1431 1098 1479 1135 19,
1505 1097 1565 1128 ubi
1593 1097 1708 1129 Caesar

998 1148 1076 1168 cum
1109 1138 1291 1177 Divitiaeo,
1330 1140 1547 1172 nobilissimo
1584 1141 1709 1173 Galliae

997 1181 1083 1221 viri),
1098 1183 1284 1224 eodemque
1296 1184 1433 1221 Druida,
1449 1184 1522 1216 Cic.
1536 1186 1577 1216 de
1593 1185 1709 1217 Divin.

1003 1227 1031 1263 1,
1047 1227 1100 1259 111.
1118 1237 1176 1266 per
1189 1226 1402 1268 interpretem
1418 1229 1549 1260 locutus
1563 1228 1708 1260 dicitur·-

1000 1269 1033 1299 id
1049 1270 1139 1310 quod
1156 1277 1275 1311 negant
1292 1272 1519 1303 necessarium
1536 1272 1652 1311 fuisse,
1677 1273 1708 1304 si

999 1313 1192 1344 Divitiacus
1224 1315 1339 1346 Graece
1379 1315 1617 1348 intellexisset:
1658 1316 1707 1347 ita

996 1356 1087 1387 enim
1113 1357 1279 1389 Caesarem
1303 1370 1381 1390 eum
1405 1371 1447 1391 eo
1471 1361 1587 1391 Graece
1610 1359 1706 1401 loqui

999 1399 1161 1440 potuisse.
1207 1401 1270 1432 Sed
1307 1408 1340 1432 et
1370 1403 1427 1434 hic
1460 1403 1581 1442 habeo,
1612 1405 1706 1445 quod

996 1445 1228 1483 respondeam.
1273 1444 1478 1484 Concedam,
1498 1446 1705 1479 Divitiacum

997 1495 1070 1515 esse
1085 1488 1251 1524 eumdem,
1269 1488 1309 1518 de
1322 1499 1390 1529 quo
1408 1488 1529 1521 Cicero
1544 1490 1706 1532 loquitur,

997 1529 1148 1569 adeoque
1174 1529 1279 1560 fuisse
1303 1532 1483 1573 Druidam3
1509 1536 1712 1573 concedam,-

997 1582 1073 1602 eum
1096 1573 1226 1603 tabulas
1242 1574 1472 1616 formulasque
1496 1588 1606 1608 rerum
1622 1589 1706 1610 con-

997 1620 1176 1646 tractarum
1193 1616 1324 1648 Graecas
1349 1619 1516 1650 conticere
1533 1622 1704 1661 potuisse3

997 1664 1106 1690 tamt-n
1132 1669 1264 1699 negem,
1287 1672 1364 1692 eum
1388 1663 1483 1703 loqui
1502 1664 1618 1696 Graece
1643 1676 1706 1707 po-

996 1703 1112 1734 tuisse.
1151 1703 1238 1741 Quis
1253 1705 1373 1745 nescit,
1385 1714 1511 1747 quanto
1528 1708 1706 1741 intervallo

996 1746 1097 1777 ‹listet
1126 1747 1268 1779 facultas
1304 1748 1533 1792 intelligendae
1561 1752 1708 1795 alicujus

998 1790 1133 1827 lingum.
1144 1797 1377 1834 certatumque
1390 1794 1606 1827 formularum
1623 1808 1706 1829 con-

996 1834 1242 1876 cipiendarum,
1278 1847 1299 1867 a
1331 1837 1486 1869 facultate
1523 1840 1707 1881 loquendi?

996 1879 1181 1920 pra—sertim
1194 1891 1283 1918 cum,
1298 1892 1374 1921 quae
1387 1882 1475 1913 Galli
1490 1883 1606 1915 Graece
1621 1895 1705 1916 con-

996 1923 1181 1964 signarunt,
1204 1924 1329 1955 fuerint
1355 1926 1469 1956 omnia
1490 1938 1532 1957 ex
1555 1938 1622 1960 uno
1645 1940 1704 1970 ge-

997 1977 1087 2003 nere,
1113 1968 1236 1999 tabulae
1253 1976 1286 1999 et
1301 1969 1464 2000 formulae.
1511 1970 1574 2002 Sed
1590 1978 1704 2013 potest

994 2010 1122 2052 aliquis
1138 2023 1200 2042 usu
1226 2012 1284 2043 lias
1298 2013 1449 2052 cognitas
1470 2018 1503 2044 et
1526 2014 1621 2047 tritas
1645 2017 1704 2048 lia-

996 2055 1092 2095 11610,
1118 2062 1194 2086 sunt
1215 2056 1304 2086 enim
1330 2068 1514 2097 paucorum
1540 2065 1573 2090 et
1596 2066 1706 2092 certo-

996 2110 1068 2129 rum
1080 2099 1276 2139 verborum3
1302 2106 1335 2130 et
1350 2108 1457 2131 tamen
1472 2112 1585 2134 carere
1598 2104 1704 2136 sacul-

997 2148 1062 2173 tate
1101 2142 1213 2174 omnia
1251 2144 1364 2175 verbis
1397 2145 1608 2186 exprimendi
1640 2148 1702 2181 illo

996 2197 1161 2225 sermone,
1185 2198 1255 2228 quo
1279 2198 1431 2219 sermone
1460 2190 1621 2223 formulas
1649 2204 1702 2224 so-

995 2231 1122 2262 lemnes
1138 2237 1288 2272 usurpat,
1299 2237 1355 2263 aut
1371 2232 1581 2275 intelligendi
1594 2238 1703 2277 quod-

996 2274 1080 2306 libet
1107 2276 1331 2316 colloquium,
1360 2287 1401 2307 eo
1426 2288 1578 2310 sermone
1602 2280 1701 2311 habi-

996 2324 1078 2357 tum,
1102 2324 1159 2350 aut
1181 2321 1265 2350 adeo
1287 2319 1396 2351 libros
1425 2321 1569 2362 legendi.
1615 2324 1701 2355 Cum

995 2374 1074 2402 ergo
1104 2363 1189 2394 mihi
1217 2363 1393 2395 videantur
1416 2364 1628 2399 difficultates
1652 2379 1703 2399 re-

997 2407 1125 2438 moveri
1143 2418 1256 2448 posse,
1277 2419 1360 2449 quas
1381 2416 1556 2450 opponunt
1578 2411 1610 2442 61
1628 2423 1703 2443 sen-

997 2450 1209 2492 tentiae,qua¹
1222 2452 1355 2483 Graecas
1369 2452 1481 2484 literas
1498 2454 1551 2485 his
1565 2453 1600 2485 in
1615 2455 1703 2487 locis

997 2494 1232 2535 interpretatur
1245 2506 1423 2528 sermonem
1443 2499 1610 2530 Grcecum:
1634 2509 1702 2531 non

998 2550 1135 2580 possum
1151 2545 1275 2570 certam
1301 2548 1335 2570 et
1351 2539 1572 2573 indubitatam
1590 2542 1701 2575 dicere

996 2594 1113 2614 eorum
1127 2583 1339 2621 sententiam,
1360 2583 1420 2624 qui
1437 2584 1551 2616 literas
1566 2585 1702 2619 Graecas

996 2638 1070 2658 esse
1081 2627 1207 2659 malunt
1218 2628 1341 2658 formas
1349 2632 1383 2658 et
1395 2628 1516 2668 figuras
1529 2628 1701 2662 literarum

997 2671 1204 2702 Graecarum:
1235 2681 1437 2711 quamquam
1467 2672 1622 2714 plerique
1651 2674 1702 2707 in-

997 2720 1158 2755 terpretes
1187 2714 1341 2752 Caesaris,
1369 2720 1470 2755 atque
1504 2715 1607 2749 etiarn
1638 2718 1703 2750 Fa-

997 2758 1127 2789 bricius
1156 2760 1199 2788 ad
1222 2757 1375 2789 Cassium
1399 2759 1556 2798 Dionem,
1587 2765 1641 2802 40,
1671 2764 1703 2802 9,

996 2813 1066 2833 16111
1089 2802 1138 2832 516
1164 2801 1310 2842 intelligi
1331 2802 1461 2841 volunt,
1482 2810 1582 2846 atque
1598 2805 1702 2838 etiam

997 2846 1047 2877 sic
1079 2845 1224 2886 intelligi
1264 2850 1385 2886 potest.
1437 2847 1520 2879 Illud
1558 2849 1706 2883 libenter

997 2890 1159 2925 concedo,
1186 2889 1219 2920 in
1244 2889 1309 2920 hoc
1326 2891 1414 2928 1060.
1434 2892 1494 2933 qui
1518 2893 1558 2924 ‹le
1576 2894 1702 2926 tabulis

997 2933 1212 2967 censualibus
1233 2933 1386 2977 exponit,
1409 2945 1510 2978 posse
1533 2943 1566 2970 et
1580 2938 1703 2972 debere
