1961 3230
233 196 304 239 xvi
427 196 693 240 HENRICI
726 195 1068 240 DODWELLI
1101 195 1537 240 DISSERTATIO.

233 320 382 371 fuerit,
415 329 459 363 et
492 322 668 364 Caesaris
700 328 843 378 partes
874 320 1007 363 fuerit
1035 321 1272 378 amplexus.
1337 321 1481 364 Prima
1501 320 1591 362 fere
1613 335 1710 377 per-

235 409 337 436 sona
356 400 383 420 “
406 395 533 436 Nos”
557 394 713 450 inquit,
735 403 779 437 et
802 394 1061 437 Caesarianos
1084 403 1112 421 ‘⁴
1130 396 1334 437 nostros'’
1357 394 1565 452 appellat.
1613 394 1713 436 Hoc

241 482 395 524 nempe
419 475 529 518 erat,
551 467 670 523 quod
692 468 733 509 in
760 468 866 510 belli
889 468 1046 510 Gallici
1074 468 1174 510 libri
1208 467 1338 509 VIII.
1403 467 1594 524 Prologo
1625 466 1716 523 ipse

236 548 461 582 monuerat
484 540 673 591 Hirtius,
697 541 776 583 sibi
798 557 851 584 ne
875 542 986 584 illud
1009 542 1181 599 quidem
1200 542 1416 593 accidisse,
1450 550 1499 584 ut
1528 541 1714 584 Alexan-

237 613 362 655 drino
391 622 522 671 atque
559 615 766 658 Africano
802 616 921 658 bello
948 616 1198 659 interesset:
1234 617 1412 659 innuens
1444 615 1641 674 proinde,
1674 616 1717 657 in

237 687 416 744 reliquis
437 688 564 731 bellis
585 689 664 731 sibi
682 705 855 746 quoque
878 705 1055 747 operam
1079 690 1209 732 fuisse
1229 706 1313 733 non
1337 690 1548 732 inutilem.
1613 691 1715 732 Non

235 760 296 803 ita
318 768 434 804 certe
453 761 494 804 in
513 762 628 805 bello
650 763 944 805 Alexandrino
966 763 1179 820 loquitur,
1201 772 1278 806 aut
1302 764 1522 806 Africano.
1599 765 1714 807 Nus-

235 852 366 894 quam
382 838 442 881 ibi
462 838 614 896 prima,
639 840 711 882 sed
733 840 860 882 tertia
894 854 1091 897 persona,
1122 838 1307 881 absentis
1338 838 1539 880 nimirum
1568 839 1716 896 potius

237 928 368 969 quam
388 914 516 964 illius,
541 914 617 972 qui
639 915 768 957 rebus
797 915 886 972 ipse
909 914 1108 971 gerendis
1129 913 1392 961 interfuerit,
1425 914 1714 956 narrationem

239 985 441 1028 instituit.
506 988 601 1030 Nee
629 996 738 1046 puto
760 986 839 1029 hoc
862 987 1105 1044 praevidisse
1136 986 1509 1043 interpolatorem,
1544 987 1586 1030 in
1617 987 1716 1030 reli-

238 1060 336 1117 quis
366 1061 474 1103 adeo
509 1077 721 1120 personae,
758 1077 890 1119 quam
925 1061 1143 1112 sustinuit,
1182 1061 1402 1105 incautum
1437 1069 1570 1120 atque
1605 1061 1714 1106 obli-

237 1148 421 1178 v1osum.
