1992 3271
248 199 309 242 22
660 198 745 242 DE
776 195 978 240 BELLO
1009 195 1303 241 GALLICO.

256 326 419 371 Graecis
450 326 652 370 confectae
687 332 733 367 et
763 325 818 368 ad
846 325 1057 368 Caesarem
1087 323 1248 375 relatae,
1283 324 1442 383 quibus
1481 325 1526 369 in
1556 324 1717 368 tabulis

250 386 501 429 nominatim
540 384 653 426 ratio
689 384 882 427 confecta
912 392 1020 434 erat,
1057 384 1134 441 qui
1172 400 1373 427 numerus
1407 384 1535 427 domo
1566 384 1719 427 exisset

250 461 416 493 eorum,
453 442 529 500 qui
556 457 676 484 arma
704 442 817 485 ferre
850 451 1041 501 possent:
1086 450 1131 485 et
1167 441 1270 485 item
1304 442 1535 500 separatim
1575 442 1717 500 pueri,

249 519 380 551 senes,
418 501 716 559 mulieresque.
780 502 977 551 Quarum
1013 500 1203 543 omnium
1244 516 1389 544 rerum
1419 516 1583 544 summa
1608 509 1718 550 erat,

249 561 444 619 capitum
483 559 787 602 Helvetiorum
827 560 946 602 milia
986 558 1235 609 CCLXIII,
1273 559 1563 617 Tulingorum
1601 558 1721 610 milia

250 617 461 668 XXXVI,
483 617 823 676 Latobrigorum
835 617 987 668 XIIII,
1006 618 1304 661 Rauracorum
1319 617 1490 667 XXIII,
1513 617 1722 661 Boiorum

250 675 445 719 XXXII:
484 691 538 718 ex
571 675 651 726 his,
688 677 766 734 qui
803 693 922 719 arma
960 677 1072 719 ferre
1109 686 1295 735 possent,
1330 677 1385 719 ad
1419 676 1538 719 milia
1572 675 1717 718 XCII.

252 736 430 777 Summa
465 734 657 777 omnium
691 736 867 778 fuerunt
901 735 955 779 ad
991 735 1109 778 milia
1142 734 1478 778 CCCLXVIII.
1538 735 1720 784 Eorum,

250 794 327 851 qui
346 793 522 836 domum
555 793 791 843 redierunt,
818 810 944 837 censu
971 793 1138 843 habito,
1170 803 1222 838 ut
1243 794 1386 837 Caesar
1418 794 1721 852 imperaverat,

249 859 449 910 repertus
469 859 532 894 est
553 867 755 894 numerus
778 853 947 895 milium
968 853 1006 895 C
1029 861 1074 895 et
1093 853 1148 895 X.

309 911 381 954 30.
416 910 540 952 Bello
564 910 867 960 Helvetiorum
888 911 1098 961 confecto,
1130 911 1264 954 totius
1284 912 1373 954 fere
1396 911 1551 953 Galliae
1570 909 1720 968 legati,

249 968 466 1026 principes
493 969 734 1018 civitatum,
767 969 821 1012 ad
853 969 1066 1012 Caesarem
1106 971 1375 1027 gratulatum
1407 977 1719 1012 convenerunt:

250 1034 280 1053 ‘⁶
304 1027 561 1085 Intellegere
577 1043 679 1076 sese,
699 1028 883 1078 tametsi,
902 1045 983 1086 pro
1001 1029 1218 1072 veteribus
1239 1028 1540 1071 Helvetiorum
1558 1027 1725 1086 injuriis

251 1091 281 1110 ‘⁶
307 1085 467 1144 Populi
490 1085 690 1136 Romani,
722 1087 779 1128 ab
803 1086 852 1129 iis
884 1103 1031 1145 poenas
1052 1087 1168 1130 bello
1196 1087 1436 1146 repetisset,
1465 1096 1608 1129 tamen
1627 1102 1720 1128 eam

251 1149 280 1168 ‘⁶
304 1159 394 1186 rem
416 1159 500 1186 non
520 1144 659 1188 minus
680 1160 732 1186 ex
752 1160 833 1187 usu
854 1154 981 1188 terrae
1005 1146 1175 1195 Galliae,
1198 1162 1333 1204 quum
1357 1145 1516 1204 Populi
1538 1144 1724 1187 Romani

251 1208 281 1227 ‘⁶
303 1202 520 1244 accidisse:
563 1211 798 1261 propterea
829 1204 946 1261 quod
974 1220 1025 1247 eo
1052 1204 1229 1247 consilio
1256 1203 1562 1247 florentissimis
1592 1203 1721 1245 rebus

249 1266 279 1286 ⁶⁶
301 1260 449 1304 domos
481 1275 575 1303 suas
612 1261 803 1304 Helvetii
834 1263 1122 1320 reliquissent,
1160 1262 1226 1305 uti
1257 1263 1340 1305 toti
1371 1262 1525 1304 Galliae
1557 1261 1721 1303 bellum

248 1325 277 1343 ‘⁶
300 1319 508 1362 inferrent
548 1319 817 1377 imperioque
853 1323 1117 1378 potirentur,
1154 1321 1383 1378 locumque
1418 1319 1635 1362 domicilio
1671 1335 1725 1361 ex

249 1383 279 1402 ⁶⁶
301 1393 457 1435 magna
474 1377 600 1434 copia
616 1377 877 1434 delegerent,
899 1395 1027 1435 quem
1044 1394 1097 1419 ex
1113 1379 1226 1419 omni
1248 1379 1392 1421 Gallia
1408 1377 1722 1435 opportunissi-

250 1442 279 1460 ‘⁶
302 1451 421 1477 mum
452 1451 501 1476 ac
532 1435 917 1477 fructuosissimum
941 1435 1213 1495 judicassent,
1235 1433 1509 1492 reliquasque
1529 1434 1722 1479 civitates

250 1500 279 1518 ‘⁶
303 1492 599 1550 stipendiarias
630 1491 879 1534 haberent.'’
942 1492 1183 1541 Petierunt,
1219 1499 1247 1517 ‘⁶
1268 1493 1334 1534 uti
1374 1492 1457 1536 sibi
1492 1493 1722 1536 concilium

249 1558 278 1577 ‘⁶
303 1551 436 1593 totius
461 1550 615 1591 Galliae
633 1550 675 1591 in
696 1550 808 1592 diem
829 1559 990 1593 certam
1011 1550 1211 1600 indicere,
1229 1550 1358 1608 idque
1373 1551 1552 1594 Caesaris
1570 1552 1722 1595 volun-

250 1616 279 1635 “
303 1617 392 1651 tate
414 1609 567 1657 facere,
589 1608 756 1649 liceret:
797 1624 883 1650 sese
905 1608 1060 1651 habere
1082 1608 1286 1666 quasdam
1307 1625 1388 1659 res,
1410 1626 1516 1667 quas
1536 1626 1588 1652 ex
1608 1627 1721 1654 com-

251 1674 280 1694 “
303 1667 422 1709 muni
444 1681 648 1708 consensu
668 1666 725 1707 ab
744 1682 794 1708 eo
817 1676 963 1724 petere
980 1667 1182 1709 vellent.”
1228 1667 1292 1710 Ea
1308 1683 1355 1709 re
1373 1669 1591 1726 permissa,
1608 1669 1720 1711 diem

248 1724 429 1767 concilio
450 1725 766 1766 constituerunt
790 1734 834 1767 et
859 1725 1153 1783 jurejurando,
1176 1741 1227 1768 ne
1248 1726 1345 1783 quis
1360 1727 1622 1776 enunciaret‚
1643 1728 1721 1770 nisi

249 1783 409 1842 quibus
430 1782 644 1825 communi
665 1783 840 1826 consilio
861 1784 1109 1826 mandatum
1128 1793 1250 1834 esset,
1280 1784 1391 1828 inter
1411 1801 1454 1828 se
1474 1794 1719 1829 sanxerunt.

251 1890 379 1917 tantum
409 1885 533 1916 formas
563 1884 735 1915 literarum
766 1884 956 1916 Graecarum

252 1928 411 1970 intelligi,
422 1939 499 1959 cum
514 1927 602 1959 nihil
618 1927 831 1959 scribendum
845 1929 956 1966 fuerit,

253 1971 320 2004 nisi
352 1974 489 2003 nomina
527 1982 702 2012 pagorum,
739 1972 956 2011 familiarum,

255 2016 444 2054 hominum,
466 2022 499 2046 et
520 2022 608 2046 uota*
625 2025 857 2046 numerorum:
880 2027 956 2057 quae

254 2071 332 2091 sane
349 2065 426 2091 suut
440 2059 605 2090 vocabula
620 2059 762 2097 Gallica,
785 2059 956 2091 literarum

1017 1885 1187 1917 Gallorum
1218 1887 1443 1930 τετταράκοντα
1468 1886 1621 1931 μυριάδας,
1646 1888 1721 1920 reli-

1017 1941 1100 1971 quos
1125 1931 1217 1968 (octo
1233 1930 1326 1962 milia
1342 1930 1442 1962 fuisse
1458 1931 1556 1970 dicit)
1583 1933 1721 1964 domum

1018 1973 1163 2004 rediisse.
1210 1973 1278 2011 Qui
1302 1986 1417 2007 omnes
1440 1976 1616 2016 scriptores
1644 1987 1721 2008 cum

1019 2028 1173 2049 numeres
1196 2028 1261 2049 non
1285 2019 1417 2050 aliunde
1442 2019 1608 2060 potuerint
1632 2027 1722 2052 certa

1019 2061 1084 2091 fide
1101 2072 1312 2103 cognoscere,
1327 2073 1426 2103 quam
1443 2075 1460 2094 e
1476 2063 1612 2095 Caesaris
1628 2074 1722 2095 com-

253 2104 445 2135 Graecarum
469 2102 583 2143 figuris
607 2113 775 2144 expressa.
822 2103 884 2133 Sed
901 2104 955 2134 hic

253 2148 348 2179 locus
374 2157 445 2178 rem
470 2156 535 2177 non
559 2146 713 2177 conficit:
741 2148 956 2188 quaerendum

253 2197 324 2223 erat
349 2191 388 2221 de
404 2189 561 2221 omnibus
578 2190 673 2225 locis,
696 2190 757 2221 ubi
779 2191 814 2220 fit
830 2191 956 2222 mentio

252 2233 632 2267 literaruerraecarum
649 2233 733 2265 inter
748 2234 875 2265 Gallos.
908 2236 955 2266 Ac

254 2278 284 2310 si
300 2278 366 2309 hoc
382 2287 449 2308 uno
466 2278 542 2308 loco
557 2283 668 2317 posset
681 2277 742 2315 sic,
754 2284 789 2308 ut
805 2278 956 2319 pli-rique

254 2322 383 2359 volunt,
408 2319 535 2362 accipi,
563 2326 672 2350 tamen
704 2321 738 2351 in
766 2322 842 2352 aliis
873 2322 956 2354 locis

253 2365 354 2397 fuerit
381 2366 512 2402 durum,
536 2364 719 2405 praesertim
743 2375 818 2395 cum
835 2376 956 2403 causm,

253 2420 356 2450 quare
380 2408 429 2440 sic
447 2412 559 2448 putent
575 2407 717 2448 intelligi
733 2408 867 2447 debere,
891 2419 955 2440 non

255 2453 407 2485 sufficere
421 2452 607 2483 videantur.
633 2452 682 2482 M.

302 2497 467 2537 Confectoe.
516 2494 631 2526 Voluit
657 2505 721 2526 non
756 2504 855 2526 nemo
882 2507 957 2528 con-

252 2542 375 2582 scriptae
419 2540 545 2570 frustra.
608 2537 686 2570 Vid.
725 2537 877 2570 Oudend.
914 2542 956 2572 ad

256 2583 393 2614 Sueton.
408 2594 441 2614 v.
457 2581 594 2614 Lucani.

305 2628 437 2659 Relatoe.
469 2626 522 2658 Sic
537 2626 635 2658 codd.
650 2626 751 2667 vulgo
760 2628 897 2668 perlatae
912 2628 955 2659 al.

251 2670 379 2702 delatae.

302 2715 442 2745 Summa
480 2716 627 2745 omnium
864 2716 957 2746 milia

258 2756 529 2789 CCCLXVIII.
575 2757 639 2788 Sed
667 2758 810 2788 multum
834 2757 957 2788 variant

254 2799 432 2839 scriptores
448 2800 479 2830 in
497 2801 560 2832 hoc
577 2811 724 2832 numero.
760 2801 956 2832 Plutarchus

255 2842 288 2874 in
315 2842 398 2875 Caes.
419 2853 449 2873 c.
470 2846 517 2881 18,
542 2846 699 2887 τριάκοντα
721 2843 860 2888 μυριάδας
880 2845 957 2876 Gal-

255 2887 364 2919 lorum
381 2885 480 2918 fuisse
495 2887 594 2919 dicit:
627 2889 800 2929 Polyaenus
822 2888 854 2919 in
876 2894 957 2920 stra-

252 2935 376 2971 tegem.
397 2933 429 2965 8,
445 2934 497 2962 23.
521 2931 598 2962 ὀκτὼ
618 2931 758 2975 μυριάδας
785 2932 956 2963 Helvetio-

251 2984 345 3007 rumt
370 2973 499 3013 Strabo,
520 2976 552 3014 4,
577 2986 610 3017 p.
626 2976 680 3007 93.
699 2975 842 3018 periisse
857 2976 956 3009 refert

1019 2105 1198 2143 meminus,
1215 2112 1248 2136 et
1264 2113 1371 2137 tamen
1390 2113 1560 2148 tantopere
1576 2107 1720 2139 varient:

1019 2148 1176 2189 sequitur,
1192 2149 1241 2181 uti
1251 2150 1466 2182 Casaubonus
1475 2152 1516 2182 ad
1526 2151 1721 2183 Strabonem

1018 2192 1147 2223 monuit
1170 2199 1203 2223 et
1226 2204 1277 2224 res
1301 2194 1545 2235 ipsa‘declarat,
1569 2195 1720 2226 librarios

1018 2246 1159 2267 errorem
1172 2236 1400 2276 introduxisse,
1410 2237 1557 2270 confusis
1568 2238 1721 2269 turbatis-

1018 2291 1095 2320 que,
1119 2291 1328 2312 numerorum
1344 2281 1442 2313 notis.
1468 2283 1517 2312 M.
1563 2282 1645 2313 Mox
1661 2293 1720 2324 pto

1010 2324 1151 2364 fuerunt
1167 2324 1222 2355 alii
1232 2325 1381 2365 fuerant,
1393 2326 1518 2365 fuerat.

1067 2369 1094 2398 C
1119 2373 1147 2399 et
1179 2370 1222 2399 X.
1277 2369 1507 2400 Hotomannus
1550 2380 1720 2410 perperam

1020 2410 1128 2441 CXX.
1142 2411 1282 2452 reponit.
1324 2412 1363 2443 V.
1381 2413 1467 2444 Rob.
1478 2412 1605 2444 Titium
1617 2413 1720 2445 locor.

1020 2460 1123 2485 contr.
1144 2457 1172 2493 l,
1193 2458 1241 2487 18.

1068 2500 1194 2530 Heln-et.
1208 2501 1336 2540 injuriis
1352 2500 1431 2541 Pop.
1449 2501 1544 2532 Rom.
1567 2511 1649 2541 quas
1672 2499 1722 2531 in-

1017 2541 1118 2581 jurias
1150 2543 1297 2574 Helvetii
1327 2543 1474 2574 fecerunt
1513 2544 1643 2585 Populo
1676 2545 1720 2576 R.

1022 2584 1073 2616 Sic
1098 2591 1132 2616 et
1163 2597 1193 2617 c.
1217 2589 1270 2618 20.
1297 2589 1422 2627 injuria
1446 2588 1639 2629 reipublicae.
1671 2588 1720 2619 M.

1022 2628 1074 2660 Sic
1092 2635 1125 2660 et
1140 2630 1277 2671 exponit
1293 2630 1426 2662 Graecus
1443 2630 1612 2674 interpres.
1652 2630 1719 2662 Alii

1020 2672 1134 2710 legunt
1165 2675 1309 2715 Populus
1339 2675 1520 2707 Romanus.
1578 2675 1641 2706 Sed
1670 2685 1721 2705 re-

1020 2722 1139 2753 guntur
1159 2716 1320 2749 interdum
1344 2718 1410 2748 duo
1433 2717 1570 2760 genitivi
1593 2718 1637 2749 ab
1656 2729 1720 2749 uno

1020 2759 1224 2791 substantivo
1254 2760 1495 2803 significatione
1519 2761 1658 2793 diversa.
1687 2772 1720 2792 v.

1021 2802 1143 2834 Sanctii
1161 2804 1247 2836 Min.
1263 2809 1294 2842 2,
1320 2806 1350 2835 3.
1368 2816 1401 2846 p.
1423 2807 1493 2836 17⁷.
1513 2812 1546 2836 et
1561 2805 1609 2836 ibi
1629 2805 1720 2836 Peri-

1020 2856 1093 2877 zon.
1112 2846 1191 2879 item
1206 2850 1295 2889 apud
1318 2855 1463 2880 nostrum
1479 2852 1511 2888 2,
1532 2851 1581 2880 17.
1606 2852 1637 2887 3,
1654 2852 1685 2880 8.

1072 2891 1180 2924 Terra?
1213 2894 1339 2924 Gallice.
1370 2898 1407 2924 ut
1435 2891 1563 2924 Hirtius
1585 2892 1619 2924 b.
1648 2892 1718 2924 Afr.

1019 2938 1117 3010 ΐῖιέἑᾳε
1149 2935 1275 2978 Africae.
1307 2936 1446 2975 Gellius,
1469 2939 1501 2976 3,
1524 2938 1556 2969 8.
1578 2938 1718 2970 interra

1041 2983 1052 3009 ί
1088 2988 1141 3010 lae.
