1946 3261
588 210 705 256 LIB.
739 211 843 257 VII.
907 210 1045 256 CAP.
1075 211 1264 257 21-23.
1581 211 1660 257 179

179 336 297 381 modi
322 340 551 384 Gallorum
579 341 880 391 occurrebant,
915 347 944 366 “
967 347 1018 382 ut
1038 348 1102 382 est
1122 356 1295 384 summae
1317 354 1449 399 genus
1466 337 1654 384 solertiae

180 404 210 423 “
233 406 366 455 atque
387 400 441 443 ad
463 400 603 443 omnia
625 400 829 443 imitanda
851 409 981 457 atque
1002 399 1238 449 efficienda,
1270 415 1365 456 quae
1392 399 1448 442 ab
1477 415 1654 458 quoque

182 464 211 482 “
235 458 481 508 tradantur,
502 459 812 516 aptissimum.'’
852 459 965 501 Nam
986 466 1030 499 et
1051 457 1217 514 laqueis
1239 458 1366 500 falces
1379 458 1653 509 avertebant,

179 531 286 572 quas
302 532 435 573 quum
455 518 792 566 destinaverant,
813 516 1035 560 tormentis
1055 516 1267 559 introrsus
1288 517 1580 564 reducebant:
1611 526 1658 560 et

177 590 382 631 aggerem
402 576 610 618 cuniculis
638 576 968 625 subtrahebant,
999 591 1050 618 eo
1076 574 1294 623 scientius,
1316 575 1439 631 quod·
1449 576 1565 634 apud
1585 591 1659 620 eos

178 648 343 691 magnae
363 642 464 676 sunt
484 635 690 684 ferrariae,
721 643 852 692 atque
883 650 1005 678 omne
1030 649 1165 692 genus
1187 633 1486 675 cuniculorum
1505 644 1658 678 notum

175 699 308 748 atque
338 693 545 735 usitatum
583 701 660 735 est.
723 694 884 737 Totum
917 701 1063 735 autem
1093 708 1267 734 murum
1297 707 1349 733 ex
1383 691 1498 734 omni
1530 702 1659 751 parte

177 750 373 793 turribus
401 752 788 795 contabulaverant
815 761 948 810 atque
975 751 1049 794 has
1070 751 1198 794 coriis
1219 750 1479 793 intexerant.
1543 751 1658 794 Tum

177 809 338 851 crebris
370 810 536 853 diurnis
567 812 872 868 nocturnisque
900 810 1200 869 eruptionibus
1225 818 1302 852 aut
1334 809 1486 867 aggeri
1512 810 1657 868 ignem

175 867 433 919 inferebant,
462 877 537 911 aut
570 870 726 912 milites
757 878 990 929 occupatos
1018 869 1060 911 in
1083 885 1213 927 opere
1232 867 1573 917 adoriebantur;
1615 873 1661 911 et

174 935 418 970 nostrarum
460 928 649 971 turrium
689 929 981 978 altitudinem,
1020 936 1232 986 quantum
1269 926 1343 969 has
1379 926 1661 984 quotidianus

174 1002 309 1044 agger
331 997 614 1045 expresserat,
638 989 866 1031 commissis
895 1003 1069 1030 suarum
1090 987 1279 1030 turrium
1300 985 1437 1036 malis,
1459 986 1658 1044 adaequa·-

175 1045 311 1093 bant3
350 1054 394 1088 et
420 1055 596 1104 apertos
627 1047 847 1090 cuniculos
878 1055 1064 1106 praeusta
1090 1055 1135 1089 et
1164 1052 1382 1105 praeacuta
1409 1045 1591 1088 materia
1611 1051 1659 1087 et

176 1103 271 1162 pice
292 1104 531 1148 fervefacta
550 1114 594 1148 et
615 1106 789 1148 maximi
812 1106 1014 1165 ponderis
1041 1105 1152 1148 saxis
1172 1104 1486 1155 morabantur‚·
1508 1104 1656 1148 moeni-

177 1163 345 1220 busque
366 1164 721 1223 adpropinquare
744 1165 1053 1223 prohibebant.

233 1222 304 1264 23.
348 1231 377 1250 “
401 1224 546 1266 Muris
564 1233 708 1267 autem
730 1224 929 1268 omnibus
953 1222 1134 1267 Gallicis
1161 1220 1251 1266 haec
1281 1222 1371 1266 fere
1404 1223 1546 1267 forma
1576 1230 1642 1266 est

226 1401 371 1442 Laqueis
396 1401 502 1441 falces
539 1401 746 1438 avertebant,
782 1400 885 1431 falces

180 1445 326 1476 murales
342 1444 388 1483 (v.
408 1446 481 1476 lnd.
498 1445 632 1485 infalw)
650 1444 779 1486 laqueis
789 1445 886 1485 capi-

182 1495 240 1520 unt
264 1489 401 1530 (Veget.
417 1490 457 1519 de
478 1500 512 1520 re
534 1489 608 1520 mil.
638 1492 669 1522 4.
694 1492 762 1527 2²3).
787 1495 818 1519 ct
837 1488 884 1519 sic

181 1539 338 1564 avertunt
353 1543 373 1564 a
388 1544 497 1572 muro,
515 1543 557 1564 ne
569 1533 601 1564 ei
618 1533 808 1573 infigantur.
836 1533 885 1563 M.

226 1579 501 1613 Destinat-eram,
546 1578 665 1617 laqueo
704 1577 887 1617 prehensas

180 1620 343 1662 figebant,
367 1621 525 1652 immotas
550 1620 721 1656 tenebant,
743 1630 784 1652 ne
808 1630 887 1660 pos-

180 1671 252 1696 sent
281 1676 377 1696 muro
402 1664 539 1696 inmitti.
563 1676 595 1696 v.
621 1665 691 1695 Ind.
727 1665 776 1695 M.
831 1663 885 1695 Sic

181 1708 268 1740 bene
291 1709 467 1741 Turnebus
491 1709 576 1740 Adv.
597 1710 646 1743 14.
673 1710 724 1739 11.
748 1713 780 1739 et
801 1709 887 1739 Vos-

186 1752 256 1784 sius
271 1754 313 1784 ad
333 1754 367 1784 h.
386 1754 409 1784 l.
465 1754 516 1785 Eo
533 1753 616 1784 facit
636 1752 810 1784 Vitruvius
837 1755 887 1791 10,

186 1798 238 1828 12.
262 1798 603 1829 arem—destinaram
613 1799 769 1838 firmiter.
803 1796 885 1838 Lip-

182 1840 251 1872 sius
280 1848 394 1873 contra
417 1842 553 1873 volebat
579 1842 811 1873 ‹Iis-firmemur.
835 1841 885 1871 in-

181 1885 258 1917 vitis
269 1886 476 1918 membranis
485 1887 658 1923 audacter,
669 1886 759 1926 quod
774 1886 885 1926 placet

181 1935 213 1960 et
230 1931 449 1961 Hotomanno
467 1941 527 1971 pro
544 1935 745 1961 (tr-erieram.

232 1975 428 2006 Tor-menta.
449 1985 491 2005 an
524 1974 687 2005 contortis
720 1973 882 2006 funibus?

180 2017 232 2049 Cf.
258 2018 399 2050 omnino
416 2020 457 2049 de
476 2019 514 2049 B.
529 2018 604 2049 Civ.
621 2021 653 2055 3,
669 2019 701 2048 9.
724 2018 884 2059 proeseclis

179 2073 210 2093 m
218 2064 360 2093 alierum
375 2063 525 2094 minibus
540 2068 704 2094 tormenta
715 2062 881 2101 fecerunt.

179 2106 296 2137 Florus
315 2110 346 2143 2,
366 2110 414 2140 15,
435 2109 484 2138 10.
508 2108 661 2137 mulieres·
682 2109 789 2138 rrinex
807 2117 882 2137 suos

175 2154 212 2181 in
243 2152 477 2183 [ormenlorzmz
504 2152 636 2181 rimula
661 2151 882 2182 consulerunt.

178 2195 228 2226 M.
287 2196 384 2226 Adde
416 2196 550 2226 Petron.
588 2205 666 2235 cap.
702 2196 773 2225 10¹2.
810 2197 880 2225 sine

175 2243 416 2271 tormentorum
450 2241 588 2281 injuria.
650 2237 795 2275 Quintil.
822 2239 882 2268 de-

178 2283 278 2314 clam.
305 2285 356 2314 19.
379 2289 542 2315 tormenta
571 2285 699 2313 lrm‘mv'.
746 2282 882 2313 (iratius

176 2337 293 2367 cyneg.
318 2339 350 2359 v.
384 2330 438 2358 243,
475 2332 633 2359 tormento
663 2327 882 2367 adstrinqere.

178 2371 289 2402 Plaut.
307 2371 440 2403 Curcul.
458 2377 489 2410 Ξ,
511 2375 539 2410 l,
561 2373 610 2402 12.
632 2376 790 2402 tormento
814 2381 882 2401 non

174 2419 282 2455 720(th
297 2418 429 2447 retineri
437 2417 558 2456 ferreo.

224 2461 387 2500 Aqqerem
424 2461 589 2491 cuniculis
628 2459 882 2497 subtrahebant,

180 2503 347 2534 cuniculis
364 2504 475 2535 ductis
490 2503 696 2539 efficiebant,
713 2508 749 2533 ut
770 2513 883 2543 agger,

182 2547 272 2578 basis
288 2547 442 2586 turrium,
464 2548 653 2579 subsideret
670 2546 883 2587 turribusque

180 2591 350 2633 impositis
367 2592 625 2624 subtraheretur.
652 2591 701 2622 M.

226 2639 396 2667 Ferraria*
411 2636 578 2675 (fodinze).
626 2637 716 2667 Idem
738 2635 885 2667 narravit

180 2691 280 2722 supra
298 2684 328 2719 3,
347 2683 400 2711 91.
425 2682 474 2711 M.

230 2725 392 2756 Turribus
415 2724 723 2756 contabulaverant.
779 2721 884 2760 Quid,

179 2767 224 2799 sit
249 2769 469 2801 coambulare
497 2774 617 2803 turres,
644 2766 716 2797 vid.
748 2766 783 2797 in
813 2767 884 2798 Ind.

180 2811 242 2843 Sed
259 2824 395 2844 murum
415 2813 631 2844 contabulare
644 2811 795 2843 turribus
816 2811 884 2841 for-

180 2862 266 2888 tasse
297 2857 478 2899 significat,
514 2855 616 2887 aliam
657 2865 746 2896 pone
778 2854 883 2886 aliam

180 2900 300 2932 turrim
324 2912 449 2943 ponere
478 2901 567 2932 circa
597 2909 740 2937 murum,
777 2904 813 2929 ut
842 2909 885 2929 ex

179 2945 281 2976 unius
306 2946 460 2977 tabulato
486 2943 619 2976 transiri
645 2943 753 2985 possit
777 2943 810 2974 in
835 2943 886 2974 al-

180 2988 283 3021 terius
299 2990 503 3029 tabulatum,
520 2989 628 3031 sitque
644 2987 737 3020 circa
752 2998 884 3021 murum

952 1404 1062 1430 totum
1079 1399 1325 1441 propemodum
1341 1397 1541 1432 continuum
1559 1399 1660 1433 tabu-

954 1444 1078 1475 latum:
1118 1453 1187 1475 uno
1210 1444 1330 1482 verbo,
1361 1444 1493 1484 cingere
1523 1452 1660 1488 mptum

953 1487 1181 1519 contabulatis
1192 1487 1351 1518 turribus.
1362 1488 1539 1529 Metaphr.
1551 1488 1660 1526 Grae'c.

955 1531 1081 1575 ’πύργοιςΧ
1101 1531 1272 1575 ἐπύργωσαν
1288 1534 1347 1561 πᾶν
1364 1532 1397 1562 ινδ
1413 1534 1529 1572 τεῖχος.
1555 1533 1605 1564 Μ.

1001 1578 1136 1616 Αῃῃρτί.
1182 1576 1233 1606 An
1252 1576 1355 1614 vallo,
1369 1586 1436 1616 quo
1452 1576 1657 1617 cingebatur

954 1619 1054 1650 urbs?
1101 1619 1270 1659 bletaphr.
1286 1619 1345 1650 Gr.
1360 1619 1535 1662 σταύρωμα.
1547 1621 1609 1657 st!-

1001 1665 1112 1705 Ayyer
1127 1663 1361 1705 quotidianus,
1374 1669 1504 1694 tantum
1515 1663 1661 1705 aggeris,

952 1713 1114 1748 quantum
1128 1706 1281 1748 quotidie
1296 1707 1497 1749 egerebatur
1510 1719 1537 1740 s·
1551 1708 1661 1750 jacie-

954 1752 1063 1783 batur.
1088 1752 1139 1782 M.

999 1797 1114 1837 Aqqer
1129 1797 1284 1837 exprimi!
1299 1799 1418 1834 turres,
1438 1806 1552 1838 agger,
1567 1796 1661 1829 basis

952 1839 1108 1877 turrium,
1132 1850 1268 1880 surgens
1291 1839 1387 1877 (dum
1412 1840 1513 1872 altior
1537 1841 1569 1872 in
1585 1839 1658 1873 dies

951 1884 987 1915 fit.
1003 1890 1113 1924 egesta
1132 1885 1260 1926 majore
1276 1883 1379 1923 copia
1391 1886 1501 1923 terrae)
1517 1885 1610 1924 facit,
1622 1891 1659 1917 ut

952 1934 984 1959 et
1000 1935 1105 1959 turres
1128 1933 1263 1970 surgant
1284 1927 1438 1965 (altiores
1460 1928 1565 1968 fiant).
1605 1930 1657 1960 M.

951 1972 1005 2004 Sic
1023 1976 1210 2014 exprimere
1223 1978 1274 2003 est
1296 1972 1501 2004 contrarium
1525 1973 1579 2004 τοῦ
1598 1973 1657 2005 de-

948 2020 1107 2059 primore.

997 2062 1089 2092 Mali
1101 2061 1247 2093 turrium
1264 2061 1526 2100 committuntur,
1545 2060 1659 2093 trabes·

951 2104 1135 2145 long-iores,
1149 2103 1275 2144 quibus
1291 2109 1444 2136 constare
1461 2105 1571 2136 solent
1587 2110 1659 2136 tur·

950 2159 1016 2185 res,
1034 2147 1355 2189 superimponuntur
1377 2148 1481 2180 altera
1502 2148 1600 2180 alteri
1623 2155 1659 2181 et

953 2193 1178 2233 conligamus,
1189 2197 1336 2232 utquam
1349 2191 1554 2234 longissimae
1565 2193 1658 2227 fiant.

950 2238 1001 2268 M.
1557 2243 1559 2245 ’

995 2283 1021 2312 Α
1024 2285 1134 2322 percos
1178 2281 1347 2311 cuniculos
1361 2297 1406 2303 -
1420 2282 1657 2320 morabantur,

947 2331 1143 2366 aperturam
1174 2334 1231 2355 seu
1263 2323 1391 2356 exitum
1422 2325 1574 2358 cuniculi
1604 2337 1657 2357 re-

949 2369 1089 2410 plebant
1119 2374 1153 2400 et
1175 2368 1395 2401 obstruebant
1411 2369 1528 2402 multis
1542 2370 1655 2409 rebus,

950 2414 1044 2445 etsie
1060 2411 1278 2445 morabantur
1301 2412 1428 2452 hostes,
1452 2425 1492 2445 ne
1518 2419 1656 2455 possent

949 2458 1052 2489 adire.
1081 2458 1127 2489 Ut
1146 2456 1173 2488 si
1190 2456 1315 2495 dicam,
1331 2458 1463 2490 hiatum
1479 2461 1569 2490 amri
1582 2469 1655 2489 mo-

949 2513 1017 2541 ror,
1035 2502 1068 2533 in
1085 2501 1180 2533 hiatu
1198 2501 1287 2532 antri
1301 2511 1394 2542 pono
1406 2501 1548 2542 aliquid,
1561 2502 1652 2542 quod

951 2546 1081 2588 ingredi
1097 2553 1155 2577 aut
1168 2544 1280 2586 egredi
1294 2545 1442 2577 volentes
1459 2552 1606 2577 moratur
1620 2550 1654 2577 et

954 2590 1108 2632 impedit.
1133 2590 1182 2620 M.
1238 2588 1400 2620 Ceterum
1424 2594 1534 2621 totum
1562 2589 1652 2621 hunc

952 2635 1069 2666 locum
1085 2633 1243 2665 mutilum
1262 2632 1379 2664 statuit
1396 2634 1421 2663 Ι.
1437 2633 1477 2664 C.
1495 2633 1539 2663 H.
1556 2643 1653 2664 eum-

949 2689 1015 2720 que
1030 2679 1078 2710 sic
1096 2677 1225 2717 refingit
1239 2689 1246 2707 :
1263 2682 1456 2709 nostrarum
1465 2682 1550 2709 lw-r.
1568 2678 1656 2709 alm.

949 2729 990 2761 et,
1018 2728 1186 2765 quantmn
1213 2723 1297 2752 inter
1327 2723 1388 2752 has
1410 2721 1536 2762 quotid.
1558 2722 1656 2753 labor

951 2778 1111 2808 ayqerem
1125 2770 1274 2796 ἕνεκεν-(11
1295 2764 1445 2802 (Graecus
1460 2764 1565 2795 habet
1587 2766 1656 2796 ἄνυ-

952 2812 1042 2851 ψοῦν)
1085 2810 1245 2842 cuniculis
1277 2818 1482 2850 samumque
1508 2812 1657 2842 tum-ium

950 2857 1050 2887 ‘malis
1081 2854 1121 2893 (i.
1153 2863 1183 2883 e.
1216 2852 1364 2892 damnis)
1392 2853 1596 2885 dit-amabant
1623 2859 1656 2886 e't

952 2903 1075 2941 apertis
1110 2897 1282 2935 canimus,
1315 2899 1495 2940 vineasque
1522 2902 1657 2931 nostrae

948 2948 1097 2986 praeusta
1112 2946 1177 2975 etc.

1406 3030 1474 3063 ΝΞ
