1946 3261
236 222 323 264 454
466 223 521 264 A.
557 218 759 263 HIRTH
794 218 877 260 DE
909 217 1111 260 BELLO
1146 218 1462 263 ALEXAND.

290 348 358 390 67.
395 347 539 394 Quum
567 344 745 402 propius
776 343 962 385 Pontum
991 342 1180 398 finesque
1204 343 1498 401 Gallograeciae
1516 344 1705 387 accessis-

229 413 309 455 set,
349 403 578 447 Deiotarus
617 401 868 443 Tetrarches
904 401 1199 458 Gallograeeiae
1235 410 1340 443 tunc
1375 401 1550 458 quidem
1585 418 1704 459 paene

229 464 374 513 totius,
400 461 518 516 quod
539 460 575 502 ei
599 476 737 518 neque
760 460 944 517 legibus,
972 474 1110 516 neque
1142 459 1334 503 moribus
1355 476 1597 502 concessum
1617 476 1704 502 esse

227 520 358 562 ceteri
393 518 642 561 Tetrarchae
675 519 1002 566 contendebant,
1037 517 1125 559 sine
1159 517 1292 560 dubio
1325 527 1468 561 autem
1503 518 1600 560 Rex
1620 518 1705 560 Ar-

226 578 374 620 meniae
393 577 565 620 minoris
585 577 641 619 ab
665 578 829 619 Senatu
851 576 1109 633 adpellatus,
1133 575 1339 633 depositis
1362 576 1509 635 Regiis
1530 576 1704 634 insigni-

227 637 323 686 bus,
346 652 485 692 neque
506 643 675 677 tantum
697 635 870 693 privato
892 634 1066 685 vestitu,
1099 633 1173 676 sed
1192 635 1321 677 etiam
1340 650 1514 677 reorum
1534 634 1701 684 habitu,

225 695 408 751 subplex
430 693 487 736 ad
506 694 718 736 Caesarem
734 694 867 746 venit,
884 701 1072 742 oratum,
1098 701 1126 719 ‘⁶
1145 700 1196 735 ut
1213 693 1293 736 sibi
1312 693 1566 751 ignosceret,
1581 693 1701 750 quod

229 759 259 778 ‘⁶
284 753 328 794 in
348 769 398 795 ea
420 760 544 810 parte
566 752 729 809 positus
759 760 992 800 terrarum,
1026 767 1122 808 quae
1151 752 1272 794 nulla
1299 752 1492 809 praesidia
1525 752 1704 794 Caesaris

226 818 255 837 “
279 810 510 860 habuisset,
543 810 800 853 exercitibus
834 810 1110 868 imperiisque
1143 810 1186 853 in
1219 811 1299 853 Cn.
1328 810 1520 867 Pompeii
1555 810 1703 852 castris

226 877 256 895 ‘⁶
280 869 446 912 fuisset:
480 885 618 925 neque
638 869 751 911 enim
777 885 820 911 se
847 869 1034 926 judicem
1063 868 1258 911 debuisse
1286 885 1373 910 esse
1394 868 1703 911 controversia-

226 934 256 954 “
279 943 375 970 rum
397 928 551 985 Populi
567 927 765 977 Romani,
784 927 856 969 sed
878 943 1030 985 parere
1051 926 1329 984 praesentibus
1350 926 1586 984 imperiis.”

240 1019 243 1023 .
284 986 353 1028 68.
389 986 554 1028 Contra
586 1002 715 1044 quem
746 987 888 1028 Caesar
921 1002 1056 1043 quum
1079 994 1108 1011 ‘⁶
1129 985 1316 1043 plurima
1343 1002 1419 1027 sua
1447 1000 1702 1028 commemo-

224 1051 255 1070 “
279 1053 411 1087 rasset
444 1045 597 1094 officia,
631 1061 726 1101 quae
758 1045 921 1086 Consul
951 1045 989 1086 ei
1019 1044 1203 1086 decretis
1236 1044 1421 1102 publicis
1454 1044 1700 1091 tribuisset;

225 1110 254 1128 ‘⁶
277 1119 499 1160 quumque
519 1103 806 1144 defectionem
836 1103 926 1159 ejus
957 1103 1119 1145 nullam
1151 1118 1270 1159 posse
1300 1102 1615 1145 excusationem
1637 1101 1699 1143 in-

225 1167 254 1187 “
276 1161 514 1218 prudentiae
550 1162 741 1218 recipere
782 1161 1063 1218 coarguisset;
1108 1160 1226 1218 quod
1266 1161 1392 1204 homo
1429 1169 1562 1202 tantae
1597 1175 1700 1217 pru-

224 1224 255 1246 ‘⁶
276 1219 430 1261 dentiae
450 1235 497 1261 ac
517 1218 754 1276 diligentiae
774 1220 879 1262 scire
903 1220 1125 1271 potuisset,
1154 1219 1248 1276 quis
1268 1220 1419 1261 urbem
1442 1218 1700 1274 Italiamque

226 1285 255 1304 ‘⁶
278 1285 466 1326 teneret;
513 1277 589 1319 ubi
629 1278 812 1320 Senatus
855 1274 1136 1335 populusque
1181 1277 1415 1325 Romanus,
1454 1276 1529 1317 ubi
1567 1275 1698 1333 Resp.

224 1418 340 1444 autem
356 1412 604 1448 Ariobarxanis,
622 1412 931 1451 Ariarathi,-qttum

226 1473 270 1478 -—
286 1461 433 1494 terreret,
458 1456 617 1486 culm-ibuit
638 1455 838 1495 (quosdam:
875 1453 929 1484 hic

225 1499 323 1530 deleo
352 1499 492 1530 verbum
525 1499 759 1533 Ariobarzani)
790 1500 847 1539 qm'
869 1498 929 1527 sub

226 1560 270 1565 —
299 1548 403 1574 essent
431 1545 508 1583 (pro
538 1543 645 1578 esser).
701 1542 789 1582 Ergo
819 1542 931 1572 Caesar

227 1586 395 1618 Ariarathi
410 1587 572 1627 quasdam
590 1586 688 1617 urbes
703 1585 877 1621 adtribuit,
893 1590 927 1615 ut

226 1636 258 1661 et
276 1630 348 1671 ipse
364 1630 493 1670 aliquid
511 1630 661 1667 haberet,
676 1640 770 1667 neve,
787 1629 850 1659 etsi
869 1629 930 1659 ha-

226 1674 321 1705 beret
345 1674 400 1715 jus
428 1672 665 1710 successionis,
695 1678 771 1703 ante
798 1678 930 1712 tempus

226 1722 375 1758 captaret
390 1717 561 1758 Regnum;
585 1726 660 1754 neu,
674 1715 702 1746 si
714 1715 929 1746 Ariobarzani

226 1760 323 1791 heres
340 1760 428 1791 filius
451 1765 548 1791 natus
564 1765 663 1797 esset,
687 1759 765 1790 huic
790 1759 929 1790 insidias

227 1810 365 1835 strueret
383 1804 586 1834 Ariarathes.
632 1803 687 1834 Sic
703 1807 736 1834 et
756 1803 842 1833 bene
860 1813 930 1833 me-

225 1847 309 1879 ritus
324 1848 375 1879 vir
390 1847 568 1889 przemium
585 1847 675 1885 tulit,
689 1852 732 1884 et,
747 1846 826 1888 quia
842 1846 930 1883 tulit,

223 1892 396 1931 quiescere
438 1891 560 1932 potuit.
594 1891 642 1921 M.
687 1890 835 1921 Meretur
874 1890 928 1920 hie

225 1934 334 1965 audiri
361 1934 525 1968 Jurinius.
549 1934 689 1965 Collatis
711 1934 839 1974 quippe
854 1933 927 1965 Cic.

225 1988 282 2018 ep.
300 1979 342 2009 ad
359 1979 438 2009 Div.
458 1981 507 2016 15,
523 1982 555 2009 2.
573 1984 606 2008 et
623 1977 714 2008 Phil.
732 1982 763 2016 2,
785 1980 837 2008 37.
862 1977 929 2016 legi

225 2023 359 2052 suadet:
401 2024 518 2053 Fratri
548 2033 570 2053 a
602 2022 712 2053 Ariob.
747 2022 931 2057 Ariaratlzi,

226 2075 330 2105 quum
343 2083 387 2087 -—
404 2071 492 2103 esset,
520 2076 562 2096 ne
590 2071 648 2097 aut
668 2082 711 2087 —-
727 2067 930 2103 sollicitaret,

225 2114 284 2140 aut
311 2111 345 2140 Ιι.
364 2110 405 2140 R.
426 2114 559 2140 terreret
578 2110 848 2142 Ariobarzanem.
868 2110 930 2139 Ar-

226 2152 374 2182 &neniam
392 2155 553 2183 minorem
570 2153 741 2185 adtribuit.
765 2163 842 2193 quae
865 2158 929 2184 ete.

227 2193 391 2226 Cellarius
415 2197 457 2226 ad
481 2196 651 2232 vulgatum
681 2197 789 2226 adfert
816 2197 928 2227 locum

227 2249 268 2269 ex
297 2239 335 2269 G.
360 2241 392 2276 7,
419 2241 473 2270 90.
515 2239 658 2269 Labieno
690 2240 737 2269 M.
776 2241 931 2280 Sempro-

225 2284 321 2313 m'um
337 2283 534 2314 adtribui-sse
551 2281 685 2320 dicitur,
703 2293 818 2323 parum
836 2293 930 2314 com-

226 2326 337 2357 mode.

275 2370 459 2410 Inceptum.
508 2368 742 2408 Aliicoeptmn.

273 2415 464 2444 Deiotarus.
509 2412 559 2443 Cf.
578 2424 609 2443 c.
628 2415 680 2443 34.
705 2414 753 2443 M.

274 2459 378 2488 Cetera?
397 2458 599 2494 Tetrarchae,
623 2457 822 2496 Pompeius.
838 2457 928 2489 victo

225 2501 440 2537 Mithridate,
485 2500 744 2541 Gallograeciam
787 2507 929 2541 quatuor

225 2544 416 2575 Tetrarchis
441 2543 612 2574 distribuit
637 2543 797 2584 (Appian.
821 2544 930 2574 Mith-

226 2587 323 2619 ridat.
340 2599 370 2619 c.
390 2590 460 2619 114.
482 2599 516 2628 p.
530 2588 620 2625 2251),
638 2588 670 2618 in
689 2588 740 2618 his
757 2587 928 2627 Deiotaro,

227 2632 281 2662 cui
310 2632 416 2672 plura,
443 2642 543 2672 quam
567 2631 699 2668 ceteris,
728 2631 928 2671 adsignavit,

225 2681 421 2706 enumerata
439 2685 499 2715 per
515 2681 624 2715 partes
644 2686 662 2705 a
681 2675 842 2705 Strabone
859 2676 931 2713 (12.

228 2729 262 2758 p.
277 2720 367 2757 547),
385 2725 420 2749 ut
434 2719 518 2749 adeo
536 2718 641 2749 ceteri
657 2719 817 2759 querendi
834 2729 928 2749 caus-

227 2772 297 2792 sam
328 2773 360 2792 se
388 2762 512 2793 habere
542 2761 785 2792 existimarent.
829 2762 928 2793 Cf.c.

227 2806 280 2835 78.
305 2807 354 2836 M.

273 2850 478 2881 Eva-ritibus
522 2851 746 2892 imperiisque.
814 2849 929 2881 Monet

228 2892 317 2923 Oud.
343 2892 575 2925 Marclandum
607 2893 640 2925 in
667 2893 766 2935 epist.
793 2893 868 2926 crit.
893 2905 929 2936 p.

1002 1414 1060 1443 1¹29
1086 1412 1265 1452 legendum
1295 1410 1479 1449 censuisse,
1509 1413 1700 1452 excitusque

997 1458 1156 1495 imperils,
1203 1456 1237 1485 h.
1270 1466 1299 1485 e.
1337 1460 1499 1486 evocatus
1541 1454 1702 1495 Pompeii

993 1498 1107 1539 jussu3
1140 1505 1172 1530 et
1200 1499 1284 1530 hanc
1313 1499 1539 1539 conjecturam
1567 1498 1700 1539 probat.

998 1543 1110 1573 Probo
1137 1548 1171 1574 et
1200 1543 1290 1583 ipse:
1323 1549 1356 1573 et
1381 1542 1519 1573 fortasse
1539 1542 1699 1583 adjuvant

995 1596 1083 1623 eam,
1098 1597 1173 1627 quae
1199 1586 1231 1617 in
1249 1586 1322 1617 Cic.
1341 1587 1491 1616 Oiatione
1508 1596 1568 1626 pro
1585 1585 1701 1617 Deiot.

996 1640 1026 1660 c.
1041 1633 1059 1660 4
1075 1636 1106 1660 et
1123 1634 1140 1660 5
1154 1630 1319 1671 leguntur.
1365 1631 1463 1661 Certe
1480 1630 1614 1670 vulgata
1629 1630 1699 1660 lec-

994 1673 1043 1703 tio
1070 1680 1155 1704 stare
1177 1685 1241 1704 non
1272 1679 1392 1715 potest.
1420 1675 1470 1704 M.
1516 1672 1700 1704 Ju1-in.ha-

995 1717 1152 1748 riolatur:
1187 1719 1359 1749 arcessitus
1385 1717 1609 1758 equithztsque
1635 1719 1700 1747 im-

992 1763 1129 1801 perarLs·.

1043 1806 1217 1845 Quumque
1231 1804 1450 1844 deffensionem
1467 1819 1508 1824 —-
1524 1806 1700 1844 marquis-

995 1852 1053 1877 set.
1093 1847 1250 1878 Ostendit
1265 1847 1378 1878 Caesar
1395 1847 1567 1885 Deiotaro,
1583 1847 1698 1878 defen-

995 1890 1136 1928 sionem,
1164 1902 1229 1932 qua
1257 1901 1343 1922 nunc
1371 1896 1481 1921 utatur
1507 1890 1700 1929 Deiotarus,

996 1944 1060 1965 non
1079 1934 1229 1975 recipere
1247 1934 1456 1973 (admittere)
1480 1945 1579 1974 posse
1595 1945 1700 1965 excu-

997 1979 1160 2009 sationem
1184 1978 1420 2018 inprudentiae,
1444 1987 1509 2008 non
1527 1989 1626 2018 posse
1640 1979 1699 2009 ad-

997 2022 1129 2053 mittere
1154 2022 1232 2059 hoc,
1260 2027 1308 2059 ut,
1333 2021 1414 2062 quia
1442 2031 1502 2061 per
1518 2021 1699 2062 inpruden-

997 2065 1077 2096 tiam
1111 2065 1271 2106 peccarit,
1301 2066 1509 2095 excusandus
1538 2065 1700 2096 videatur.

997 2109 1052 2140 Sic
1071 2115 1251 2150 utcumque
1276 2108 1397 2149 poterit
1420 2108 1485 2139 hoc
1512 2108 1699 2149 explicari3

997 2154 1054 2184 sed
1081 2160 1231 2184 contorte
1259 2158 1384 2183 tamen.
1428 2152 1513 2182 Cum
1536 2163 1612 2192 ergo
1637 2163 1697 2193 pro

997 2197 1215 2236 defensionem
1246 2196 1384 2237 quidam
1424 2196 1519 2226 codd.
1551 2195 1701 2227 habeant

996 2241 1229 2278 defectionan
1254 2239 1434 2270 Deiotarus
1455 2245 1580 2275 autem,
1602 2249 1701 2270 orna-

995 2290 1047 2315 tus
1083 2285 1254 2325 quondam
1290 2294 1309 2314 a
1347 2282 1476 2314 Caesare
1513 2282 1700 2320 beneficiis,

995 2328 1096 2368 eique
1137 2334 1246 2358 tamen
1286 2327 1435 2367 posthaec
1476 2326 1636 2357 inimicus
1666 2331 1700 2356 et

997 2370 1155 2412 Pompeii
1167 2371 1308 2411 adjutor,
1318 2370 1496 2401 commode
1509 2369 1579 2400 dici
1593 2369 1699 2410 possit

995 2426 1014 2446 a
1046 2415 1177 2446 Caesare
1213 2413 1401 2445 defecisse:
1442 2413 1584 2444 libenter
1622 2423 1698 2444 cum

997 2458 1132 2489 Clarkio
1165 2459 1250 2489 hanc
1284 2457 1467 2488 lectionem
1497 2457 1697 2498 amplector.

997 2503 1060 2533 Sed
1086 2502 1130 2533 ita
1149 2512 1283 2542 quoque
1303 2505 1372 2541 ejas
1399 2506 1475 2541 post
1491 2501 1629 2531 verbum
1643 2511 1699 2532 ex-

994 2548 1194 2577 cusationem
1210 2546 1387 2576 delendum
1401 2544 1475 2575 erit.
1494 2545 1543 2575 M.
1573 2544 1700 2585 Sequor

996 2589 1181 2620 Clarkium.
1226 2589 1317 2620 Idem
1355 2589 1525 2628 placuerat
1545 2587 1698 2620 .Ouden-

996 2633 1130 2673 doxpio,
1143 2632 1200 2673 qui
1217 2638 1326 2663 tamen
1344 2631 1375 2662 in
1393 2632 1446 2662 ed.
1462 2632 1608 2662 secunda
1622 2631 1698 2661 vul-

996 2683 1108 2716 gatum
1122 2676 1270 2707 retinuit.
1308 2676 1391 2714 Ejus
1402 2675 1507 2706 altero
1519 2675 1596 2706 loco
1608 2679 1696 2706 recte

997 2720 1134 2751 tollitur.
1181 2720 1272 2750 Male
1287 2718 1347 2750 alii
1362 2729 1443 2750 suae.
1629 2730 1634 2736 ·

1043 2765 1122 2798 Quis
1138 2764 1253 2794 urbem
1273 2764 1315 2794 It.
1331 2767 1396 2794 ten.

999 2808 1049 2837 Μ.

1048 2852 1109 2882 Che·
1137 2852 1336 2883 Senalus—
1351 2850 1428 2881 h.e.
1451 2849 1604 2880 Senatum
1628 2857 1694 2878 non

997 2893 1099 2926 fuisse
1116 2894 1149 2926 in
1167 2894 1282 2927 castris
1297 2893 1465 2935 Pompeii,
1491 2893 1549 2924 sed
1566 2893 1697 2924 Romae.

1444 2762 1474 2793 Is
1489 2766 1557 2793 erat
1574 2760 1695 2792 Caesar.
