1946 3261
574 187 694 238 LIB.
756 192 893 237 CAP.
925 189 1115 235 83—85.
1521 185 1608 232 527

130 327 383 371 currerent,
394 320 482 365 sive
500 328 567 372 ut,
585 321 748 380 oppido
766 321 953 369 deserto,
968 319 1074 378 fuga
1090 319 1273 362 salutem
1288 315 1369 361 sibi
1386 323 1610 376 pararent,

131 380 448 438 egrediuntur;
498 390 633 439 atque
673 381 734 424 ita
774 396 854 440 per
894 394 1011 422 mare
1052 377 1244 420 umbilici
1283 375 1367 420 fine
1413 374 1609 435 ingressi,

134 446 296 482 terram
319 441 557 498 petebant:
603 440 677 496 qui
711 457 736 482 a
767 438 951 482 servitiis
987 437 1234 494 puerisque,
1273 436 1350 494 qui
1386 435 1429 478 in
1463 433 1611 478 castris

133 506 276 548 erant,
298 498 517 556 lapidibus
553 499 736 556 pilisque
773 496 983 557 prohibiti
1018 503 1178 537 terram
1199 495 1439 552 adtingere,
1462 508 1611 537 rursus

134 557 242 599 sein
264 557 476 615 oppidum
506 566 780 614 receperunt.
843 555 1036 603 Interim,
1077 553 1290 611 Scipionis
1325 553 1456 610 copiis
1492 569 1612 613 pros·

136 616 264 658 tratis
282 615 525 673 passimque
547 623 641 657 toto
674 632 825 674 campo
856 614 1137 672 fugientibuS‚
1173 612 1398 654 confestim
1434 610 1616 655 Caesaris

137 673 326 733 legiones
353 674 573 731 consequi,
594 675 869 732 spatiumque
891 689 932 715 se
953 688 1036 715 non
1068 672 1172 715 dare
1202 669 1464 727 conligendi.
1528 668 1617 721 Qui

138 741 371 791 postquam
392 732 447 774 ad
468 749 519 775 ea
540 741 696 782 castra,
731 749 825 790 quae
858 732 1081 791 petebant,
1113 730 1421 789 perfugerunt,
1452 737 1520 778 ut,
1551 745 1616 771 re-

138 791 260 834 fectis
281 792 447 841 castris,
470 808 620 835 rursus
639 808 726 834 sese
747 792 1043 840 defenderent,
1071 790 1242 833 Ducem
1264 788 1452 845 aliquem
1472 787 1618 845 requi-

137 858 258 900 runt,
297 865 426 909 quem
460 851 743 909 respicerent,
780 851 902 909 cujus
933 850 1193 892 auctoritate
1226 847 1497 906 imperioque
1526 862 1617 889 rem

144 918 361 967 gererent.
438 910 525 958 Qui
566 919 799 968 postquam
839 908 1254 957 animadverterunt,
1291 906 1502 949 neminem
1532 921 1620 948 esse

139 968 201 1010 ibi
223 967 440 1026 praesidio,
465 970 679 1028 protinus,
701 969 827 1011 armis
848 968 1038 1026 abjectiS,
1061 967 1103 1010 in
1127 966 1266 1025 Regia
1295 973 1435 1008 castra
1465 965 1620 1023 fugere

140 1026 423 1069 contendunt.
513 1028 612 1078 Quo
649 1037 880 1087 postquam
920 1035 1230 1085 pervenerunt,
1267 1041 1317 1067 ea
1354 1040 1528 1082 quoque
1565 1023 1623 1066 ab

143 1085 332 1128 Julianis
352 1087 491 1128 teneri
513 1087 676 1129 vident.
741 1088 982 1144 Desperata
1019 1086 1175 1134 salute,
1212 1085 1255 1127 in
1288 1082 1479 1141 quodam
1510 1082 1623 1126 colle

143 1143 383 1188 consistunt
411 1153 560 1203 atque,
583 1146 712 1188 armis
746 1145 945 1194 demissis,
977 1144 1282 1187 salutationem
1303 1158 1422 1185 more
1443 1140 1625 1185 militari

146 1203 327 1246 faciunt.
412 1204 583 1254 Quibus
629 1205 794 1248 miseris
850 1221 901 1247 ea
954 1220 1021 1247 res
1078 1219 1217 1262 parvo
1273 1201 1471 1260 praesidio
1523 1201 1623 1243 fuit.

150 1263 355 1320 Namque
386 1263 542 1305 milites
576 1264 785 1313 veterani,
817 1264 880 1307 ira
913 1272 952 1306 et
989 1262 1140 1306 dolore
1171 1262 1343 1311 incensi,
1373 1276 1457 1303 non
1477 1259 1625 1311 modo,

148 1330 198 1364 ut
228 1330 459 1379 parcerent
485 1321 613 1373 hosti,
652 1339 736 1366 non
758 1330 959 1382 poterant
993 1321 1169 1372 adduci,
1204 1320 1273 1363 sed
1311 1319 1440 1363 etiam
1469 1335 1521 1362 ex
1550 1334 1627 1361 suo

148 1380 344 1423 exercitu
365 1380 566 1424 inlustres
588 1382 794 1431 urbanos,
823 1398 929 1439 quos
955 1389 1151 1423 auctores
1185 1379 1482 1438 adpellabant,
1515 1393 1628 1421 com-

151 1440 297 1498 plures
326 1449 403 1482 aut
436 1440 738 1490 vulnerarunt,
771 1450 848 1483 aut
880 1440 1213 1483 interfecerunt:
1249 1439 1292 1480 in
1323 1454 1411 1496 quo
1447 1453 1628 1480 numero

149 1499 233 1541 fuit
251 1498 422 1541 Tullius
441 1498 600 1549 Rufus,
625 1499 908 1549 Quaestorius,
934 1499 1022 1555 qui,
1045 1499 1136 1557 pilo
1157 1498 1413 1555 transjectus
1434 1497 1630 1539 consulto

151 1574 176 1600 a
197 1557 347 1610 milite,
370 1558 534 1601 interiit
556 1558 655 1601 item
683 1559 915 1617 Pompeius
937 1558 1093 1606 Rufus,
1112 1556 1339 1600 brachium
1361 1555 1511 1613 gladio
1533 1571 1629 1613 per-

153 1632 316 1667 cussuS‚
335 1617 413 1659 nisi
434 1617 635 1660 celeriter
669 1619 723 1661 ad
758 1619 964 1661 Caesarem
1005 1616 1338 1667 adcucurrisset,
1378 1615 1633 1657 interfectus

153 1684 275 1718 esset.
341 1677 440 1725 Quo
462 1677 577 1718 facto
600 1677 844 1736 complures
877 1676 1054 1734 Equites
1091 1675 1274 1718 Romani
1314 1675 1632 1731 Senatoresque

155 1734 380 1793 perterriti
414 1751 466 1777 ex
502 1735 659 1794 proelio
692 1753 734 1779 se
768 1744 1042 1794 receperunt,
1079 1751 1130 1777 ne
1167 1751 1191 1776 a
1223 1733 1453 1782 militibus,
1483 1733 1635 1791 quiex

155 1801 278 1836 tanta
312 1793 494 1836 victoria
529 1794 746 1838 licentiam
785 1795 864 1838 sibi
903 1794 1201 1837 adsumsissent
1242 1791 1508 1835 inmoderate
1541 1808 1638 1851 pec-

157 1852 299 1903 candi,
322 1852 580 1911 inpunitatis
603 1864 786 1914 propter
807 1855 1008 1897 maximas
1035 1870 1102 1897 res
1135 1861 1275 1912 gestas
1305 1868 1397 1910 spe,
1426 1851 1510 1910 ipsi
1531 1867 1638 1909 quo-

205 1989 387 2021 Pararent.
425 1988 494 2021 Alii
522 1995 698 2031 parerent,
728 1994 763 2021 ut
790 2000 867 2031 cap.
978 1986 1420 2021 ,lucrm-osmoderandaeirae
1434 1996 1637 2017 conservan-

162 2034 215 2065 50.
935 2033 1115 2073 domnique
1139 2031 1302 2063 hostium.
1336 2031 1476 2062 Viderat
1498 2039 1635 2061 sensum

213 2077 454 2117 Umbilicifine.
492 2077 593 2109 Conf.
620 2078 691 2108 lnd.
721 2077 755 2109 in
776 2081 869 2119 finis.
939 2075 1169 2108 Riiellicanus.
1194 2077 1244 2106 M.

163 2121 214 2153 M.
248 2120 272 2151 i.
288 2131 318 2151 e.
334 2126 442 2153 tenus.
459 2120 501 2152 V.
518 2127 587 2153 not.
603 2122 643 2151 ad
663 2121 702 2151 G.
721 2123 752 2154 7.
770 2124 823 2153 47.
980 2122 1181 2162 Inpamitatie
1201 2130 1258 2156 spe
1286 2125 1336 2150 est
1360 2118 1393 2150 in
1418 2120 1518 2150 codd.
1551 2119 1638 2151 Nor-

209 2166 235 2196 A
252 2167 401 2196 servitiis.
417 2176 437 2196 a
453 2165 568 2196 servis.
604 2164 658 2196 Sic
686 2165 768 2197 Sall.
794 2168 868 2198 Cat.
935 2165 998 2196 vic.
1011 2171 1043 2195 et
1060 2166 1178 2195 Petav.
1205 2163 1315 2205 Vulgo
1333 2165 1549 2204 neglexerunt
1567 2174 1635 2205 spe,

164 2212 217 2241 24.
234 2209 324 2240 Flor.
342 2212 373 2247 3,
389 2212 444 2249 21,
465 2211 516 2242 11.
935 2216 967 2240 et
982 2211 1164 2250 inpunitate
1182 2214 1376 2249 posuerunt.
1389 2225 1434 2230 —-
1449 2208 1500 2239 De
1514 2207 1637 2248 insigni

212 2254 339 2285 Ducem
364 2256 555 2296 requirunt.
596 2254 681 2285 Nam
701 2253 870 2293 Afranius,
938 2253 999 2284 hoc
1019 2253 1141 2293 proelio
1158 2253 1202 2283 cf.
1222 2252 1392 2283 Plutarch.
1416 2252 1500 2283 Caes.
1526 2262 1558 2283 c.
1583 2254 1636 2284 53.

163 2296 295 2339 Scipio,
311 2297 605 2339 alii‚aufugerant.
653 2297 707 2329 Cf.
720 2308 799 2339 cap.
815 2300 870 2335 91,
935 2298 990 2338 qui
1007 2297 1051 2328 ab
1075 2296 1157 2327 aliis
1183 2307 1303 2337 negare
1329 2296 1444 2332 tradit,
1469 2295 1636 2327 Caesarem

167 2343 221 2372 96.
245 2341 312 2372 Dio
324 2341 422 2373 Cass.
439 2344 493 2382 43,
511 2344 544 2380 9,
565 2345 613 2374 10.
644 2343 693 2373 M.

212 2386 322 2417 Armis
341 2386 489 2426 abfeclis,
520 2396 586 2417 non
613 2386 788 2426 omnibus;
813 2387 870 2417 sed

165 2438 241 2471 quae
269 2428 500 2470 inpedimento
529 2431 618 2472 sugae
646 2436 749 2468 erant,
774 2437 870 2461 scuto

165 2472 335 2505 maxime:
359 2483 436 2506 nam
451 2474 614 2516 sequitur,
637 2477 740 2506 armis
754 2475 873 2506 demis-

163 2519 209 2549 sis
234 2519 296 2549 sal.
316 2517 388 2557 fac.
438 2519 528 2560 Ergo
552 2519 738 2550 habuerunt
761 2519 871 2550 adhuc

165 2562 321 2603 quaedam
337 2571 440 2593 arma.
480 2564 658 2594 Cellam'us.

215 2606 270 2637 Ea
287 2616 430 2647 quoque.
460 2605 514 2638 Sic
532 2607 632 2638 codd.
656 2611 690 2637 et
713 2607 786 2638 edd.
802 2613 870 2640 yet.

167 2649 239 2682 Alii
254 2650 381 2681 addunt
396 2652 474 2692 ipsi,
489 2651 582 2682 unde
598 2651 687 2682 Oud.
705 2651 871 2693 conjectat

167 2693 235 2736 leg.
250 2697 335 2736 ipsa.

215 2739 326 2770 Avwzis
341 2737 500 2768 (temesis.
529 2738 625 2769 Male
642 2737 705 2769 alii
721 2738 873 2770 dimissi-s.

169 2782 222 2814 De
246 2782 310 2814 ista
335 2781 537 2813 salutatione
561 2782 760 2814 vid.lsidor.
779 2781 871 2824 Orig.

172 2826 202 2858 1.
220 2827 274 2857 35.
311 2826 366 2859 Cf.
381 2825 509 2859 Lucan.
526 2830 558 2867 4,
578 2828 650 2859 173.
667 2826 748 2859 Stat.
762 2826 872 2860 Theb.

170 2871 222 2910 12,
239 2873 314 2904 401.

938 2341 1001 2383 ipsi
1031 2340 1207 2372 conflictui
1239 2340 1440 2378 interfuisse,
1472 2339 1638 2381 quoniam

938 2392 1006 2416 tum
1028 2395 1187 2423 masline,
1209 2396 1288 2416 cum
1310 2395 1423 2416 aciem
1436 2390 1640 2421 instruxerit,

937 2436 1116 2471 conreptus
1130 2429 1319 2470 epileptico
1343 2428 1462 2460 morbo
1478 2430 1637 2469 deporta-

938 2479 993 2505 tus
1019 2474 1062 2505 sit
1088 2474 1120 2504 in
1151 2474 1265 2505 locuni
1290 2479 1470 2505 remotum.
1505 2472 1637 2513 Appia-

939 2529 1002 2550 nus
1015 2520 1063 2557 (2,
1077 2520 1129 2549 96.
1146 2529 1181 2559 p.
1200 2517 1473 2558 s188)vixoperae
1490 2517 1638 2557 pretium

938 2562 1037 2594 fecit:
1063 2562 1147 2593 adeo
1164 2562 1282 2603 paucis
1298 2562 1413 2593 verbis
1428 2566 1555 2591 tantam
1566 2571 1637 2592 rem

938 2607 1134 2648 complexus
1158 2612 1222 2636 est.
1265 2605 1378 2636 Etiam
1408 2604 1474 2636 Dio
1501 2603 1640 2636 Cassius

940 2651 1010 2689 (43,
1048 2653 1078 2688 7,
1118 2649 1166 2688 8.)
1204 2649 1348 2680 festinat.
1409 2648 1640 2680 Guischardus

939 2695 1060 2733 (Mem.
1084 2693 1183 2724 milit.
1202 2693 1281 2724 Vol.
1301 2696 1333 2724 2.
1357 2704 1392 2733 p.
1416 2694 1491 2724 27³..
1514 2694 1581 2724 vel.
1597 2693 1639 2725 T.

939 2742 970 2769 2.
990 2749 1022 2780 p.
1041 2738 1119 2777 380)
1132 2737 1292 2778 queritur.
1319 2736 1480 2775 Hirtium,
1493 2742 1551 2768 aut
1564 2736 1641 2779 qui-

938 2793 1084 2824 cumque
1110 2782 1246 2812 demum
1281 2780 1362 2812 libri
1394 2780 1495 2822 hujus
1523 2787 1642 2814 auctor

938 2826 1053 2864 fuerit,
1071 2826 1104 2857 in
1121 2826 1185 2856 hoc
1202 2825 1323 2867 proelio
1335 2825 1557 2857 describendo
1572 2836 1640 2858 non

939 2870 1019 2903 satis
1027 2870 1223 2911 diligentem
1233 2869 1339 2902 suisse
1350 2881 1358 2901 t
1372 2869 1542 2912 adspersis
1549 2870 1641 2903 enim
