1946 3261
249 215 337 259 484
474 214 528 257 Α.
563 209 765 256 HIRTII
799 211 881 254 DE
914 210 1118 255 BELLO
1151 211 1496 278 AFRICANO.

257 350 408 400 atque,
430 347 592 398 puncto
626 337 831 396 temporis
851 337 1046 382 hostibus
1066 337 1185 381 nullo
1206 338 1380 396 negotio
1399 352 1552 396 campo
1583 338 1734 395 pulsis,

255 408 355 460 post
391 398 634 465 collemque
668 397 861 456 dejectis,
895 397 1009 440 nacti
1043 397 1186 440 locum
1223 406 1356 454 atque
1396 397 1457 439 ibi
1496 396 1735 455 paullisper

257 456 534 507 commorari,
555 465 617 499 ita
637 457 703 499 uti
724 465 848 499 erant
866 456 1083 507 instructi,
1104 457 1259 499 leniter
1279 472 1323 498 se
1341 456 1396 498 ad
1412 471 1507 497 suas
1525 454 1740 512 recipiunt

258 515 541 558 munitiones:
574 514 764 573 itemque
784 514 1035 565 adversarii,
1055 515 1166 558 male
1185 514 1370 573 accepti,
1392 522 1485 557 tum
1505 513 1680 557 demum
1697 529 1740 556 se

262 574 320 617 ad
339 589 415 616 sua
469 573 638 617 raesidia
657 574 952 617 contulerunt.

326 631 393 675 19.
450 632 624 682 nterim,
643 647 695 675 ea
715 648 762 675 re
782 641 903 690 gesta
924 640 969 674 et
991 631 1147 691 proelio
1175 631 1380 681 diremto‚
1408 647 1462 674 ex
1484 629 1739 673 adversariis

262 690 395 749 perfu
427 706 464 734 ae
490 690 639 748 plures
662 706 717 733 ex
737 691 851 733 omni
873 706 1029 748 genere
1054 691 1291 740 hominum,
1314 698 1358 733 et
1380 697 1592 748 praeterea
1611 689 1743 731 inter-

259 749 380 808 cepti
435 749 592 792 ostium
615 749 862 807 complures
881 750 1049 807 equites
1070 748 1320 808 peditesque
1339 764 1348 790 ε
1394 764 1447 790 ex
1467 747 1625 805 quibus
1644 763 1746 806 cog-

258 807 401 851 nitum
420 815 486 850 est
503 807 690 850 hostium
707 808 944 858 consilium,
967 825 1038 851 eos
1057 807 1136 850 hac
1156 817 1299 850 mente
1320 816 1365 849 et
1381 815 1537 849 conatu
1564 805 1743 856 venisse,

258 866 326 908 uti
347 882 462 910 novo
487 873 621 924 atque
645 866 852 909 inusitato
878 882 1036 924 genere
1063 867 1207 925 proelii
1238 866 1400 909 tirones
1431 864 1746 922 legionariique

258 924 390 982 pauci
413 925 680 983 perturbati,
703 925 904 968 Curionis
925 926 1138 984 exemplo,
1169 925 1225 967 ab
1245 924 1444 982 equitatu
1465 923 1744 965 circumventi

259 983 636 1042 obprimerentur:
670 986 789 1027 etita
808 984 1048 1027 Labienum
1063 984 1238 1026 dixissse
1260 1000 1340 1041 pro
1358 982 1577 1030 concione,
1601 989 1630 1007 ‘⁶
1653 990 1746 1024 tan-

261 1048 293 1067 “
317 1050 408 1084 tam
427 1058 515 1085 sese
536 1042 860 1084 multitudinem
880 1043 1141 1086 auxiliorum
1169 1041 1425 1084 adversariis
1451 1040 1744 1082 subministra-

258 1107 290 1127 “
313 1108 478 1151 turum,
492 1109 544 1143 ut
555 1101 687 1142 etiam
699 1100 905 1144 caedendo
919 1102 961 1144 in
977 1103 1066 1159 ipsa
1079 1101 1263 1144 victoria
1275 1099 1503 1157 defatigati
1521 1098 1741 1141 vinceren-

260 1164 295 1184 “
317 1166 410 1208 tur,
423 1167 555 1215 atque
569 1174 593 1200 a
604 1159 689 1201 suis
708 1169 1022 1217 superarentur
1038 1162 1077 1200 :''
1099 1160 1263 1216 quippe
1276 1158 1453 1214 quisine
1470 1157 1643 1199 illorum
1657 1156 1742 1199 fide

256 1216 340 1260 sibi
359 1217 623 1267 confideret;
655 1219 860 1276 primum,
884 1217 1004 1275 quod
1026 1218 1238 1266 audierat,
1254 1217 1404 1258 Romae
1425 1216 1613 1272 legiones
1628 1224 1745 1258 vete-

257 1290 383 1318 ranas
393 1274 633 1324 dissentire,
652 1291 793 1332 neque
806 1277 847 1317 in
867 1277 1061 1318 Africam
1076 1275 1186 1317 velle
1205 1275 1407 1322 transire;
1431 1273 1603 1322 deinde,
1621 1270 1743 1330 quod

257 1333 445 1375 triennio
462 1332 506 1374 in
523 1332 673 1374 Africa
687 1349 785 1375 suos
797 1334 953 1375 milites
965 1332 1272 1375 consuetudine
1291 1341 1480 1375 retentos
1501 1331 1648 1374 fideles
1663 1332 1744 1375 sibi

252 1391 344 1448 J‘am
360 1391 582 1438 effecisset,
601 1390 784 1432 maxima
796 1399 939 1433 autem
952 1392 1112 1433 auxilia
1128 1391 1307 1433 haberet
1323 1390 1612 1433 Numidarum
1627 1391 1745 1447 equi-

259 1458 356 1491 tum
380 1447 572 1505 levisque
598 1455 841 1490 armaturae.
907 1449 1124 1492 Praeterea
1151 1466 1204 1491 ex
1226 1451 1328 1507 fuga
1351 1449 1594 1507 proelioque
1619 1448 1744 1491 Pom-

255 1506 410 1564 peiano
451 1505 684 1555 Labienus,
721 1523 828 1564 quos
858 1523 1000 1549 secum
1033 1525 1058 1550 a
1094 1508 1325 1550 Brundisio
1351 1515 1741 1564 transportaverat,

259 1564 429 1623 equites
452 1565 693 1608 Germanos
709 1565 963 1624 Gallosque,
985 1566 1130 1624 ibique
1144 1576 1293 1624 postea
1310 1582 1361 1607 ex
1382 1565 1562 1608 hibridis
1581 1565 1747 1608 liberti-

1039 1699 1070 1730 in
1088 1698 1254 1739 prioribus
1270 1698 1384 1729 verbis
1400 1699 1537 1730 codices
1553 1705 1742 1731 constanter

1039 1743 1177 1779 liabent,
1203 1742 1258 1773 vel
1281 1745 1340 1783 qui
1363 1753 1427 1773 non
1450 1744 1599 1781 illm-um,
1614 1743 1665 1773 vel
1683 1747 1742 1784 qui

1039 1788 1129 1817 nullo
1147 1787 1292 1817 illm-mn.
1316 1786 1365 1815 M.
1410 1785 1482 1815 Vox
1497 1788 1708 1818 multitudine
1722 1797 1741 1818 3

676 1697 779 1728 Deest
819 1698 971 1737 verbnm,

887 1743 971 1773 Owl.

308 1697 468 1739 Perfuyae
492 1698 619 1739 plures.

264 1751 335 1781 quo
365 1740 449 1772 illud
474 1741 627 1782 persuqoe
660 1741 831 1771 reseratur.

265 1783 397 1816 Gudius
428 1789 542 1815 censet
572 1784 635 1824 leg.
662 1784 850 1825 perfuqere,
881 1786 972 1825 quod

264 1828 379 1869 placet
396 1827 485 1858 Oud.
502 1827 700 1859 nideleaset
710 1833 785 1857 ante
795 1832 971 1868 praeterea.

316 1873 453 1903 Tirones
491 1872 557 1912 leg).
623 1871 711 1902 Oud.
750 1871 815 1911 leg.
855 1876 947 1911 putat
964 1885 971 1903 :

262 1917 386 1948 tirones
407 1916 585 1957 legionarii
602 1918 770 1957 paucique
788 1918 972 1957 sasliuarii,

263 1959 318 1991 vel
334 1960 493 1990 veterani.

310 2004 464 2035 Curionis
484 2001 643 2043 exemplo.

267 2046 439 2078 Davisius.

311 2089 498 2121 Labienum
533 2089 604 2120 dim.
667 2089 796 2121 Omnes
836 2089 972 2121 codices

267 2132 395 2164 habent
409 2134 541 2165 Jubam.
579 2132 644 2164 Sed
660 2133 748 2164 Juba
765 2134 971 2175 aliquamdiu

264 2182 343 2218 post
357 2175 462 2207 venit.
492 2177 545 2207 Cf.
561 2186 637 2217 cap.
654 2181 707 2208 25.
722 2178 772 2207 M.
800 2178 888 2208 Edd.
903 2183 971 2208 vet.

262 2220 371 2251 etiam
387 2220 524 2251 Jubam.
560 2220 623 2250 Sed
642 2219 727 2251 Ven.
747 2224 827 2252 1517
855 2222 972 2253 Labie-

261 2274 363 2295 num.
387 2263 509 2295 Celsus
522 2265 641 2304 p-218.
664 2265 972 2306 Juba7n,additque

263 2317 387 2339 novum
407 2317 511 2347 yenus
533 2308 675 2338 victorine
696 2314 724 2338 et
744 2310 845 2339 stulta
872 2310 972 2349 Reye‘s

263 2351 430 2391 coqitalio.
459 2349 604 2390 Dignior
618 2360 696 2380 sane
711 2351 809 2382 fuerit
829 2353 970 2383 barbaro

269 2395 366 2436 Rege
380 2403 483 2434 quam
500 2392 665 2431 Labieno,
677 2394 788 2435 judice
806 2396 971 2427 Bentleio.

267 2437 360 2469 Mihi
376 2437 510 2468 videtur
524 2442 715 2477 temporum
734 2439 818 2468 ratio
837 2440 969 2471 turbata

266 2487 302 2513 et
315 2491 356 2512 ea
372 2491 441 2512 vox
459 2481 558 2512 Jubae
570 2481 639 2512 alia
650 2481 828 2513 occasione
841 2483 968 2514 andita.

315 2526 440 2566 Quippe
455 2527 622 2565 qui—-—
637 2526 855 2556 multitudine.
901 2527 966 2558 Vix

265 2570 336 2600 duo
363 2568 501 2599 codices
532 2567 565 2599 in
597 2567 743 2599 lectione
772 2569 871 2610 hujus
901 2571 967 2602 loci

264 2612 472 2653 conspirant,
500 2621 539 2643 ac
569 2611 691 2652 singuli
724 2615 966 2653 propemodum

263 2656 414 2696 singulas
428 2654 609 2686 varietates
623 2655 798 2687 exhibent.
844 2657 967 2692 Vulga-

262 2706 346 2739 tam,
359 2702 395 2731 in
409 2699 618 2731 multitudine
633 2700 692 2730 sibi
704 2700 880 2739 confidere.
893 2702 964 2732 Ou-

261 2742 471 2784 dendorpius
494 2742 626 2773 dubitat
648 2742 807 2774 latinitati
823 2754 965 2775 consen-

260 2791 416 2825 taneam3
447 2790 480 2816 et
494 2791 586 2816 caret
602 2786 656 2817 hic
674 2786 831 2828 loquendi
846 2789 965 2820 modus

259 2830 438 2870 exemplis.
484 2829 556 2860 Etsi
573 2840 652 2870 ergo
667 2831 756 2861 nihil
777 2830 857 2861 certi
874 2841 893 2861 a
909 2843 962 2863 me

259 2873 399 2915 quidem
425 2872 494 2903 dici
525 2879 654 2914 potest3
688 2880 795 2906 tamen
825 2875 962 2907 verbum

256 2916 466 2949 vnultitudiize
480 2916 551 2949 sine
565 2917 672 2949 dubio
689 2918 842 2960 spurium
857 2924 918 2957 est,
933 2931 952 2951 e

699 2002 738 2034 B.
762 2001 839 2033 Civ.
863 2006 895 2041 2,
919 2005 974 2033 40.

1038 1830 1153 1860 multis
1170 1830 1267 1859 codd.
1284 1829 1392 1859 abest.
1429 1830 1587 1869 Optimus
1601 1830 1696 1861 Leid.
1714 1833 1739 1862 l.

1041 1872 1143 1903 liabct
1161 1875 1282 1914 quippe
1299 1875 1371 1913 quis
1386 1874 1420 1902 in
1435 1875 1569 1903 illm-mn
1586 1874 1657 1913 fide
1679 1877 1741 1906 sibi

1037 1917 1121 1956 cons.
1177 1916 1270 1946 Unde
1304 1916 1394 1945 Oud.
1424 1917 1574 1955 conticit,
1613 1930 1646 1960 q.
1680 1922 1741 1960 qui

1038 1963 1109 1991 sirm
1124 1960 1251 1999 ill.fi‹le
1269 1960 1326 1989 sibi
1343 1959 1426 1998 rnnf.
1465 1961 1657 1992 Curantem
1673 1962 1739 1993 sibi

1038 2003 1185 2042 (viribus
1201 2003 1285 2041 suis)
1295 2004 1489 2041 confideret,
1500 2015 1540 2035 ex
1552 2015 1624 2046 seq.
1638 2012 1740 2046 patet.

1038 2048 1174 2088 Sequor.
1225 2046 1333 2080 Vulso
1359 2047 1480 2087 legitur
1502 2059 1534 2089 q.
1560 2052 1621 2090 qui
1642 2051 1679 2080 in
1702 2051 1742 2081 il-

1036 2093 1146 2122 lorum
1162 2092 1220 2121 sibi
1234 2090 1407 2129 confideret
1423 2092 1645 2124 multitudine.

1087 2135 1163 2175 [κῃ.
1180 2139 1243 2164 rer.
1258 2135 1440 2165 disse—mire.
1489 2136 1655 2167 Promissa
1674 2136 1742 2168 illis

1038 2179 1176 2219 praeniia
1203 2178 1322 2214 Cass-ar,
1343 2179 1490 2209 nondum
1517 2180 1610 2210 finito
1634 2180 1739 2219 hello,

1036 2223 1112 2253 dare
1126 2223 1290 2253 noluerat.
1321 2221 1398 2251 Inde
1412 2223 1529 2255 Romae
1540 2224 1738 2255 seditionem

1036 2272 1222 2297 moverunt.
1251 2263 1397 2305 Appiau.
1414 2269 1444 2304 2,
1463 2269 1517 2297 9‘2.
1534 2278 1567 2308 p.
1581 2269 1656 2298 485.
1675 2269 1725 2299 M.

1082 2310 1260 2340 Labienus.
1307 2307 1434 2340 Nomen
1453 2310 1517 2341 hoc
1535 2322 1554 2342 e
1570 2312 1667 2342 codd.
1681 2313 1741 2342 ad-

1034 2352 1121 2384 didit
1137 2354 1226 2384 Oud.
1250 2351 1383 2383 Habent
1398 2355 1518 2385 etedd.
1535 2355 1634 2385 Rom.
1646 2355 1738 2386 Med.

1039 2397 1177 2427 Vascos.
1193 2403 1257 2427 etc.
1273 2396 1395 2427 Contra
1408 2398 1501 2428 deest
1518 2398 1551 2430 in
1561 2399 1636 2429 edd.
1652 2399 1739 2430 Ven-

1042 2443 1132 2471 1482.
1148 2447 1179 2470 ct
1202 2443 1295 2470 1517.
1313 2445 1345 2469 et
1363 2439 1395 2471 in
1415 2441 1556 2480 Aldinis,
1581 2443 1668 2474 unde
1686 2454 1737 2474 se-

1037 2491 1177 2525 quentes
1193 2485 1381 2524 neglexere.

1082 2529 1249 2564 Hibridis,
1260 2538 1302 2558 ex
1314 2535 1404 2567 patre
1422 2529 1576 2561 Romano
1590 2536 1622 2561 et
1634 2535 1736 2560 matre

1034 2571 1209 2612 peregrina
1227 2571 1313 2602 natis
1375 2573 1612 2614 Glandorpiws.
1660 2573 1735 2603 Vox

1036 2615 1096 2645 ista
1111 2615 1338 2646 diversimode
1354 2615 1519 2647 scribitur.
1532 2617 1654 2648 rectius
1669 2618 1735 2647 for-

1034 2668 1092 2689 san
1119 2660 1266 2699 hybridas
1280 2669 1299 2689 a
1317 2660 1373 2691 Gr.
1392 2660 1481 2702 ὅβςις,
1502 2661 1593 2701 quod
1616 2667 1734 2691 contu-

1033 2702 1172 2733 meliosa
1188 2703 1249 2733 ista
1262 2703 1359 2745 origo
1375 2703 1565 2735 haberetur.
1591 2704 1731 2734 Colerus

1031 2753 1145 2777 nostro
1175 2746 1251 2777 loco
1277 2757 1395 2778 vocem
1420 2748 1555 2778 hibritlis
1576 2752 1732 2788 tanquam

1030 2789 1196 2829 glossema
1222 2790 1400 2822 delendam
1425 2797 1548 2828 censet,
1571 2800 1639 2831 quo
1671 2800 1730 2822 no—

1031 2833 1122 2864 mine
1146 2834 1400 2874 reprelienditur
1414 2834 1458 2866 ab
1475 2834 1566 2870 Oud,
1578 2835 1618 2865 ad
1638 2834 1730 2866 Suet.

1031 2879 1117 2917 Aug.
1134 2888 1211 2918 cap.
1234 2880 1282 2909 12‘.
