1946 3261
3 1845 7 1900 ᾼ-Δ-
0 1541 11 1820 «unffi-'W
1 1515 9 1528 =
4 1494 7 1502 r
0 1454 5 1465 =

677 167 793 212 LIB.
829 168 935 213 VII.
999 169 1138 213 CAP.
1170 170 1360 214 30—33.
1671 173 1751 217 185

269 295 443 356 caretur
477 292 531 336 ed
564 293 619 337 ad
652 295 819 339 hostem
859 296 1071 356 proficisci
1105 299 1411 350 constituisset,
1447 299 1536 342 sive
1567 315 1668 343 eum
1698 318 1754 345 ex

271 346 502 416 paludlbus
536 354 739 413 silvisque
773 356 944 407 elicere,
976 356 1064 398 sive
1100 358 1318 401 obsidione
1344 375 1542 417 premere
1576 369 1751 419 posset;

268 404 403 463 legati
436 412 488 454 ad
520 429 618 455 eum
652 415 872 474 principes
907 415 1154 458 AEduorum
1188 417 1384 467 veniunt,
1419 427 1606 469 oratum,
1645 427 1676 445 “
1699 428 1752 463 ut

268 470 298 489 “
322 469 504 532 maxime
524 474 761 517 necessario
778 483 974 533 tempore
994 474 1162 517 civitati
1183 476 1410 519 subveniat
1428 493 1438 518 ε
1475 494 1642 521 summo
1660 495 1750 521 esse

269 530 298 547 ‘⁶
322 540 365 567 m
403 530 597 585 periculo
633 548 749 581 rem;
793 533 927 590 quod,
969 533 1297 592 quumsinguli
1329 537 1608 593 magistratus
1639 538 1751 580 anti-

267 588 297 606 “
321 585 469 642 quitus
509 591 646 632 creari
681 600 812 648 atque
853 592 1020 650 regiam
1056 601 1316 650 potestatem
1355 609 1513 637 annum
1550 596 1751 640 obtinere

266 648 296 666 ‘⁶
320 657 608 697 consuessent,
633 649 722 691 duo
750 651 1054 709 magistratum
1087 661 1241 710 gerant
1261 660 1305 693 et
1326 668 1369 694 se
1390 661 1576 711 uterque
1596 671 1749 698 eorum

266 706 296 725 ‘⁶
320 704 490 760 legibus
509 716 703 750 creatum
734 725 822 751 esse
847 711 977 753 dicat.
1044 710 1218 753 Horum
1239 727 1327 752 esse
1351 710 1538 754 alterum
1563 714 1749 757 Convic-

265 765 294 784 “
317 763 560 814 tolitanem,
598 766 824 810 florentem
853 779 896 811 et
926 769 1154 812 inlustrem
1186 769 1520 820 adolescentem
1559 772 1748 817 alterum

265 825 294 843 “
321 822 500 873 Cotum,
523 826 819 883 antiquissima
840 828 1003 870 familia
1024 838 1191 878 natum,
1215 837 1347 886 atque
1370 830 1511 888 ipsum
1532 829 1748 875 hominem

263 884 293 903 ‘⁶
317 897 492 926 summae
513 885 720 941 potentiae
741 895 785 929 et
804 903 970 945 magnae
991 888 1286 946 cognationis3
1319 889 1440 946 cujus
1460 889 1596 932 frater
1618 890 1747 932 Vale-

261 944 290 966 “
315 939 450 984 tiacus
467 944 665 1002 proximo
684 961 795 988 anno
816 946 1013 988 eumdem
1034 947 1337 1005 magistratum
1353 949 1556 1006 gesserit:
1598 948 1749 992 civita-

259 1005 289 1028 “
314 1009 402 1043 tem
424 1020 591 1048 omnem
613 1021 700 1046 esse
724 1006 766 1047 in
787 1006 933 1054 armis,
961 1005 1149 1048 divisum
1171 1015 1380 1056 senatum,
1400 1008 1588 1050 divisum
1609 1024 1749 1066 popu-

259 1068 288 1087 “
313 1063 433 1112 lum;
473 1080 568 1106 suas
592 1064 803 1121 cujusque
841 1080 991 1107 eorum
1024 1065 1259 1109 clientelas.
1341 1067 1471 1116 Quod
1508 1067 1542 1110 si
1580 1066 1749 1111 diutius

256 1128 286 1147 ‘⁶
311 1123 457 1166 alatur
478 1124 788 1172 controversia,
812 1124 920 1172 fore,
947 1125 1012 1167 uti
1034 1141 1135 1182 pars
1157 1142 1255 1167 cum
1278 1135 1405 1184 parte
1434 1126 1622 1169 civitatis
1646 1143 1746 1170 con-

257 1190 286 1208 “
310 1182 460 1240 fligat;
498 1182 542 1225 id
561 1199 613 1225 ne
633 1183 803 1225 aecidat
826 1183 1015 1242 positum
1039 1185 1081 1226 in
1101 1184 1190 1241 ejus
1221 1184 1450 1242 diligentia
1480 1194 1614 1244 atque
1645 1202 1745 1228 auc-

261 1250 291 1268 “
315 1242 540 1284 toritate.''

315 1301 386 1342 33.
427 1301 587 1349 Caesar,
610 1301 732 1342 etsia
754 1301 873 1344 bello
895 1310 1029 1357 atque
1060 1300 1180 1343 hoste
1210 1299 1429 1344 discedere
1460 1301 1746 1347 detrimento-

257 1376 349 1403 sum
368 1376 455 1402 esse
476 1359 766 1408 existimabat,
791 1368 951 1407 tamen,
974 1374 1060 1401 non
1082 1359 1301 1416 ignora11S‚
1324 1368 1490 1416 quanta
1511 1378 1564 1404 ex
1584 1362 1743 1406 dissen-

256 1419 448 1462 sionibus
478 1418 751 1461 incommoda
783 1417 887 1459 oriri
917 1426 1204 1466 consuessent,
1240 1433 1291 1459 ne
1326 1427 1449 1460 tanta
1468 1428 1512 1461 et
1533 1428 1623 1463 tam
1644 1438 1744 1465 con-

252 1479 406 1538 juncta
440 1477 610 1535 Populo
642 1475 838 1518 Romano
871 1476 1041 1525 civitas,
1071 1492 1202 1533 quam
1232 1476 1323 1534 ipse
1353 1493 1520 1535 semper
1549 1479 1742 1532 aluisset,

258 1537 542 1593 omnibusque
573 1536 704 1577 rebus
729 1544 942 1584 ornasset,
972 1535 1025 1577 ad
1057 1536 1143 1577 vim
1173 1543 1304 1591 atque
1336 1535 1391 1589 ad
1421 1553 1541 1579 arma
1569 1538 1742 1583 descen-

253 1597 394 1644 deret,
432 1604 566 1652 atque
595 1611 645 1636 ea
677 1609 791 1653 pars,
825 1610 921 1650 quae
952 1594 1091 1635 minus
1121 1593 1200 1635 sibi
1232 1594 1487 1644 confideret,
1528 1597 1687 1640 auxilia
1716 1616 1744 1643 a

256 1653 618 1710 Vercingetorige
629 1661 879 1702 arcesseret,
897 1651 996 1693 huic
1011 1652 1436 1710 rei‘praevertendum
1451 1654 1741 1707 existiman-in

252 1722 298 1757 et
319 1709 440 1771 quod
460 1712 629 1770 legibus
653 1711 899 1754 AEduoruin
922 1712 985 1760 iis,
1007 1711 1084 1768 qui
1104 1727 1316 1753 summum
1340 1712 1642 1767 magistratum
1665 1716 1742 1759 ob-

253 1774 458 1821 tinerent,
481 1771 688 1815 excedere
711 1787 764 1813 ex
786 1770 943 1812 finibus
965 1786 1050 1813 non
1073 1770 1241 1818 liceret,
1267 1786 1318 1812 ne
1340 1771 1447 1828 quid
1468 1771 1525 1813 de
1541 1773 1641 1830 jure
1662 1784 1742 1818 aut

252 1833 306 1876 de
337 1831 509 1890 legibus
541 1846 691 1873 eorum
724 1829 979 1872 deminuisse
1002 1829 1244 1879 videretur,
1273 1830 1364 1887 ipse
1386 1831 1429 1872 in
1452 1830 1618 1874 AEduos
1638 1850 1740 1892 pro-

249 1891 380 1935 ficisci
401 1890 573 1936 statuit,
594 1899 878 1947 senatumque
900 1904 1084 1938 omnem,
1117 1897 1161 1930 et
1183 1904 1291 1945 quos
1311 1889 1425 1931 inter
1444 1893 1741 1937 controversia

249 1959 374 2000 esset,
397 1950 451 1992 ad
473 1967 515 1992 se
538 1949 764 1992 Decetiam
795 1948 1009 1990 evocavit.
1075 1948 1222 1997 Quum
1254 1964 1392 2006 prope
1421 1949 1554 1991 omnis
1584 1950 1739 1995 civitas

251 2026 302 2052 eo
338 2010 622 2057 convenisset,
663 2008 1003 2066 docereturque,
1035 2007 1183 2065 paucis
1212 2006 1322 2049 clam
1353 2009 1618 2058 convocatis,
1651 2011 1738 2054 alio

249 2069 362 2118 loco,
401 2068 486 2110 alio
516 2077 729 2126 tempore,
771 2075 903 2124 atque
936 2067 1198 2124 oportuerit,
1238 2066 1421 2108 fratrem
1450 2082 1476 2108 a
1505 2067 1641 2111 fratre
1671 2086 1737 2112 re-

249 2128 517 2176 nunciatum,
537 2143 673 2184 quum
692 2126 810 2184 leges
829 2126 919 2168 duo
940 2142 992 2167 ex
1013 2141 1096 2167 una
1115 2124 1296 2173 familia,
1311 2125 1412 2167 vivo
1429 2133 1635 2183 utroque,
1650 2144 1736 2173 nou

248 2187 389 2230 solum
418 2186 697 2244 magistratus
727 2184 864 2227 creari
895 2192 1112 2234 vetarent,
1143 2183 1217 2225 sed
1246 2183 1378 2226 etiam
1402 2183 1445 2227 in
1466 2194 1617 2228 senatu
1647 2204 1736 2231 esse

297 2320 435 2350 Annum
451 2319 605 2351 obtinere.
651 2315 750 2348 Cons-
771 2318 799 2354 1,
819 2316 871 2346 16.
905 2315 954 2346 M.
1071 2315 1123 2345 De
1137 2315 1276 2355 legibus.
1301 2314 1393 2345 Bene
1406 2314 1455 2345 sic
1472 2314 1634 2357 repetitur
1650 2327 1734 2357 prae-

250 2362 319 2395 Alii
335 2374 503 2394 annuam.
930 2394 932 2397 v
1025 2357 1152 2400 positio
1196 2368 1292 2390 more
1332 2358 1487 2398 Cet-saris,
1532 2361 1733 2393 auctoritate

303 2408 506 2439 Valetiacus.
551 2405 622 2437 Alii
654 2405 862 2436 sedeliams.
894 2403 952 2434 sed
1023 2403 1126 2434 codd.

249 2456 284 2482 et
299 2451 438 2482 Graecus
456 2449 656 2483 Βαλητιακᾶς.
1070 2449 1256 2478 Decetiam..
1302 2448 1377 2478 Hoc
1395 2457 1519 2478 nomen
1537 2448 1677 2480 Ursinus
1695 2448 1729 2480 in

297 2496 469 2536 Populum
487 2497 523 2525 in
545 2504 638 2525 suus.
684 2491 877 2524 Deleverim
906 2494 955 2529 in,
1025 2502 1086 2522 suo
1118 2491 1249 2529 codice,
1281 2498 1315 2523 et
1344 2492 1503 2523 Oudend.
1532 2491 1564 2523 in
1597 2499 1729 2534 septem

247 2538 328 2581 quia
353 2550 373 2570 a
402 2539 503 2569 codd.
531 2537 700 2578 plerisque
725 2543 758 2568 et
778 2536 856 2567 edd.
877 2541 956 2566 vett.
1024 2535 1121 2567 MSS.
1148 2535 1290 2576 optimis
1314 2536 1452 2577 reperit.
1500 2535 1569 2567 Alii
1602 2536 1730 2568 habent

248 2584 357 2621 abest,
372 2589 405 2613 et
424 2582 497 2623 ipse
515 2581 610 2612 Oud.
628 2581 784 2623 agnovit,
805 2580 957 2620 Scalige-
1022 2583 1138 2617 etiam,
1155 2585 1214 2610 aut
1230 2579 1370 2611 omnino
1388 2580 1549 2625 omittunt
1572 2580 1638 2611 hoc
1654 2592 1729 2612 ver-

249 2639 322 2659 rum
332 2627 476 2669 primum
487 2626 570 2657 illud
583 2623 840 2657 m'exhibuisse.
864 2624 955 2665 Ergo
1023 2624 1119 2655 bum.
1166 2624 1325 2655 Ursinum
1349 2625 1496 2661 Scaliger
1511 2629 1544 2654 et
1558 2623 1726 2657 Cellarius

250 2671 299 2702 sic
331 2670 496 2713 procurrit
527 2669 659 2701 oratio:
701 2671 768 2701 div.
791 2674 956 2706 semitam,
1018 2668 1091 2710 jam
1120 2668 1226 2700 secuti
1257 2673 1360 2699 erant.
1416 2667 1662 2709 W'esselingius
1691 2669 1727 2701 in

247 2716 520 2757 ‹lit·.populum;
550 2724 629 2745 suas
652 2716 718 2752 cuj.
740 2724 769 2744 e.
791 2713 956 2744 clientelae
1023 2718 1102 2744 nota
1133 2714 1175 2743 ad
1209 2712 1371 2743 Antonini
1401 2711 1549 2743 itinerar.
1579 2723 1614 2754 p.
1647 2715 1723 2745 367.

247 2761 364 2800 (esse).
415 2757 551 2797 Frangit
575 2757 647 2788 vim
676 2756 840 2788 orationis
867 2756 953 2788 inud
1022 2756 1183 2787 Ursinuni
1200 2755 1369 2797 probavit.
1385 2757 1435 2786 M.
1459 2754 1572 2786 Hodie
1589 2758 1726 2789 Decize.

246 2806 296 2836 in.
321 2805 372 2835 M.
418 2798 568 2834 Omnino
585 2802 766 2833 delendum
780 2800 900 2832 delevi.
1023 2800 1077 2832 Cf.
1094 2800 1274 2832 D’Anville
1290 2800 1369 2831 Not.
1385 2800 1427 2830 de
1444 2800 1477 2831 la
1493 2799 1611 2831 Gaule.

296 2845 751 2880 Detrimentosum.vid.Ind.
767 2846 816 2877 M.
841 2845 949 2877 Codd.
1070 2847 1159 2876 Duo.
1218 2844 1273 2875 Sic
1290 2849 1322 2874 et
1340 2847 1373 2881 5,
1392 2845 1444 2874 38.
1477 2844 1530 2875 Cf.
1553 2845 1657 2878 Gron.
1679 2845 1723 2877 ad

244 2892 384 2934 quidem
397 2893 592 2924 ‹lemn->mento
608 2901 678 2922 suo.
1018 2888 1097 2920 Liv.
1115 2892 1169 2927 35,
1184 2889 1239 2919 21.
1288 2887 1398 2929 Vulgo
1413 2888 1507 2929 duos,
