1946 3261
257 203 346 249 362
706 203 791 247 DE
823 201 1027 246 BELLO
1061 201 1273 246 CIVILI.

253 332 397 374 Caesar
430 326 709 371 Brundisium
740 325 796 368 ad
828 343 925 377 suos
955 327 1145 369 severius
1172 326 1356 386 scripsit,
1389 327 1502 371 nacti
1533 327 1736 372 idoneum

248 398 427 433 ventum
459 402 512 429 ne
537 385 797 428 occasionem
826 385 1058 444 navigandi
1090 385 1377 436 dimitterent,
1409 388 1499 430 sive
1526 386 1584 429 ad
1603 386 1734 431 litora

249 445 596 505 Apolloniatium
615 461 787 488 cursum
806 445 996 503 dirigere
1011 453 1144 503 atque
1163 461 1214 489 eo
1230 461 1359 489 naves
1378 446 1530 503 ejicere
1547 455 1732 505 possent.

250 507 356 548 Haec
385 519 412 546 a
446 504 695 547 custodibus
731 504 926 547 classium
954 504 1049 546 loca
1080 505 1265 547 maxime
1290 505 1517 556 vacabant,
1540 504 1660 564 quod
1689 521 1733 548 se

244 564 415 621 longius
435 562 637 621 portibus
655 563 925 606 committere
943 578 1028 606 non
1045 563 1273 607 auderent.

303 623 376 665 26.
410 621 498 672 Illi,
519 621 718 665 adhibita
748 622 931 664 audacia
958 631 1004 665 et
1023 623 1207 673 virtute,
1234 622 1638 667 administrantibus
1660 622 1732 666 Μ.

247 681 444 725 Antonio
465 689 511 724 et
533 680 660 724 Fufio
679 681 860 730 KalenO,
879 681 1067 724 multum
1086 681 1188 740 ipsis
1206 682 1416 725 militibus
1435 682 1730 732 hortantibus,

244 754 384 798 neque
404 740 545 783 ullum
562 739 805 798 periculum
824 755 905 797 pro
923 740 1062 783 salute
1084 741 1263 784 Caesaris
1280 742 1595 791 recusantibus,
1613 741 1731 784 nacti

243 807 457 849 austrum,
479 815 609 842 naves
629 799 805 841 solvunt
824 807 958 856 atque
980 799 1121 841 altera
1141 800 1210 843 die
1229 800 1511 858 Apolloniam
1533 798 1729 859 Dyrrha-

243 858 475 915 chiumque
505 857 899 917 praetervehuntur.
965 858 1048 908 Qui
1080 874 1216 914 quum
1245 867 1383 901 essent
1418 876 1473 901 ex
1493 859 1731 902 continenti

242 918 338 968 visi,
375 918 429 960 G.
465 916 703 975 Coponius,
741 916 818 974 qui
854 916 1117 976 Dyrrhachii
1151 917 1273 960 classi
1312 917 1496 961 Rhodiae
1528 926 1728 975 praeerat,

242 992 370 1020 naves
391 993 445 1019 ex
466 984 598 1035 portu
620 975 768 1018 educit
789 984 849 1025 et,
882 992 1016 1032 quum
1044 976 1132 1033 jam
1158 976 1313 1019 nostris
1334 976 1575 1019 remissiore
1595 983 1728 1019 vento

240 1036 676 1095 adpropinquassent,
709 1034 823 1077 idem
855 1043 1003 1077 auster
1027 1035 1246 1078 increbuit
1266 1035 1506 1092 nostrisque
1527 1033 1729 1093 praesidio

237 1095 340 1138 fuit.
405 1095 563 1152 Neque
584 1109 689 1136 vero
709 1093 782 1136 ille
801 1093 859 1136 ob
877 1110 970 1136 eam
991 1110 1181 1137 caussam
1199 1103 1358 1137 conatu
1379 1093 1631 1148 desistebat,
1650 1092 1726 1137 sed

207 1196 210 1199 ,
239 1153 388 1197 labore
409 1162 454 1196 et
472 1152 794 1211 perseverantia
815 1161 1045 1196 nautarum
1063 1170 1106 1196 se
1126 1154 1212 1196 vim
1235 1153 1502 1211 tempestatis
1518 1169 1725 1211 superare

239 1229 362 1271 posse
378 1212 596 1271 sperabat,
615 1220 1008 1269 praetervectosque
1029 1211 1352 1270 Dyrrhachium
1369 1227 1528 1269 magna
1546 1212 1589 1254 vi
1608 1211 1726 1254 venti

238 1271 373 1315 nihilo
413 1270 552 1313 secius
593 1270 874 1327 sequebatur.
955 1271 1125 1320 Nostri,
1167 1271 1231 1314 usi
1272 1271 1459 1313 fortunae
1500 1269 1724 1320 beneficio,

238 1339 383 1373 tamen
420 1330 615 1387 inpetum
646 1328 787 1372 classis
823 1329 1050 1379 timebant,
1082 1330 1115 1372 si
1146 1330 1260 1372 forte
1291 1338 1446 1371 ventus
1481 1328 1723 1384 remisisset..

240 1388 370 1432 Nacti
395 1396 607 1451 portum,
650 1389 728 1445 qui
769 1387 1020 1446 adpellatur
1059 1389 1101 1431 N
1106 1388 1367 1447 ymphaeum,
1403 1387 1521 1430 ultra
1556 1387 1723 1431 Lissum

285 1482 491 1516 caesar—ad
503 1483 765 1523 suos—scripsit.
799 1480 950 1512 Reticuit

241 1528 276 1559 li.
299 1529 322 1559 1.
350 1527 466 1559 Caesar
491 1537 588 1558 suum
604 1526 778 1568 quoddam
803 1526 948 1563 facinus,

242 1573 376 1604 illustre
401 1571 540 1612 quidem
566 1569 809 1609 magnitudinis
840 1570 947 1601 animi

238 1618 494 1652 documentum,
523 1615 581 1645 sed
607 1624 674 1655 quo
700 1615 861 1655 pallando
885 1615 947 1645 mi-

239 1660 310 1692 litis
326 1659 455 1702 potius,
470 1669 572 1699 quam
592 1658 808 1699 Imperatoris
831 1658 944 1689 officio

239 1706 374 1736 functus
401 1708 463 1734 cst.
510 1702 646 1733 Scilicet
679 1703 757 1732 dum
790 1702 947 1739 accubat,

238 1754 375 1790 repente
391 1745 501 1788 surgit
515 1757 533 1777 e
546 1745 708 1777 convivio
726 1746 945 1777 simulatione

238 1793 483 1830 mandatorum,
503 1800 577 1832 quae
590 1789 740 1830 cuipiam
758 1790 836 1820 darc
851 1790 943 1821 volit.

238 1836 349 1868 Sumit
385 1835 546 1867 servilem
589 1834 760 1866 vestitum.
811 1833 945 1864 vehitur

239 1891 337 1913 curru
356 1881 397 1911 ad
421 1879 511 1918 litus,
534 1878 731 1910 conscendit
755 1877 942 1915 navigium.

237 1931 282 1964 et,
308 1924 423 1956 nescio
444 1923 680 1964 gubernatore,
704 1931 808 1963 quc-m
831 1922 943 1954 velint.
976 1951 982 1962 ,

240 1970 312 2010 ipse
330 1968 479 2010 trajicere
497 1967 711 1998 Brundisium
728 1966 839 1997 audet.
881 1966 943 1997 Ur-

237 2018 335 2055 gente
358 2012 512 2054 procella
527 2017 560 2042 et
579 2010 754 2047 fluctibus,
772 2015 805 2040 et
821 2009 943 2048 guber-

236 2062 354 2088 natore
378 2057 590 2097 desperante,
613 2065 649 2085 se
674 2054 839 2085 Caesarem
867 2065 940 2084 esse

236 2100 424 2142 profitetur.
470 2100 648 2131 Excitatus
665 2098 867 2139 gubernator
891 2098 941 2128 ni-

234 2144 338 2176 titur:
369 2146 424 2175 sed
441 2143 572 2175 frustra.
619 2143 708 2184 Ergo
731 2142 939 2173 redeundum

236 2188 300 2220 fuit
315 2189 357 2220 ad
373 2188 465 2219 litus.
490 2188 598 2227 Atque
615 2187 660 2218 ita
678 2188 813 2217 demum
833 2187 940 2217 Brun-

236 2231 360 2264 disium
390 2232 500 2263 literas
527 2231 633 2262 misit.
680 2231 831 2272 Appian.
861 2230 936 2261 Civ.

237 2281 270 2315 2,
289 2278 342 2307 57.
368 2286 402 2316 p.
427 2278 502 2307 463.
526 2287 574 2316 sq.
598 2276 772 2306 Plutarch.
796 2274 882 2306 Caes.
906 2286 936 2305 c.

237 2323 290 2352 38.
316 2319 396 2351 Dio.
420 2318 512 2350 Cass.
536 2321 591 2357 41,
614 2321 666 2350 46.
706 2319 842 2349 Suetou.
867 2320 937 2350 Jul.

235 2375 311 2406 cap.
329 2367 381 2396 58.
418 2363 534 2394 Florus
551 2367 583 2401 4,
598 2366 630 2399 2,
649 2364 700 2393 37.
717 2369 749 2393 et
766 2362 839 2394 alii.
866 2364 913 2393 M.

282 2409 510 2440 Dimitterent.
574 2408 656 2438 Post
693 2407 757 2438 hoc
795 2406 936 2437 verbum

234 2453 311 2484 edd.
335 2452 502 2493 quaedam,
527 2455 642 2483 contra
664 2452 763 2481 codd.
789 2451 937 2482 auctori-

231 2502 348 2534 tatem,
370 2495 562 2534 adsuerunt,
580 2501 610 2527 et
634 2495 681 2526 ud
706 2496 853 2537 Oricum.
900 2496 934 2526 ln

233 2541 355 2573 iisdem
371 2540 448 2571 edd.
463 2549 543 2571 mox
558 2546 608 2571 est
630 2539 823 2581 dirisjermzt.
849 2540 935 2580 quod

234 2597 284 2617 eo.
308 2585 359 2616 M.
407 2584 490 2615 lllud
507 2584 596 2616 etad
614 2584 747 2614 O‘m'cum
760 2582 934 2616 intrusere.

232 2629 292 2672 qui
318 2626 485 2670 putabant
511 2634 588 2660 ante
614 2629 679 2658 sive
701 2625 829 2667 aliquid
852 2637 932 2658 con—

230 2673 325 2705 trarii
345 2672 498 2703 deficere.
544 2670 682 2703 Oricum
706 2681 838 2710 sempor
864 2672 932 2701 sere

232 2715 499 2748 adversariorum
546 2717 654 2747 classe
699 2714 931 2745 obsidebatur.

231 2760 308 2791 Non
333 2768 443 2791 tamen
466 2761 647 2791 tacendum
666 2764 728 2796 est,
742 2759 834 2799 apud
857 2760 932 2790 Flo-

229 2815 302 2836 rum
320 2803 386 2845 legi
403 2806 436 2842 4,
453 2807 484 2834 2.
507 2810 619 2837 castra
639 2809 710 2835 tum
731 2803 778 2835 αιί
796 2804 932 2834 Oricum

233 2848 390 2880 habuisse
406 2847 587 2881 Caesarem.

1064 1484 1140 1513 Sir-e
1163 1482 1209 1513 ml
1239 1484 1325 1514 litor.
1372 1482 1570 1524 Legendum
1596 1491 1671 1513 esse
1693 1483 1724 1513 si

1014 1527 1064 1557 vel
1087 1527 1133 1557 acl
1155 1529 1205 1557 lit.
1232 1526 1299 1558 hoc
1325 1537 1445 1558 sensu:
1483 1528 1513 1557 xz*
1534 1527 1652 1557 saltem
1675 1525 1725 1558 ad

1014 1571 1124 1605 litora,
1139 1572 1389 1609 Hotomannus,
1400 1569 1516 1602 Davis.
1526 1569 1723 1602 etclarkius

1007 1613 1221 1655 judicarunt.
1249 1616 1297 1646 M.

1063 1660 1175 1690 Neu-es·
1203 1661 1331 1699 ejicere.
1390 1660 1511 1690 lterum
1535 1657 1583 1689 sic
1605 1668 1638 1690 c.
1665 1660 1720 1690 28.

1014 1701 1065 1732 Cf.
1084 1703 1199 1734 Burni.
1224 1704 1265 1734 ad
1283 1702 1384 1734 Ovid.
1401 1704 1485 1734 lIer.
1509 1704 1541 1741 7,
1555 1702 1718 1744 89-jluc-

1012 1748 1096 1779 tibus
1113 1751 1261 1786 ejectum.
1309 1747 1378 1778 Alii
1396 1748 1523 1783 elicere,
1537 1747 1674 1786 eligere.

1059 1791 1155 1824 (iuml
1179 1802 1212 1821 se
1235 1792 1366 1831 lon-qius
1379 1807 1423 1813 —-
1439 1790 1473 1821 h.
1488 1801 1519 1821 e.
1535 1790 1626 1831 quod
1650 1799 1715 1822 non

1011 1835 1170 1865 audon-m
1185 1833 1267 1865 mari
1293 1845 1328 1865 se
1351 1833 1562 1865 committere
1586 1833 1719 1873 longius

1009 1888 1029 1908 a
1049 1878 1217 1919 portibus.
1258 1877 1299 1908 Et
1315 1879 1454 1909 fortasse
1471 1876 1613 1909 Vossius
1629 1885 1717 1909 recte

1011 1922 1155 1954 censuit.
1172 1934 1195 1953 (ι
1229 1921 1439 1953 inserendum
1456 1932 1530 1953 osse
1547 1927 1623 1953 ante
1636 1933 1718 1963 por-

1010 1967 1110 1996 tibus.
1151 1968 1201 1998 M.
1262 1966 1315 1997 Sic
1350 1967 1419 1998 Afr.
1453 1967 1505 1996 59.
1535 1967 1665 2004 lonqius
1694 1977 1718 1997 α,

1009 2013 1140 2041 castris.
1188 2010 1314 2042 Statius
1329 2016 1441 2041 tamen
1467 2009 1573 2041 ctiam
1588 2009 1717 2042 Achill.

1015 2056 1041 2091 l,
1064 2056 1134 2085 176.
1152 2055 1268 2085 robore
1284 2055 1392 2094 lonqe.

1055 2098 1198 2129 Kalena.
1222 2097 1290 2128 vid.
1307 2108 1338 2129 c.
1356 2102 1386 2130 8.
1412 2098 1462 2129 M.

1055 2143 1140 2182 112st
1179 2142 1340 2173 militibus
1380 2143 1597 2180 hortantibm,
1632 2152 1718 2183 quos

1008 2196 1093 2216 nunc
1114 2185 1314 2227 poenitontia
1331 2196 1468 2228 nuperae
1480 2184 1648 2217 tarditatis
1662 2187 1713 2226 (v.

1007 2232 1048 2261 ad
1065 2240 1094 2260 e.
1112 2232 1146 2269 ²2)
1163 2236 1310 2270 ceperat.
1334 2232 1384 2262 M.
1636 2236 1638 2238 ’

1053 2276 1360 2306 Preeterrelmntur.
1407 2273 1492 2305 Edd.
1515 2278 1583 2304 vet.
1600 2284 1714 2315 pert-e-

1006 2320 1146 2350 lmmur.
1186 2319 1274 2350 unde
1313 2319 1468 2359 Rutgers.
1502 2316 1587 2348 Ven.
1619 2318 1714 2349 Lect.

1005 2373 1036 2393 c.
1061 2365 1107 2393 11.
1127 2363 1381 2404 proevehumur,
1404 2369 1439 2393 ut
1461 2362 1552 2402 apud
1575 2361 1711 2394 Florum

1005 2408 1037 2445 3,
1055 2408 1086 2437 8.
1101 2409 1387 2448 proenariqantes.
1430 2405 1482 2437 Cf.
1499 2405 1657 2438 Dukerus
1669 2407 1710 2438 ad

1004 2450 1037 2481 h.
1053 2451 1075 2481 l.

1052 2496 1231 2536 Coponius.
1256 2494 1327 2524 vid.
1354 2506 1384 2526 c.
1409 2498 1441 2525 5.
1486 2493 1610 2526 Contra
1628 2493 1708 2525 Dio.

1003 2537 1099 2570 Cass.
1117 2541 1171 2577 41,
1187 2541 1229 2569 48
1245 2547 1264 2568 a
1283 2538 1416 2571 Libone
1432 2538 1505 2570 haec
1527 2544 1621 2579 gesta
1635 2549 1707 2569 esse

1002 2590 1123 2614 narrat.
1172 2582 1235 2614 Sed
1252 2582 1366 2615 Caesar
1392 2583 1505 2625 potius
1520 2581 1707 2614 audiendus

1001 2633 1062 2658 cst.
1087 2629 1136 2659 M.

1048 2672 1187 2703 Nostris.
1233 2670 1302 2703 Alii
1317 2673 1430 2703 nostri.
1446 2670 1548 2702 male.

1047 2716 1381 2756 Adprnpinquassent.
1405 2714 1488 2745 Scil.
1498 2725 1598 2747 naves
1611 2714 1705 2747 Rho-

1001 2758 1077 2790 diae.

1048 2805 1135 2843 Nym
1139 2805 1238 2844 phoeu
1244 2814 1290 2834 m.
1320 2802 1369 2834 lbi
1383 2809 1415 2834 ct
1425 2813 1524 2844 rupes
1534 2801 1704 2845 ignivoma

1001 2855 1033 2877 et
1061 2847 1310 2879 bituminosum
1338 2848 1449 2879 solum
1474 2853 1505 2878 et
1530 2847 1701 2879 oraculum
