1946 3261
564 135 682 182 LIB.
715 135 798 182 IV.
861 136 1000 182 CAP.
1032 136 1222 182 20-22.
1584 137 1637 188 91

149 273 263 316 rent,
293 279 365 314 eos
395 264 574 312 domum
594 266 781 309 remittit
813 274 859 310 et
888 282 988 309 cum
1017 265 1082 308 his
1108 281 1194 309 una
1216 264 1479 315 Commium,
1511 280 1643 322 quem

149 327 255 386 ipse,
279 325 566 370 Atrebatibus
599 325 826 384 superatis,
858 339 1005 383 regem
1034 324 1095 367 ibi
1121 326 1423 375 constituerat,
1455 324 1578 383 cujus
1597 334 1644 375 et

147 386 359 429 virtutem
377 394 423 428 et
446 385 672 428 consilium
696 385 914 444 probabat
935 392 979 426 et
1001 398 1130 440 quem
1161 384 1244 426 sibi
1265 384 1434 433 fidelem
1453 385 1642 435 aljbiwav

147 445 300 494 batur,
324 444 534 503 cujusque
555 445 793 488 auctoritas
810 444 854 487 in
871 443 921 485 iis
942 442 1193 500 regionibus
1213 443 1360 501 magni
1382 443 1642 493 habebatur,

148 504 302 550 mittit.
368 503 485 550 Huic
507 504 712 561 imperat,
745 519 851 560 quas
874 501 1023 560 possit,
1055 501 1184 543 adeat
1205 501 1402 544 civitates
1423 502 1644 554 hortetur-.-

150 578 251 621 que,
285 569 335 609 ut
360 561 520 620 Populi
543 561 730 609 Romani
763 561 890 604 fidem
920 568 1180 618 sequantur;
1211 576 1342 616 seque
1373 561 1572 604 celeriter
1591 578 1644 615 09

149 629 382 669 venturum
404 620 594 663 nunciet.
659 620 920 670 Volusenus,
955 619 1190 678 perspectis
1211 619 1476 675 regionibus,
1509 637 1645 678 quan,

151 689 247 728 tum
278 679 316 723 ei
350 679 572 722 facultatis
603 679 697 721 dari
726 680 889 737 potuit,
923 679 999 736 qui
1023 678 1121 728 navi
1143 678 1293 736 egredi
1316 694 1365 723 ac
1385 694 1428 720 se
1449 678 1646 729 barbaris

148 738 421 785 committere
443 753 528 781 non
548 738 746 787 auderet,
779 739 936 796 quinto
967 737 1036 780 die
1067 737 1122 785 ad
1146 738 1361 787 Caesarem
1384 738 1645 790 revertitur3

149 813 337 858 quaeque
358 797 418 840 ibi
441 797 742 856 perspexisset,
765 797 1003 840 renunciat.

208 856 277 902 22.
312 856 433 902 Dum
470 857 513 900 in
545 858 609 900 his
647 857 750 900 locis
789 857 932 900 Caesar
971 855 1146 898 navium
1178 855 1470 914 parandarum
1499 871 1647 905 caussa

150 925 366 965 moratur,
387 932 440 958 ex
460 932 615 975 magna
633 926 757 974 parte
778 916 1054 965 Morinorum
1078 915 1132 957 ad
1149 932 1249 964 eum
1266 915 1401 973 legati
1418 924 1648 966 venerunt,

150 976 227 1035 qui
258 991 301 1018 se
330 975 384 1018 de
413 976 649 1033 superioris
680 975 887 1034 temporis
917 974 1097 1018 consilio
1126 982 1396 1024 excusarent,
1434 974 1553 1033 quod
1575 974 1648 1019 ho·

149 1035 282 1083 mines
303 1034 479 1079 barbari
501 1044 545 1077 et
568 1043 725 1078 nostrae
744 1035 1066 1082 consuetudinis
1087 1034 1264 1093 inperiti
1287 1034 1452 1082 bellum
1476 1034 1648 1092 Populo

152 1094 350 1142 Romano
373 1094 587 1144 fecissent,
609 1110 740 1152 seque
761 1110 826 1142 ea,
851 1110 948 1151 quae
971 1096 1236 1151 imperasset,
1260 1093 1453 1141 facturos
1476 1094 1649 1151 pollice-

151 1163 318 1196 rentur.
386 1153 484 1197 Hoc
506 1154 587 1196 sibi
609 1153 710 1196 satis
733 1154 983 1212 obportune
1007 1154 1150 1196 Caesar
1171 1152 1369 1196 accidisse
1389 1153 1648 1203 arbitratus,

154 1213 272 1271 quod
304 1228 442 1275 neque
477 1222 575 1272 post
606 1222 778 1271 tergum
813 1212 976 1255 hostem
1009 1212 1254 1270 relinquere
1286 1212 1478 1261 volebat,
1510 1228 1650 1271 neque

153 1271 259 1319 belli
281 1272 456 1330 gerendi
480 1273 664 1330 propter
689 1271 787 1316 anni
812 1281 985 1330 ternpus
1007 1272 1258 1321 facultatem
1282 1271 1488 1322 habebat,
1510 1287 1650 1331 neque

153 1330 228 1374 has
271 1331 542 1374 tantularum
583 1346 729 1374 rerum
780 1346 884 1373 occu
902 1332 1085 1374 ,vationes
1132 1325 1213 1374 sibi
1258 1331 1494 1379 Britanniae
1533 1340 1650 1375 ante-

154 1389 374 1450 ponendas
391 1389 633 1448 judicabat,
665 1404 868 1447 magnum
922 1390 955 1431 is
976 1389 1173 1431 obsidum
1196 1405 1425 1432 numerum
1448 1391 1650 1457 imperat.

157 1449 332 1500 Quibus
367 1449 581 1498 adductis,
623 1464 694 1491 eos
736 1448 779 1491 in
819 1447 944 1490 fidem
985 1448 1161 1507 recepit.
1238 1448 1440 1494 Navibus
1479 1449 1653 1498 eil-citer

158 1508 323 1552 LXXX
344 1508 551 1550 onerariis
570 1507 729 1550 coactis
750 1508 1089 1564 contractisque,
1113 1516 1222 1563 quot
1243 1507 1344 1551 satis
1366 1523 1452 1550 esse
1472 1508 1526 1550 ad
1546 1507 1654 1553 duas

153 1567 511 1631 transportandas
545 1566 583 1608 le
618 1566 733 1608 iones
766 1566 1058 1614 existimabat,
1094 1565 1310 1623 quidquid
1377 1575 1553 1608 raeterea
1582 1583 1654 1610 na-

153 1627 274 1674 vium
316 1625 547 1684 longarum
618 1625 789 1667 abebat.
857 1625 1090 1674 Quaestori,
1127 1624 1301 1682 Legatis
1342 1582 1652 1683 praefectisque

152 1684 395 1729 distribuit.
462 1684 563 1727 Huc
595 1683 854 1726 accedebant
877 1682 1034 1726 XVIII
1059 1683 1267 1727 onerariae
1298 1699 1440 1732 naves,
1472 1700 1568 1742 quae
1599 1702 1652 1728 ex

153 1761 205 1789 eo
244 1745 339 1787 loco
380 1744 436 1787 ab
473 1743 648 1786 milibus
691 1759 892 1801 passuum
933 1742 1045 1789 VIII
1083 1752 1212 1785 vento
1250 1744 1526 1793 tenebantur,
1562 1760 1651 1802 quo

154 1805 294 1856 minus
316 1804 360 1847 in
381 1802 578 1850 eumdem
603 1812 782 1862 portum
806 1805 1033 1861 pervenire
1057 1810 1242 1862 possent.
1311 1802 1401 1851 Has
1429 1803 1653 1861 equitibus

150 1863 399 1910 distribuit;
451 1862 670 1923 reliquum
709 1861 946 1904 exercitum
992 1862 1046 1912 Q.
1087 1862 1262 1908 Titurio
1307 1861 1469 1905 Sabino
1509 1871 1554 1906 et
1598 1863 1649 1906 L.

159 1922 459 1967 Aurunculeio
481 1921 642 1971 Cottae,
669 1920 858 1979 Legatis,
893 1922 933 1963 in
958 1921 1183 1980 Menapios
1203 1930 1337 1979 atque
1362 1921 1405 1963 in
1427 1937 1497 1970 eos
1517 1937 1654 1982 pagos

160 2057 199 2129 gt
212 2055 249 2128 ¹9,
261 2055 321 2128 '80292
335 2052 367 2090 ἵ,
388 2052 438 2083 14.
484 2050 539 2082 Sic
562 2056 595 2083 et
620 2051 761 2084 Plautus
777 2049 870 2082 Men.

182 2120 192 2135 ‚
233 2121 240 2133 ‚
324 2120 331 2127 .

991 2053 1031 2083 {⁷1
1049 2052 1133 2092 Pop.
1152 2051 1247 2083 Rom.
1267 2049 1331 2081 hoc
1348 2056 1383 2083 ut
1399 2050 1432 2083 in
1447 2049 1651 2092 quibusdam

939 2096 1038 2127 codd.
1054 2096 1156 2125 des-st.

210 2142 276 2173 Eos
303 2141 443 2173 domum
473 2143 621 2172 remittit.
655 2140 702 2171 al.
732 2141 871 2171 remi-sit.

162 2187 352 2218 Pronomen
374 2195 425 2215 eos
446 2183 559 2216 induci
577 2183 653 2215 heic
667 2184 764 2225 jubet
781 2183 870 2215 Oud.

159 2231 203 2266 ad
221 2230 313 2262 Suet.
330 2229 401 2260 Jul.
417 2239 448 2260 c.
466 2231 496 2260 7.

210 2276 410 2306 Commium.
456 2273 492 2304 ln
519 2272 677 2304 thesauro
699 2272 871 2304 Brandon-

165 2318 262 2359 burg.
284 2318 361 2349 Vol.
380 2320 406 2348 l.
423 2329 455 2359 p.
475 2320 550 2357 305,
565 2323 673 2349 exstat
689 2328 822 2353 numus,
839 2315 872 2347 in

163 2362 261 2404 cujus
272 2372 339 2394 una
351 2362 438 2393 facie
451 2362 542 2393 circa
553 2372 678 2403 equum
694 2363 774 2393 Com
781 2363 873 2398 mio-s,

164 2406 198 2438 in
215 2406 320 2438 altera
343 2405 450 2447 capiti
473 2406 606 2447 galeato
637 2408 792 2438 Gru-maa
814 2405 872 2435 ad-

163 2450 329 2492 scriptum
345 2456 414 2481 est:
437 2461 535 2491 quem
553 2450 702 2491 Begerus
722 2450 764 2481 ad
782 2449 871 2480 huuc

159 2495 359 2526 Commium
372 2494 564 2526 Atrebatem
578 2494 688 2526 rct'ert.
710 2495 792 2526 Cell.
824 2493 874 2524 De

162 2541 271 2571 altero
294 2538 398 2569 verbo
427 2540 586 2570 Garman
609 2539 758 2580 Begerus
773 2537 872 2569 dubi-

165 2589 274 2615 tamer
302 2581 451 2623 scripsit,
474 2593 517 2614 an
542 2583 679 2614 fortasse
704 2583 747 2614 sit
771 2582 873 2619 idern,

164 2629 257 2669 quod
284 2628 474 2659 Germanus
482 2638 491 2666 3
514 2627 571 2657 sed
594 2627 660 2658 hoc
684 2627 770 2658 foret
790 2625 874 2657 ube-

163 2672 265 2706 rioris
293 2669 546 2712 disputationis,
570 2681 673 2712 quam
706 2681 767 2712 pro
796 2680 873 2701 meo

164 2715 323 2749 consilio.
369 2713 567 2746 Mascovius
585 2715 616 2746 in
633 2714 779 2746 historia
794 2714 875 2746 Ger-

165 2770 343 2794 manorum
365 2759 408 2790 Τ.
431 2761 458 2797 l,
482 2769 515 2801 p.
539 2760 592 2797 37,
620 2769 688 2790 non
718 2758 876 2800 inprobat

167 2806 255 2838 hanc
285 2804 379 2836 numi
408 2802 508 2844 hujus
537 2802 802 2844 explicationem
833 2803 874 2834 de

166 2849 339 2883 Commio.
357 2849 406 2880 M.
447 2847 513 2878 Dio
528 2848 631 2879 habet
645 2847 785 2887 Χέμμιος.
823 2848 876 2879 De

167 2905 272 2932 numo
286 2905 318 2925 v.
331 2892 463 2925 Eckhel
480 2892 521 2923 D.
537 2892 579 2923 N.
601 2892 642 2923 V.
659 2898 684 2923 t.
702 2894 729 2923 l.
745 2903 779 2934 p.
795 2893 851 2923 77.

215 2939 337 2981 Maqni
353 2937 432 2971 lzab.
478 2936 582 2979 Vulg.
597 2947 738 2980 mayna.
762 2937 814 2970 M.

986 2141 1169 2180 Pers-pectis
1198 2139 1395 2182 reqionibus.
1426 2138 1553 2172 addunt
1575 2139 1652 2182 qui-

940 2185 1016 2215 dam
1054 2184 1216 2215 omnibus.
1265 2182 1408 2214 Rectius
1444 2184 1555 2223 abest,
1589 2195 1650 2216 nec

942 2229 1043 2260 habet
1060 2228 1211 2260 Gra-cus.
1248 2242 1251 2246 ·

988 2274 1057 2305 Siba>
1085 2274 1170 2305 Brit.
1197 2277 1310 2313 antep.
1356 2272 1393 2305 ld
1423 2273 1488 2304 sibe?
1513 2271 1545 2304 in
1571 2272 1652 2305 aliis

940 2318 1044 2348 deest.

988 2361 1128 2393 LXXX
1158 2371 1250 2393 ouer.
1276 2359 1336 2392 alii
1366 2361 1650 2394 DCCCLXXX.

939 2406 1117 2437 manifesto
1134 2404 1349 2436 librariorum
1367 2404 1461 2437 vitio.
1509 2405 1652 2437 Orosius

942 2452 974 2488 6,
991 2452 1022 2481 8.
1039 2460 1116 2481 cum
1134 2450 1269 2489 vulgato
1284 2449 1460 2481 consentit.

988 2496 1128 2526 Coactis.
1156 2494 1231 2525 Hoc
1247 2494 1390 2534 pertinet
1403 2495 1444 2525 ad
1460 2493 1650 2525 universam

941 2549 1106 2570 summam
1145 2538 1294 2577 navium,
1332 2548 1416 2579 quas
1453 2538 1649 2579 collegerat.

940 2583 996 2614 Gr.
1014 2581 1181 2624 metapllr.
1197 2582 1367 2623 συναλίζων.
1394 2583 1442 2613 ΖΠ.

987 2629 1182 2660 Contractis.
1229 2627 1304 2657 Hoc
1337 2626 1478 2667 pertinet
1509 2627 1551 2657 ad
1581 2636 1650 2668 eas,

938 2682 1022 2713 quas
1036 2683 1077 2703 ex
1094 2671 1248 2702 universa
1264 2681 1394 2702 summa
1410 2670 1555 2702 delectas
1569 2681 1651 2702 con-

939 2722 1103 2757 gregarat,
1133 2725 1198 2746 una
1230 2714 1398 2756 proficisci
1423 2714 1580 2756 jusserat,
1613 2720 1650 2747 ut

941 2761 1024 2791 duas
1041 2758 1190 2801 legiones
1205 2764 1480 2800 transportarent.
1502 2759 1562 2791 Gr.
1579 2770 1650 2792 me-

939 2804 1050 2846 taphr.
1067 2802 1277 2842 ἒκλούγεσθαι.
1302 2803 1353 2834 Μ.

988 2849 1036 2879 Ab
1053 2848 1122 2879 mil.
1135 2857 1227 2888 pass.
1249 2848 1358 2879 VIII.
1386 2846 1442 2880 Sic
1454 2847 1538 2882 honi
1549 2848 1650 2882 codd.

941 2894 977 2927 ln
990 2892 1071 2934 aliis
1085 2892 1178 2924 deest
1192 2891 1399 2934 praepositio.
