1946 3261
734 237 854 282 LIB.
915 235 1056 280 CAP.
1088 235 1222 279 4-6.
1632 234 1718 277 477

237 373 266 392 “
293 367 420 410 Unus
436 369 544 417 est,'’
571 364 729 424 inquit,
752 373 780 392 “
799 364 950 423 Scipio
971 363 1216 422 Imperator
1236 361 1318 406 hoc
1339 370 1537 422 tempore
1562 360 1722 419 Populi

236 432 266 452 “
293 426 524 470 Romani.”
574 426 740 468 Deinde
763 424 806 467 in
839 431 1076 482 conspectu
1109 438 1187 464 suo
1219 422 1446 480 captivum
1480 420 1628 464 statim
1661 421 1723 463 in-

233 485 371 528 terfici
388 486 514 544 jubet
528 484 783 541 litterasque
802 481 995 526 nondum
1011 481 1241 540 perlectas,
1259 481 1373 524 sicut
1388 489 1513 524 erant
1525 480 1722 538 signatae,

234 543 314 587 dat
335 544 497 588 homini
515 550 637 586 certo
659 543 716 585 ad
741 541 990 600 Scipionem
1006 539 1297 598 perferendas.

296 602 338 645 5.
391 602 644 659 Postquam,
684 616 772 643 una
809 606 936 643 nocte
970 608 1016 642 et
1047 598 1118 641 die
1153 597 1207 639 ad
1234 596 1448 655 oppidum
1483 605 1722 648 consumta,

236 677 377 718 neque
406 676 661 719 responsum
682 660 823 703 ullum
850 675 876 702 a
908 657 1114 702 Considio
1137 656 1356 703 dabatur;
1389 671 1528 713 neque
1559 656 1599 698 ei
1627 656 1726 699 reli-

237 735 333 777 quae
354 719 490 777 copiae
510 718 826 762 succurrebant
847 733 856 767 ;
890 733 1029 776 neque
1058 716 1261 775 equitatu
1283 714 1566 763 abundabam
1597 723 1641 757 et
1671 714 1727 757 ad

237 777 455 837 oppidum
476 776 823 837 obpugnandum
852 792 938 821 non
968 775 1069 819 satis
1090 774 1317 834 copiarum
1353 772 1548 815 habebat.
1585 781 1630 814 et
1658 790 1727 816 eas

237 837 431 880 tironum
454 853 465 887 ;
518 853 660 895 neque
702 837 846 895 primo
897 836 1088 879 adventu
1133 832 1439 877 convulnerari
1488 831 1728 874 exercitum

239 896 448 947 volebat;
480 906 526 940 et
561 895 718 955 oppidi
753 896 932 954 egregia
968 893 1153 938 munitio
1189 902 1234 935 et
1266 891 1451 934 difficilis
1477 890 1534 933 ad
1556 891 1729 949 obpug-

240 955 433 1006 nandum
482 964 577 999 erat
622 970 847 1004 accessus;
906 964 951 997 et
996 952 1316 996 nunciabantur
1360 950 1523 993 auxilia
1572 965 1731 1007 magna

239 1014 464 1072 equitatus
493 1014 720 1073 oppidanis
756 1014 978 1073 subpetias
1015 1012 1164 1056 venire
1188 1028 1198 1060 ;
1239 1026 1326 1053 non
1346 1018 1410 1053 est
1431 1009 1521 1052 visa
1541 1009 1656 1051 ratio
1677 1008 1732 1051 ad

239 1073 585 1133 obpugnandum
606 1073 818 1132 oppidum
838 1071 1151 1120 commorandi,
1168 1086 1239 1120 ne,
1257 1069 1365 1112 dum
1386 1070 1430 1111 in
1447 1084 1498 1111 ea
1517 1084 1564 1112 re
1586 1068 1733 1112 Caesar

240 1142 349 1176 esset
386 1142 643 1192 occupatus,
680 1133 1001 1177 circumventus
1038 1148 1063 1174 a
1097 1140 1223 1189 tergo
1244 1129 1301 1172 ab
1323 1128 1524 1188 equitatu
1545 1126 1735 1171 hostium

246 1192 482 1237 laboraret.

303 1251 345 1293 6.
378 1251 550 1310 Itaque,
572 1260 714 1295 castra
735 1267 874 1310 quum
894 1265 1069 1294 movere
1103 1248 1256 1298 vellet,
1294 1246 1442 1292 subito
1478 1261 1532 1288 ex
1566 1244 1734 1305 oppido

243 1311 396 1370 erupit
431 1311 671 1354 multitudo
702 1319 834 1368 atque
862 1310 1084 1368 equitatus
1104 1307 1294 1351 subsidio
1326 1322 1413 1350 uno
1448 1314 1645 1364 tempore
1676 1305 1737 1347 eis

247 1385 347 1412 casu
381 1370 614 1422 succurrit,
645 1371 721 1428 qui
754 1377 850 1412 erat
871 1370 1021 1411 missus
1042 1368 1100 1410 ab
1121 1367 1149 1410 J
1154 1368 1241 1409 uba
1262 1366 1318 1409 ad
1342 1364 1608 1424 stipendium
1628 1364 1738 1407 acci-

248 1429 474 1488 piendum,
508 1439 750 1487 castraque,
783 1427 898 1471 unde
923 1428 1067 1471 Caesar
1091 1442 1285 1484 egressus
1306 1426 1391 1468 iter
1425 1425 1566 1466 facere
1597 1440 1738 1482 coepe-

249 1497 335 1539 rat,
371 1498 587 1547 occupant
618 1497 664 1531 et
702 1488 792 1545 ejus
829 1503 985 1546 agmen
1020 1494 1265 1529 extremum
1301 1483 1465 1541 insequi
1495 1491 1738 1541 coeperunt.

250 1548 358 1597 Quae
392 1563 458 1591 res
496 1563 631 1606 quum
669 1546 964 1590 animadversa
997 1553 1122 1596 esset,
1160 1544 1305 1586 subito
1339 1542 1566 1600 legionarii
1585 1542 1740 1585 consis-

249 1614 366 1658 tunt,
387 1615 433 1649 et
453 1608 640 1664 equites,
674 1621 940 1664 quamquam
971 1612 1095 1647 erant
1129 1603 1271 1662 pauci,
1307 1610 1450 1644 tamen
1473 1610 1623 1644 contra
1647 1610 1739 1644 tan-

247 1674 339 1709 tam
372 1665 700 1709 multitudinem
724 1663 1004 1708 audacissime
1025 1669 1307 1706 concurrunt.
1374 1659 1551 1702 Accidit
1579 1676 1648 1703 res
1677 1661 1739 1702 in-

248 1724 484 1775 credibilis,
521 1733 573 1767 ut
603 1724 773 1783 equites
805 1724 944 1766 minus
974 1722 1158 1781 triginta
1191 1720 1312 1763 Galli
1337 1719 1598 1762 Maurorum
1620 1719 1743 1777 equi-

248 1792 343 1827 tum
385 1783 473 1826 duo
511 1783 629 1826 milia
668 1783 764 1827 loco
815 1782 1032 1840 pellerent
1075 1788 1406 1838 urguerentque
1437 1778 1481 1821 in
1511 1778 1740 1837 oppidum.

254 1843 494 1901 Postquam
524 1843 687 1902 repulsi
709 1851 756 1885 et
783 1841 969 1900 conjecti
1000 1849 1125 1884 erant
1156 1840 1272 1882 intra
1293 1838 1570 1887 munitiones,
1596 1838 1743 1883 Caesar

248 1902 333 1945 iter
354 1903 642 1946 constitutum
662 1902 723 1945 ire
745 1901 983 1946 contendit.
1049 1898 1181 1950 Quod
1203 1914 1339 1957 quum
1355 1897 1511 1955 saepius
1533 1897 1745 1947 facerent,

251 1969 299 2004 et
319 1961 448 2006 modo
471 1963 819 2020 insequerentur,
843 1959 974 2004 modo
1015 1975 1164 2002 rursus
1199 1958 1257 2001 ab
1293 1957 1515 2015 equitibus
1548 1956 1592 1998 in
1622 1957 1747 2015 oppi-

250 2019 356 2064 dum
393 2021 745 2078 repellerentur:
795 2019 1049 2063 cohortibus
1083 2016 1230 2077 paucis
1270 2033 1323 2059 ex
1363 2015 1594 2065 veteranis,
1636 2031 1746 2073 quas

253 2096 398 2122 secum
418 2079 625 2129 habebat,
648 2080 691 2122 in
713 2088 908 2121 extremo
936 2078 1109 2136 agmine
1134 2075 1386 2124 conlocatis,
1410 2083 1454 2118 et
1508 2083 1602 2116 arte
1624 2074 1746 2133 equi-

254 2146 389 2188 tatus,
426 2139 511 2181 iter
544 2138 701 2181 leniter
737 2154 835 2181 cum
869 2137 1051 2195 reliquis
1084 2135 1226 2179 facere
1249 2135 1396 2192 coepit.
1461 2091 1546 2183 Ilia,
1577 2143 1746 2191 quanto

255 2196 426 2256 longius
452 2198 509 2241 ab
538 2197 702 2256 oppido
722 2196 1040 2247 discedebatur,
1063 2202 1187 2237 tanto
1208 2193 1423 2237 tardiores
1443 2192 1499 2235 ad
1522 2194 1745 2252 insequen-

258 2255 364 2299 dum
401 2264 526 2300 erant
562 2256 778 2300 Numidae.
843 2255 1025 2298 Interim
1059 2254 1102 2296 in
1135 2254 1290 2298 itinere
1322 2270 1375 2296 ex
1397 2251 1571 2311 oppidis
1592 2261 1637 2295 et
1658 2269 1746 2295 cas-

257 2315 373 2358 tellis
394 2316 630 2375 legationes
649 2316 814 2365 venire,
839 2313 1038 2373 polliceri
1053 2314 1323 2356 frumentum
1346 2321 1610 2372 paratosque
1642 2328 1747 2363 esse,

257 2390 356 2432 quae
379 2374 646 2433 imperasset,
668 2376 827 2418 facere.
892 2373 1050 2430 Itaque
1072 2388 1123 2416 eo
1151 2373 1221 2417 die
1247 2381 1389 2416 castra
1426 2371 1573 2431 posuit
1594 2370 1648 2413 ad
1670 2386 1747 2430 op-

259 2433 412 2493 pidum
434 2434 675 2493 Ruspinam
696 2432 903 2478 Kalendis
925 2432 1161 2477 Januariis.
1182 2442 1186 2444 “

256 2555 354 2598 jubet
381 2555 475 2588 illico
501 2555 660 2589 interfici.
691 2556 741 2587 M.
787 2555 877 2587 Istud
901 2556 969 2586 imo
1087 2556 1250 2594 Siynatoe.
1298 2552 1352 2585 Sic
1370 2560 1403 2584 et
1420 2552 1534 2584 Valer.
1557 2550 1653 2583 Max.
1671 2552 1702 2590 6,
1719 2554 1751 2589 5,

259 2605 372 2632 ortum
396 2600 527 2632 videtur
541 2612 560 2632 e
575 2611 662 2632 voce
690 2601 781 2641 Imp.
806 2599 896 2640 quod
920 2598 972 2629 vi·
1040 2599 1073 2630 6.
1103 2599 1218 2640 Nepos
1236 2598 1354 2639 Pelop.
1374 2599 1405 2636 3,
1424 2601 1456 2628 2.

261 2655 338 2676 sum
354 2644 500 2677 Davisio
515 2650 549 2677 et
566 2644 724 2676 Oudend.
761 2643 825 2674 Sed
852 2643 972 2674 Celsus
1089 2644 1266 2675 Tironum.
1295 2642 1348 2673 Cf.
1364 2652 1395 2673 c.
1416 2644 1445 2672 1.
1470 2641 1520 2672 M.

262 2688 467 2730 simpliciter
497 2700 520 2721 a
549 2691 696 2721 C'aesare.
741 2688 819 2719 Hoc
860 2687 973 2729 placet
1086 2688 1252 2719 Accessus.
1286 2685 1355 2717 Alii
1371 2686 1558 2718 adscmsus.

262 2733 427 2773 Cellario,
451 2732 513 2776 qui
540 2732 695 2765 occisum
722 2731 832 2764 credit
862 2731 972 2773 capti-
1088 2732 1139 2762 Αιῑ
1153 2731 1293 2773 εεὶρεηιῑ.
1308 2732 1410 2771 accip.
1427 2740 1448 2761 a
1462 2727 1638 2770 Scipione.
1657 2729 1702 2761 cf.
1719 2739 1753 2761 c.

265 2787 356 2817 vum,
371 2778 462 2819 quod
486 2776 666 2809 Considius
684 2775 910 2818 suspicaretur
931 2776 972 2807 de
1042 2777 1076 2807 8.
1099 2776 1151 2806 M.

264 2820 361 2854 urbis
376 2821 556 2854 traditione
570 2832 670 2862 agere
688 2821 830 2852 litteras.
1093 2821 1358 2861 Uryueremtque.
1374 2816 1522 2856 Quidam
1536 2818 1638 2850 codd.
1647 2817 1753 2860 fuya-

318 2868 411 2900 Unus
425 2884 470 2890 —-
486 2867 645 2899 Romani.
682 2866 773 2907 Ergo
788 2864 884 2900 nulla
899 2863 975 2898 Cae-
1041 2868 1195 2905 remque,
1230 2863 1323 2904 quod
1363 2862 1453 2894 Oud.
1491 2867 1585 2895 recte
1622 2862 1755 2895 videtur

267 2910 353 2945 saris
369 2911 528 2946 mandata
542 2920 703 2954 agnosco.
728 2911 778 2944 M.
958 2942 962 2945 ,
1043 2909 1224 2951 glossema.
1248 2908 1299 2939 M.

1091 2953 1175 2986 Kal.
1192 2953 1380 2992 Januariis,
1406 2951 1443 2985 h.
1459 2962 1490 2985 e.
1513 2951 1571 2985 die
1587 2928 1629 2984 l8
1648 2950 1752 2986 Octo-
