1961 3230
280 197 380 240 xviii

334 324 385 361 A.
406 323 452 361 U.
475 321 620 360 DCCV
642 320 751 372 (ante
771 318 814 357 C.
835 318 918 371 49.)
978 327 979 344 ἒ
1167 320 1260 351 Anno

978 351 982 429 ι
1049 364 1227 393 Fastorum
1243 364 1384 394 Roman.

1006 502 1098 541 Kal.
1119 500 1246 551 April.

294 507 432 545 Caesar
451 504 500 541 ad
518 504 656 543 urbem
672 501 928 553 proficiscitur

427 562 455 597 l,
471 561 522 589 32.
538 557 611 589 Cic.
627 558 667 588 ad
683 558 751 589 Att.
766 559 861 595 9,15‚
880 559 917 588 19

350 645 389 682 in
405 643 634 687 ulteriorem
653 642 831 683 Galliam
848 641 929 681 abit

1007 641 1055 679 v.
1076 641 1138 680 Id.
1154 641 1252 693 Apr.

427 702 455 738 1,
469 700 510 728 33
1154 712 1157 714 -

296 784 501 835 Pompeius
513 784 734 823 Vibullium
746 784 788 827 in
797 785 965 835 Hispan.

349 839 470 878 mittit
488 853 496 884 ;
527 839 743 877 Domitium
771 839 821 877 ad
849 853 965 877 occu-

348 894 519 944 pandam
534 893 752 931 Massiliam

430 951 457 986 1,
472 949 513 979 34

299 1033 438 1073 Caesar
457 1035 506 1081 ad
528 1033 760 1072 Ciceronem
780 1032 915 1071 scribit
1012 1033 1088 1073 XV
1107 1033 1200 1072 Kal.
1221 1029 1320 1070 Maii

430 1087 504 1120 Cic.
520 1090 565 1120 ad
580 1089 646 1120 Att.
676 1091 726 1126 10,
741 1091 761 1119 8

299 1173 479 1213 Massilia
494 1174 680 1225 Pompeio
702 1174 880 1212 adhaeret

433 1233 462 1268 1,
478 1232 531 1260 34.
546 1229 618 1260 Cic.
636 1229 685 1260 ib.
702 1232 739 1260 10
756 1235 789 1259 et
807 1231 845 1259 14

355 1317 606 1367 obpugnatur
1017 1315 1114 1353 XVI
1136 1315 1228 1352 Kal.
1249 1312 1274 1350 J
1275 1326 1340 1350 un.

353 1412 437 1464 ejus
459 1411 635 1453 obsessio
656 1409 860 1449 commissa
875 1410 971 1448 Tre·
1012 1412 1113 1451 VIII
1135 1412 1227 1449 Kal.
1247 1407 1404 1456 Quinct.

406 1465 523 1503 bonio

432 1522 460 1557 1,
475 1521 626 1558 36.9,1.
650 1518 730 1557 Dio,
749 1520 805 1555 41,
823 1520 859 1549 19

298 1606 440 1645 Caesar
476 1605 517 1643 in
553 1604 789 1655 Hispaniam
828 1602 972 1642 transit
1016 1605 1096 1643 VII
1117 1605 1206 1644 Kal.
1233 1602 1392 1650 Quinct.

352 1665 406 1697 40
428 1660 563 1697 diebus
580 1666 670 1696 ante
687 1658 810 1697 victos
827 1658 968 1696 Afran.

355 1721 393 1752 et
420 1713 620 1751 Petreium

429 1772 461 1806 2,
475 1769 514 1797 32

304 1852 499 1904 Hispania
521 1851 679 1890 citerior
697 1852 850 1890 devicta
1018 1853 1076 1892 IV
1096 1853 1206 1892 Non.
1223 1851 1337 1890 Sext.

437 1910 463 1946 1,
479 1910 530 1938 84.
555 1907 684 1947 Fragm.
699 1908 870 1937 Fastorum
882 1906 975 1946 apud

472 1951 568 1982 Grut.
586 1961 618 1990 p.
640 1952 710 1988 133,
725 1961 773 1990 sq.
795 1955 827 1980 et
851 1949 882 1980 in
901 1949 970 1980 tab.

473 1993 647 2025 Antiatina
696 1994 748 2024 ed.
797 2004 815 2024 a
854 1994 972 2024 Rocco

474 2037 614 2077 Vulpio.
639 2037 739 2068 Rom.
760 2038 841 2067 1726

304 2123 445 2161 Caesar
490 2122 688 2161 Cordubae
741 2129 974 2163 conventum

355 2176 441 2226 agit

432 2233 464 2269 2,
489 2232 526 2262 19

304 2314 442 2354 Caesar
462 2316 643 2354 Dictator
661 2314 829 2366 primum
1021 2313 1099 2352 VII
1122 2313 1214 2354 Kal.
1237 2313 1326 2353 Oct.

436 2376 527 2411 patet
557 2380 597 2401 ex
624 2380 689 2402 aera
715 2368 976 2410 Syro-Macedo-

478 2424 571 2445 num.
595 2423 628 2445 v.
640 2413 769 2445 Usserii
783 2415 868 2446 Ann.
886 2413 928 2444 ad
943 2424 974 2444 a.

478 2468 525 2488 m.
543 2459 627 2489 3956

303 2541 484 2582 Massilia
502 2548 616 2593 capta

430 2601 463 2634 2,
478 2600 518 2634 22

303 2680 435 2721 Caesar
454 2683 582 2722 Roma
610 2679 865 2722 Brundisium
894 2679 976 2720 abit
1024 2678 1082 2719 VI
1101 2679 1192 2720 Kal.
1212 2679 1301 2721 Jan.

896 2825 1164 2841 mvn-

570 192 986 239 COMPARATIO
1022 192 1439 236 EPOCHARUM.

1017 1175 1055 1213 V
1075 1175 1184 1214 Non.
1200 1171 1299 1212 Maii
1318 1183 1397 1221 seq.

1557 318 1653 348 Anno

1484 361 1620 393 Juliano
1634 359 1721 401 prol.

1561 405 1623 434 705

1482 503 1500 535 l
1523 497 1638 535 Febr.

1467 644 1590 677 ,8-

1489 1029 1544 1069 23.
1568 1047 1622 1055 -

1496 1172 1539 1205 11
1553 1166 1756 1215 Mart.seq.

1491 1312 1624 1346 25-

1497 1411 1513 1444 l
1535 1405 1645 1453 Maii.

1493 1854 1514 1885 9
1535 1847 1628 1885 Jun.

1495 2117 1600 2156 cirea
1618 2119 1682 2156 fin.

1548 2171 1576 2210 J
1576 2185 1642 2210 un.

1495 2318 1547 2353 30
1566 2310 1677 2352 Julii.

1495 2538 1625 2578 medio
1652 2537 1762 2591 Aug.

1497 2685 1548 2719 28
1569 2677 1658 2719 Oet.
