1946 3261
234 191 323 239 390
691 192 775 236 DE
807 191 1010 236 BELLO
1044 190 1256 236 CIVILI.

238 335 267 362 a
288 318 437 361 castris
454 318 509 360 ad
532 319 688 360 flumen
720 318 958 376 perductae,
995 319 1254 376 expugnatis
1284 319 1375 377 jam
1412 320 1562 362 castris
1593 319 1720 362 Pom-

240 378 341 436 peii,
364 392 501 434 prope
531 376 620 434 jam
654 375 902 435 expeditam
943 377 1123 420 Caesaris
1160 378 1384 421 victoriam
1418 377 1720 438 interpellave-

238 445 370 478 runt:
414 433 566 477 eadem
601 451 684 486 res,
726 435 946 480 celeritate
987 437 1302 493 insequentium
1339 437 1529 488 tardata,
1566 435 1722 480 nostris

237 493 425 538 salutem
445 493 624 538 adtulit.

297 552 369 596 71.
425 553 612 597 Duobus
653 553 716 597 his
759 555 884 598 unius
924 553 1007 596 diei
1051 555 1216 612 proeliis
1264 556 1410 598 Caesar
1459 553 1725 599 desideravit

236 611 397 655 milites
417 612 715 656 DCCCCLX
737 623 782 657 et
802 623 924 656 notos
945 613 1128 669 Equites
1150 614 1278 657 Rom.
1304 613 1578 673 Felginatem
1598 613 1725 656 Tuti-

237 686 393 714 canum
450 671 647 722 Gallum,
705 672 925 716 senatoris
981 672 1118 715 filium
1145 689 1154 722 ;
1211 675 1263 716 C.
1309 673 1585 731 Felginatem
1626 672 1722 716 Pla-

239 730 411 780 centia;
445 731 499 774 A.
543 731 758 774 Granium
798 731 1016 780 Puteolis;
1066 733 1133 774 M.
1175 733 1493 776 Sacrativirum
1534 732 1722 791 Capua;

239 788 458 834 Tribunos
490 789 676 833 militum
708 799 752 834 et
785 791 1073 834 Centuriones
1094 791 1284 834 XXXII.
1349 793 1436 836 Sed
1457 791 1613 835 horum
1634 807 1724 834 om-

239 847 360 892 nium
384 864 484 908 pars
512 865 683 908 magna,
706 850 748 893 in
771 851 891 893 fossis
921 850 1322 908 munitionibusque
1344 859 1389 893 et
1410 850 1596 894 fluminis
1617 849 1724 917 ripis

237 908 447 967 obpressa
466 924 643 951 suorum
664 918 832 952 terrore
853 926 902 952 ac
939 910 1060 968 fuga,
1096 910 1184 952 sine
1218 910 1309 953 ullo
1331 909 1513 953 vulnere
1540 909 1723 958 interiit,

236 967 447 1026 signaque
468 977 567 1010 sunt
587 968 795 1012 militaria
816 968 988 1012 XXXII
1011 969 1176 1012 amissa.
1242 969 1473 1028 Pompeius
1500 977 1546 1011 et
1565 967 1725 1028 proelio

238 1025 485 1085 Imperator
505 1036 570 1070 est
588 1027 848 1087 adpellatus.
915 1028 1014 1071 Hoc
1036 1044 1189 1071 nomen
1210 1028 1404 1072 obtinuit
1421 1037 1555 1086 atque
1588 1027 1650 1071 ita
1678 1044 1723 1071 se

240 1094 396 1144 postea
430 1085 610 1129 salutari
647 1103 791 1145 passus
826 1096 916 1135 est;
961 1087 1033 1130 sed
1073 1104 1213 1146 neque
1235 1088 1277 1130 in
1301 1087 1476 1137 litteris,
1495 1102 1604 1145 quas
1623 1086 1725 1130 scri-

239 1145 344 1188 bere
377 1153 442 1187 est
469 1144 635 1195 solitus,
675 1162 816 1205 neque
851 1147 892 1188 in
919 1146 1103 1189 fascibus
1125 1146 1305 1205 insignia
1328 1146 1486 1190 laureae
1509 1145 1721 1204 praetulit.

240 1204 304 1247 At
341 1203 571 1253 Labienus,
605 1220 742 1262 quum
782 1207 837 1250 ab
873 1222 924 1248 eo
963 1206 1281 1263 impetravisset,
1325 1214 1374 1247 ut
1409 1206 1490 1248 sibi
1527 1221 1577 1248 ca
1611 1204 1726 1249 tivos

238 1261 402 1305 transdi
420 1263 614 1320 juberet,
639 1280 784 1308 omnes
806 1265 1042 1324 productos
1065 1265 1380 1313 ostentationis,
1404 1273 1454 1306 ut
1474 1263 1572 1306 vide
1607 1272 1726 1314 atur,

238 1336 403 1371 caussa,
423 1337 511 1379 quo
533 1322 670 1380 major
693 1324 892 1382 perfugae
914 1322 1020 1365 fides
1041 1323 1295 1373 haberetur,
1320 1322 1632 1366 commilitones
1651 1322 1726 1366 ad·

239 1379 404 1437 pellans
438 1389 484 1422 et
521 1396 676 1438 magna
722 1379 958 1426 verborum
1005 1381 1270 1424 contumelia
1314 1382 1587 1440 interrogans
1621 1382 1728 1426 sole·

239 1447 392 1482 rentne
415 1439 608 1482 veterani
630 1441 787 1485 milites
822 1442 991 1499 fugere,
1028 1441 1069 1483 in
1100 1440 1292 1485 omnium
1326 1449 1560 1500 conspectu
1594 1440 1726 1486 inter-

238 1497 344 1541 ficit.

299 1557 370 1600 72.
419 1557 500 1601 His
540 1558 667 1601 rebus
710 1566 879 1601 tantum
924 1559 1093 1603 fiduciae
1142 1577 1190 1602 ac
1241 1559 1424 1618 spiritus
1459 1559 1729 1619 Pompeianis

235 1615 430 1665 accessit,
468 1625 519 1659 ut
550 1632 634 1660 non
662 1616 717 1658 de
747 1618 913 1662 ratione
944 1619 1046 1662 belli
1070 1620 1334 1678 cogitarent,
1367 1618 1442 1661 sed
1461 1618 1611 1662 vicisse
1638 1619 1727 1678 jam

239 1676 322 1720 sibi
344 1674 616 1718 viderentur.
682 1676 783 1719 Non
822 1677 882 1720 illi
925 1678 1193 1737 paucitatem
1233 1688 1482 1721 nostrorum
1519 1678 1725 1730 militum,

238 1750 324 1778 non
346 1734 619 1792 iniquitatem
637 1734 719 1777 loci
739 1745 872 1794 atque
895 1737 1131 1796 angustias,
1165 1736 1479 1796 praeoccupatis
1495 1738 1660 1788 castris,
1682 1747 1728 1782 et

239 1792 473 1852 ancipitem
495 1802 708 1836 terrorem
732 1794 846 1838 intra
859 1804 1071 1853 extraque
1089 1797 1363 1846 munitiones,
1387 1811 1471 1839 non
1493 1795 1727 1840 abscissum

239 1853 284 1896 in
301 1852 410 1896 duas
424 1853 559 1911 partis
572 1853 826 1904 exercitum,
845 1871 981 1912 quum
997 1855 1134 1898 altera
1151 1855 1278 1906 alteri
1293 1855 1502 1897 auxilium
1514 1855 1629 1898 ferre
1642 1871 1727 1900 non

239 1920 400 1971 posset,
439 1927 596 1956 caussae
630 1913 757 1955 fuisse
795 1914 1061 1972 cogitabant.
1129 1915 1231 1957 Non
1269 1913 1324 1957 ad
1362 1913 1450 1957 haec
1488 1913 1727 1965 addebant,

286 2026 471 2067 Propriam
495 2031 524 2058 el
549 2026 755 2067 empmlimm.
803 2025 953 2057 Omnino
1066 2026 1268 2067 Imperetur.
1314 2025 1367 2057 (Ὺ.
1383 2026 1555 2065 ad.2‚26.
1584 2027 1636 2059 Μ.
1684 2027 1728 2060 Et

241 2069 505 2107 rescribendum,
535 2081 638 2112 prope
655 2073 733 2108 jam.
751 2071 952 2111 e-rpmlitnm,

240 2118 278 2144 ut
307 2112 381 2145 MS.
412 2113 548 2146 Norvic.
580 2113 732 2145 exhibet.
784 2116 953 2146 Dav-isim.

246 2157 376 2199 Recepi
393 2168 471 2189 cum
488 2158 576 2189 Oud.
593 2158 705 2190 simile
721 2169 751 2189 v.
768 2169 798 2189 c.
817 2160 869 2189 73.

299 2202 442 2234 Duobus
490 2203 539 2233 his
574 2219 618 2224 —
655 2220 699 2225 —
736 2205 952 2234 femin-iones

247 2246 415 2278 XXXII.
438 2246 520 2277 lla‘c
538 2245 570 2276 in
584 2247 682 2277 codd.
715 2247 758 2278 ita
784 2253 859 2277 sunt
885 2254 952 2278 tur-

242 2290 335 2328 bata,
344 2289 541 2322 diversitate
553 2297 644 2321 cons!
653 2292 780 2323 melion
789 2291 897 2329 is,disc
905 2302 952 2322 τι·-

244 2333 360 2376 pantia
376 2333 566 2372 nominum,
589 2334 712 2366 additis
735 2342 790 2366 aut
817 2336 953 2367 mutatis

244 2377 407 2416 numeris,
423 2383 458 2409 ut
473 2379 514 2409 de
539 2388 615 2409 vem
645 2378 789 2411 lectioni·
813 2379 952 2410 omnin«,

244 2423 489 2464 desperandum
509 2422 564 2453 sit.
590 2423 640 2453 M.

288 2467 410 2498 Milites
419 2466 657 2498 Dc‘cffc'LAz
675 2465 764 2496 Plnt.
781 2466 812 2498 in
831 2469 951 2508 Pomp.

244 2513 298 2541 65.
310 2510 408 2553 ponit
418 2511 508 2542 MM.
519 2509 700 2542 Orosiusss.
715 2511 764 2540 15.
783 2512 953 2543 MJIJIM.

246 2555 314 2587 Alii
333 2557 477 2588 Coesaris
502 2557 622 2597 recepti
645 2560 720 2586 sunl
736 2557 853 2587 milites
869 2574 912 2578 —
925 2563 954 2587 e!

240 2602 321 2632 noti.

291 2644 428 2685 Equites
439 2644 533 2675 Rom.
555 2641 807 2680 Additurvuhm
826 2644 955 2675 ('('('(s'.

246 2687 327 2720 item
346 2689 445 2720 CCC.

292 2734 471 2764 manin-m.
489 2730 549 2763 alii
570 2732 743 2763 Gran-mm.

296 2778 513 2808 Centuriones
574 2777 604 2807 Χ
611 2777 642 2808 Χ
649 2777 742 2808 111.
813 2773 952 2807 Orosius

246 2821 376 2852 XXII.

297 2865 449 2897 Terrore.
465 2863 524 2897 alii
550 2866 585 2896 in
600 2869 738 2897 terrore.

1019 2071 1166 2101 Gronov.
1182 2071 1225 2101 ad
1245 2069 1319 2102 Liv.
1338 2074 1368 2103 3.
1386 2072 1439 2101 36.

1066 2116 1106 2145 Se
1122 2125 1224 2156 neque
1237 2117 1271 2146 in
1286 2116 1413 2146 litter-is.
1454 2113 1521 2146 Alii
1540 2114 1597 2146 sed
1612 2119 1645 2148 in
1663 2117 1728 2147 lm.

1018 2169 1135 2200 neque.
1167 2160 1220 2190 Cf.
1242 2158 1341 2190 voss.
1371 2165 1404 2189 ct
1435 2159 1548 2191 Burm.
1573 2161 1616 2192 ad
1640 2160 1730 2193 Vell-

1021 2206 1053 2242 2,
1071 2206 1123 2233 45.
1142 2203 1217 2234 Non
1235 2203 1352 2245 probat
1371 2203 1482 2235 Benu.

1070 2248 1222 2279 [ΛΜΝ-α’.
1272 2248 1306 2279 1η
1337 2247 1430 2279 bollo
1459 2246 1557 2280 civili
1591 2247 1731 2279 nolebat

1020 2291 1068 2322 uti
1088 2293 1193 2326 lauro.
1217 2291 1314 2330 signo
1339 2291 1503 2323 victoriae.
1552 2291 1619 2323 Dio
1633 2292 1730 2323 Cass.

1021 2339 1074 2370 41.
1103 2340 1155 2366 52.
1183 2336 1324 2368 Lim-ms
1347 2335 1450 2367 ctiam
1474 2335 1626 2374 victoris,
1643 2347 1728 2378 prae-

1020 2380 1133 2411 sonim
1157 2380 1286 2421 quibus
1315 2379 1452 2412 Senatui
1481 2377 1624 2412 victoria
1647 2380 1730 2412 nuh-

1019 2425 1187 2459 ciabatur,
1205 2424 1307 2465 vulgo
1332 2424 1424 2455 lauro
1454 2431 1588 2457 ornatas
1613 2424 1730 2462 fuisse,

1020 2475 1052 2499 ct
1071 2469 1134 2500 hac
1153 2469 1193 2499 de
1209 2479 1310 2499 causa
1329 2469 1495 2501 laureatas
1510 2469 1629 2507 dictas,
1647 2468 1730 2501 satis

1020 2520 1136 2543 norum
1149 2519 1210 2545 est.
1235 2514 1286 2544 M.
1319 2514 1435 2544 Faxm
1448 2516 1618 2546 laureatos
1632 2512 1729 2544 vide-

1019 2557 1066 2588 sis
1083 2557 1115 2588 in
1135 2557 1257 2589 Museo
1277 2557 1464 2590 Veronensi
1489 2557 1584 2599 Scip.
1611 2556 1729 2590 Mnfl'ei

1023 2612 1056 2642 p.
1075 2601 1216 2632 CXVII.

1069 2645 1236 2687 I’mjfuqoe.
1277 2644 1460 2684 labienus,
1488 2646 1623 2677 deserto
1652 2644 1728 2677 Cae-

1023 2699 1107 2726 saro,
1145 2689 1321 2722 transierat
1355 2691 1396 2721 ad
1426 2689 1645 2731 Pompeium.
1679 2689 1728 2720 M.

1026 2733 1206 2765 llnbionus
1235 2735 1286 2765 1⁴11.
1320 2735 1346 2767 1,
1373 2737 1426 2765 35.
1444 2743 1620 2776 perperam
1634 2732 1730 2764 vole-

1026 2778 1081 2809 bat
1098 2778 1251 2819 per-fumo
1266 2791 1279 2816 ;
1308 2777 1366 2809 alii
1384 2779 1545 2819 pedit-qis.

1068 2823 1268 2853 Amen-sum.
1282 2822 1342 2854 alii
1357 2823 1533 2854 abscisum.

1070 2867 1183 2898 :thera
1197 2868 1306 2899 alteri.
1334 2866 1387 2899 Al.
1403 2868 1490 2900 alter
1503 2866 1612 2904 alteri,
1628 2871 1664 2898 ut
1681 2875 1731 2899 re-

1023 2911 1144 2942 seratur
1160 2911 1201 2942 ad
1218 2909 1414 2942 exercitum.
