1946 3261
280 193 338 236 50
696 187 780 231 DE
813 183 1014 229 BELLO
1050 183 1341 228 GALLICO.

338 314 412 358 34.
443 311 610 356 Eodem
640 318 838 369 tempore
868 324 894 351 a
926 308 975 351 P.
1003 309 1172 357 Crasso,
1203 323 1334 365 quem
1363 321 1461 350 cum
1481 307 1650 368 legione
1670 322 1755 351 una

280 373 453 416 miserat
471 370 525 412 ad
542 370 747 418 Venetos,
768 367 965 416 Unellos,
988 367 1204 415 osismios,
1220 366 1517 417 Curiosolitas,
1537 367 1754 416 Sesuvios,

280 431 508 477 Aulercos,
532 427 777 476 Rhedones,
804 442 902 483 quae
921 433 1021 467 sunt
1039 425 1279 467 maritumae
1299 425 1493 466 civitates
1514 425 1751 467 Oceanum-

280 506 366 545 que
404 487 654 544 adtingunt‚
693 485 853 528 certior
889 484 1027 526 factus
1068 491 1148 532 est,
1188 498 1332 525 omnes
1373 499 1442 525 eas
1477 483 1673 525 civitates
1711 483 1755 525 in

278 547 486 589 ditionem
508 552 854 602 potestatemque
878 540 1036 599 Populi
1058 541 1241 584 Romani
1259 557 1346 583 esse
1366 541 1576 584 redactas.

336 605 406 647 35.
444 603 524 645 His
543 603 673 645 rebus
694 602 824 668 gestis
853 601 966 643 omni
991 599 1134 641 Gallia
1155 608 1322 657 pacata,
1353 608 1474 641 tanta
1502 599 1628 657 hujUs
1648 599 1754 643 belli

277 662 332 705 ad
354 661 563 706 barbaros
596 660 743 719 opinio
779 659 947 717 perlata
980 666 1060 707 est,
1097 658 1161 699 uti
1193 658 1249 700 ab
1271 658 1334 700 his
1361 657 1622 707 nationibus,
1657 674 1754 715 quae

275 729 393 763 trans
432 719 634 761 Rhenum
671 717 924 765 incolerent,
962 716 1242 758 mitterentur
1277 716 1410 774 legati
1442 716 1498 758 ad
1522 716 1750 765 Caesarem,

275 795 372 836 quae
411 794 456 820 se
497 776 666 820 obsides
699 775 890 824 daturas,
926 775 1140 832 imperata
1173 774 1375 824 facturas,
1409 774 1750 832 pollicerentur:

273 853 381 894 quas
414 835 650 894 legationes
686 835 845 883 Caesar,
883 833 1003 890 quod,
1036 833 1079 873 in
1102 831 1271 874 Italiam
1304 832 1615 891 Illyricumque
1651 848 1751 891 pro-

274 895 476 953 perabat,
507 893 612 935 inita
642 892 840 951 proxima
869 899 1014 934 aestate
1044 890 1098 932 ad
1121 907 1164 932 se
1193 890 1355 932 reverti
1386 890 1520 949 jussit.
1584 889 1682 949 Ipse
1705 891 1748 932 in

275 954 505 1001 Carnutes,
537 951 700 999 Andes,
731 951 1029 1006 Turonesque,
1060 964 1157 1005 quae
1177 939 1661 1006 civitates'propinquae
1685 948 1750 991 his

272 1011 377 1054 locis
409 1018 548 1060 erant,
583 1009 658 1051 ubi
694 1008 859 1051 bellum
889 1016 1093 1066 gesserat,
1124 1007 1368 1064 legionibus
1400 1007 1443 1048 in
1474 1006 1657 1050 hiberna
1675 1006 1750 1049 de-

272 1069 432 1119 ductis,
470 1069 512 1111 in
549 1067 720 1110 Italiam
755 1067 979 1125 profectus
1014 1073 1093 1114 est,
1133 1066 1190 1108 ob
1223 1081 1378 1121 easque
1400 1081 1484 1113 res,
1518 1081 1570 1106 ex
1592 1064 1750 1108 litteris

274 1128 467 1176 Caesaris,
504 1126 595 1168 dies
636 1125 720 1168 XV
761 1123 1024 1185 supplicatio
1064 1123 1240 1166 decreta
1281 1132 1362 1173 est,
1402 1121 1522 1180 quod
1562 1131 1662 1165 ante
1702 1123 1748 1166 id

272 1195 443 1244 tempus
465 1185 623 1228 accidit
646 1183 769 1226 nulli.

1043 1321 1122 1343 cum
1150 1310 1203 1342 1115
1238 1309 1397 1351 gentibus
1432 1314 1749 1351 commemorantur,

1042 1355 1245 1396 quibuscum
1263 1355 1297 1384 h.
1309 1354 1331 1385 l.
1348 1353 1515 1394 conjuncti
1531 1360 1617 1385 511111.
1654 1355 1748 1386 Idem

1045 1398 1173 1439 placuit
1204 1397 1333 1428 Rittero
1364 1396 1397 1428 in
1425 1396 1607 1428 hist.Gan.
1632 1408 1665 1439 p.
1691 1400 1745 1429 79.

1044 1442 1097 1472 Cf.
1112 1441 1201 1472 dicta
1224 1442 1264 1471 ad
1283 1446 1314 1475 5,
1339 1444 1391 1472 53.
1418 1442 1458 1472 de
1475 1440 1671 1472 civitatibus
1688 1443 1749 1473 Ar-

1044 1484 1193 1516 moricis.
1232 1485 1283 1515 Cf.
1313 1484 1415 1515 etiam
1447 1486 1477 1521 3,
1508 1486 1539 1515 7.
1565 1486 1615 1516 Μ.
1661 1485 1745 1526 Pap.

1043 1529 1179 1560 Masson
1198 1530 1303 1568 quios
1331 1527 1498 1569 intelligit,
1525 1539 1680 1569 quorum,
1710 1534 1748 1560 ut

1045 1578 1191 1613 putatur,
1212 1572 1249 1601 fit
1263 1571 1390 1602 mentio
1408 1575 1439 1608 5,
1456 1574 1509 1601 24.
1533 1571 1596 1602 sub
1611 1573 1746 1604 nomine

1046 1617 1253 1647 Essuiorum.
1305 1615 1431 1645 Verum
1447 1613 1500 1644 isti
1518 1614 1550 1645 in
1570 1615 1747 1647 maritimis

1044 1669 1108 1689 non
1133 1659 1237 1690 suere.
1285 1657 1439 1689 Valesius
1465 1657 1496 1688 in
1513 1658 1591 1689 Not.
1607 1658 1693 1690 Gall.
1710 1671 1745 1701 p.

1043 1704 1119 1733 494.
1167 1702 1322 1733 ἱεῖσι-ἰοδ-
1337 1703 1389 1732 vel
1409 1702 1570 1733 Larem-ios
1587 1701 1747 1744 interpre-

1043 1751 1140 1783 tatur,
1162 1756 1181 1776 a
1196 1745 1319 1786 quibus
1344 1745 1376 1776 in
1395 1747 1543 1776 Sesm-ios
1557 1745 1666 1778 facilis
1683 1747 1748 1778 fuit

1044 1789 1252 1820 librariorum
1270 1789 1392 1829 lapsus.
1433 1788 1575 1819 Rectius
1591 1789 1623 1821 in
1640 1791 1744 1822 dubio

1041 1844 1111 1863 rem
1126 1831 1281 1873 relinquit
1296 1830 1505 1864 D'Anvillius
1518 1832 1550 1862 in
1565 1833 1643 1866 Not.
1657 1835 1698 1866 de
1715 1835 1746 1867 la

272 1313 385 1351 dendi,
400 1315 456 1346 sed
474 1313 531 1351 ita,
546 1319 584 1344 ut
601 1311 776 1353 singulatis
792 1312 976 1343 distrahan-

272 1364 325 1389 tur
338 1358 506 1389 auctionis
521 1357 602 1388 ritu:
627 1366 702 1387 nam
711 1367 820 1387 secare
830 1356 914 1387 bona
925 1361 977 1386 est

273 1401 306 1432 in
323 1401 385 1432 hac
400 1412 433 1432 re
445 1400 546 1438 idem,
561 1401 651 1440 quod
663 1398 855 1429 distrahere.
884 1399 975 1439 Ergo

272 1444 383 1476 Caesar
406 1444 594 1475 universam
621 1443 720 1483 hujus
748 1441 866 1483 oppidi
894 1452 976 1482 prae-

272 1489 362 1527 dam,
392 1488 486 1529 cujus
525 1486 700 1528 potissima
737 1497 813 1527 pars
844 1485 977 1516 fuerunt

271 1531 339 1573 ipsi
364 1531 499 1573 captivi,
522 1530 672 1562 vendidit
695 1529 824 1570 aliquot
846 1530 976 1560 redem-

271 1575 479 1616 toribus,qui
489 1574 556 1605 dici
570 1580 706 1615 possunt
716 1579 975 1614 entrepreneurs,

270 1624 308 1650 ut
328 1618 364 1649 hi
382 1618 474 1650 illam
492 1618 636 1659 praedam
661 1616 881 1647 distraherent
896 1626 974 1646 ven-

271 1663 382 1694 dendo
399 1673 426 1693 5.
440 1661 616 1693 auctione:
642 1661 705 1691 hoc
720 1659 808 1690 enim
824 1667 885 1697 851,
895 1669 976 1689 ven-

272 1707 349 1737 dere
362 1705 560 1742 sectionem,
574 1704 705 1736 scilicet
716 1704 856 1733 vendere
872 1703 973 1733 alicui

274 1760 338 1787 res,
363 1755 399 1780 ut
415 1759 472 1780 eas
488 1748 607 1779 deinde
630 1746 785 1778 auctione
802 1745 973 1777 distrahat.

274 1793 351 1824 Dio.
366 1792 458 1824 Cass.
475 1795 527 1830 39,
544 1795 563 1823 4
588 1792 629 1822 de
646 1791 709 1822 hac
735 1790 806 1831 ipsa
821 1801 868 1827 re,
891 1788 974 1823 οὐδεὶς

271 1836 448 1876 συγγνώμης
470 1836 588 1876 ἔτυχεν,
608 1834 696 1865 ἀλλὰ
717 1835 824 1867 πάντες
844 1834 976 1876 ἐπράθη-

272 1893 336 1911 σαν.
382 1880 426 1911 Ut
442 1886 554 1910 autem
571 1878 680 1910 Caesar
695 1877 792 1910 dixit,
809 1879 975 1908 sectionem

271 1924 384 1965 oppidi
398 1924 547 1959 vendere,
571 1922 617 1953 sic
635 1921 708 1952 Cic.
725 1922 766 1951 de
784 1922 852 1951 Inv.
875 1923 901 1958 l,
921 1924 974 1957 45,

270 1969 362 1999 sectio
375 1968 498 2008 praeclae
513 1968 611 2001 tertie,
636 1964 694 1996 ubi
710 1964 777 1995 vid.
794 1965 923 1995 Ernest.
942 1963 974 1994 in

272 2011 368 2042 Clau.
383 2010 456 2042 Cic.
474 2011 524 2042 M.
570 2008 624 2040 Cf.
645 2009 783 2040 omnino
802 2009 925 2038 Ascon.
942 2007 974 2038 in

273 2055 368 2085 Verr.
384 2055 415 2085 3.

320 2099 398 2136 His,
413 2101 471 2140 qui
486 2103 646 2129 emeram.
675 2096 721 2128 IIi
740 2101 826 2133 sunt.
843 2094 972 2137 opinor,

272 2140 321 2172 illi
338 2142 553 2172 redemtores.
577 2142 626 2172 M.

319 2187 537 2216 Curiosolieas.
584 2183 698 2215 Gentis
736 2183 817 2214 situs
851 2181 973 2214 dubius

272 2239 345 2260 esse
371 2228 497 2269 nequit,
521 2238 562 2258 ex
585 2238 652 2268 quo
668 2238 699 2258 a.
721 2229 814 2264 1801,
841 2226 873 2257 in
896 2226 971 2256 vico

274 2273 421 2304 Corseule
444 2282 548 2313 prope
573 2271 691 2301 urbem
709 2270 831 2301 Dinant
855 2280 973 2311 magna

271 2315 413 2356 antiquae
430 2315 523 2347 urbis
538 2315 655 2345 rudera
673 2320 748 2344 suut
764 2315 906 2344 detecta.

319 2361 479 2390 Saeua-ios.
523 2357 738 2393 Ciacconius‚
775 2357 911 2387 Ursinus
940 2362 974 2387 et

275 2402 416 2434 Vossius
445 2403 604 2434 Lemurios
630 2408 688 2432 aut
716 2401 866 2431 Lerni-ios
896 2400 974 2431 scri-

271 2447 419 2478 bendum
430 2444 647 2488 putant,quia
659 2443 790 2476 Sesuvii
805 2443 975 2485 nuspiam,

271 2490 413 2524 Lexovii
438 2500 517 2522 vero
539 2489 622 2522 alibi
649 2491 680 2527 3,
699 2491 731 2520 9.
761 2489 809 2519 17.
832 2490 885 2519 29.
913 2497 975 2519 una

1042 1877 1159 1915 Gaule,
1178 1888 1210 1917 p.
1227 1877 1301 1907 566.

1090 1922 1133 1952 In
1148 1921 1308 1952 ditionem.
1333 1918 1391 1950 alii
1408 1919 1518 1951 minus
1532 1919 1617 1951 bene
1638 1923 1674 1953 in
1688 1922 1747 1954 cle-

1042 1964 1192 1995 ditionem
1201 1987 1206 1993 .

1089 2010 1169 2042 Quoe
1177 2025 1221 2031 -—
1233 2008 1373 2039 datm-as
1383 2008 1602 2047 -facturam
1639 2008 1746 2042 Codd.

1041 2052 1176 2092 quidam
1193 2054 1251 2092 qui
1265 2052 1410 2088 daturos,
1419 2050 1577 2091 facturos.

1089 2097 1132 2126 In
1148 2096 1297 2126 hiberna.
1312 2094 1370 2126 alii
1386 2097 1421 2125 in
1434 2095 1659 2127 hibernacula.

1088 2140 1303 2179 Supplicatio.
1342 2139 1513 2169 Plutarch.
1525 2139 1556 2169 iu
1569 2139 1654 2171 Caes.
1669 2149 1746 2182 cap.

1040 2185 1094 2213 21.
1127 2183 1165 2211 ‘H
1192 2182 1361 2221 σύγκλητος
1394 2181 1606 2212 πεντεκαίδεκα
1639 2183 1745 2226 ἡμέρας

1041 2226 1209 2266 ἐψηφίσατο
1234 2225 1310 2256 θύειν
1334 2228 1390 2259 «τοῖς
1417 2227 1491 2259 Θεοῖς
1515 2226 1566 2255 καὶ
1587 2228 1747 2267 σχολάζειν

1041 2270 1239 2313 ἒῡςιτάζοντας.
1286 2269 1382 2300 Conf.
1402 2268 1470 2299 ind.
1517 2269 1566 2300 De
1586 2280 1620 2300 re
1641 2276 1675 2301 et
1691 2284 1745 2302 πο-

1043 2314 1151 2353 λιτείᾳ,
1167 2324 1239 2354 quae
1256 2312 1377 2344 Caesari
1396 2312 1484 2343 hunc
1510 2312 1671 2345 honorem
1686 2325 1745 2346 ex-

1044 2356 1167 2395 hibuit,
1193 2356 1329 2387 omnino
1356 2357 1579 2387 consulendus
1602 2363 1654 2388 est
1669 2357 1743 2390 Cic.

1043 2402 1083 2431 de
1098 2410 1287 2441 prowcons.
1303 2411 1332 2430 c.
1349 2401 1396 2431 lo.
1415 2401 1464 2429 ll.
1483 2402 1531 2431 12.
1549 2400 1607 2432 ubi
1623 2400 1712 2439 haere
1763 2423 1772 2426 -

1042 2443 1185 2478 Caesaris
1201 2443 1378 2486 magnifice
1395 2443 1633 2478 collaudantur.
1657 2440 1707 2479 M.
