1946 3261
142 325 330 367 turrium
352 327 525 385 eruptio
547 327 691 370 fiebat.
755 326 843 369 Alii
861 327 970 368 faces
989 334 1120 383 atque
1135 326 1298 369 aridam
1318 325 1540 369 materiem
1559 325 1616 369 de

141 399 266 426 muro
296 384 337 426 in
360 401 563 443 aggerem
593 388 756 429 eminus
783 386 1012 444 jaciebant,
1050 385 1187 442 picem
1222 386 1498 443 reliquasque
1528 401 1614 435 τρε,

143 443 301 499 quibus
331 443 439 501 ignis
460 445 637 487 excitari
659 453 818 503 potest,
840 442 1100 489 fundebant3
1133 452 1198 491 ut,
1221 459 1309 500 quo
1330 443 1521 501 primum
1541 460 1613 487 oc-

140 510 406 551 curreretur,
445 512 522 544 aut
556 503 620 544 cui
663 504 724 545 rei
767 504 954 545 ferretur
995 501 1220 550 auxilium,
1258 502 1330 543 vix
1363 502 1475 544 ratio
1512 502 1613 546 iniri

142 568 298 616 posset.
362 561 538 610 Tamen,
561 562 678 618 quod
699 562 897 604 instituto
920 559 1097 602 Caesaris
1118 559 1212 601 duae
1234 575 1400 617 semper
1422 561 1612 619 legiones

141 633 223 674 pro
257 619 403 660 castris
431 621 718 669 excubabant,
755 620 987 677 pluresque
1008 617 1178 675 partitis
1199 618 1469 675 temporibus
1488 627 1614 662 erant

141 677 183 716 in
205 691 349 732 opere,
368 677 565 720 celeriter
584 679 746 720 factum
768 687 846 727 est,
868 688 917 720 ut
937 677 1009 719 alii
1030 675 1331 733 eruptionibus
1349 676 1612 728 resisterent,

140 733 213 775 alii
236 743 377 777 turres
394 736 649 778 reducerent
664 752 954 794 aggeremque
970 734 1340 783 interscinderent,
1361 735 1495 778 omnis
1510 751 1615 779 vero

139 793 360 835 excastris
379 794 617 837 multitudo
638 795 693 836 ad
714 794 1067 853 restinguendum
1088 800 1380 836 concurreret.

198 850 269 892 25.
305 853 451 901 Quum
484 855 525 895 in
559 854 754 896 omnibus
783 854 900 900 locis,
932 862 1154 895 consumta
1179 852 1268 910 jam
1299 851 1470 909 reliqua
1489 859 1617 908 parte

140 910 292 959 noctis,
313 921 600 968 pugnaretur,
623 929 875 970 semperque
896 911 1089 954 hostibus
1107 927 1203 969 spes
1220 909 1412 953 victoriae
1432 909 1619 953 redinte-

141 978 364 1025 graretur;
412 986 463 1012 eo
503 971 652 1029 magis,
688 971 806 1028 quod
847 971 1021 1013 deustos
1058 969 1226 1028 pluteos
1267 970 1458 1012 turrium
1497 968 1618 1012 vide-

77 1048 86 1051 *
140 1027 261 1076 bant,
304 1044 380 1070 nec
428 1029 552 1071 facile
601 1029 722 1072 adire
768 1038 940 1087 apertos
988 1028 1044 1070 ad
1083 1028 1379 1070 auxiliandum
1425 1026 1618 1071 animum

140 1085 451 1133 advertebant:
495 1104 748 1146 semperque
780 1089 860 1146 ipsi
896 1096 1085 1130 recentes
1118 1087 1289 1129 defessis
1322 1086 1619 1137 succederent,

142 1160 395 1203 omnemque
420 1147 575 1189 Galliae
605 1148 786 1189 salutem
820 1149 863 1189 in
890 1147 966 1189 illo
989 1145 1170 1203 vestigio
1202 1145 1409 1204 temporis
1430 1145 1618 1203 positam

140 1204 482 1247 arbitrarentur:
515 1206 690 1254 accidit,
720 1205 1060 1264 inspectantibus
1092 1204 1230 1253 nobis,
1267 1204 1400 1262 quod,
1435 1203 1621 1262 dignum

142 1263 346 1304 memoria
366 1264 521 1313 visum,
553 1265 972 1322 praetermittendum
995 1279 1080 1306 non
1101 1263 1449 1305 existimavimus.
1513 1262 1621 1312 Qui-

141 1320 239 1362 dam
261 1330 360 1363 ante
388 1331 561 1379 portam
583 1323 734 1380 oppidi
757 1323 924 1372 Gallus,
958 1322 1031 1379 qui
1067 1338 1145 1380 per
1165 1337 1315 1363 manus
1335 1321 1423 1363 sevi
1442 1337 1492 1363 ac
1512 1321 1620 1380 picis

141 1380 370 1421 transditas
399 1381 543 1438 glebas
577 1381 619 1423 in
650 1382 792 1438 ignem
813 1397 836 1422 e
858 1381 1031 1438 regione
1057 1380 1190 1421 turris
1211 1379 1483 1437 projiciebat,
1505 1396 1622 1423 scor·

144 1439 271 1495 pione
303 1439 357 1481 ab
386 1440 520 1481 latere
556 1439 711 1481 dextro
748 1440 1005 1496 transjectus
1033 1438 1383 1495 exanimatusque
1416 1437 1621 1480 concidit.

147 1496 277 1538 Hunc
310 1514 361 1538 ex
396 1498 601 1555 proximis
630 1514 740 1539 unus
768 1498 982 1554 jacentem
1015 1506 1318 1554 transgressus,
1357 1496 1505 1538 eodem
1541 1496 1622 1539 illo

143 1570 320 1597 munere
341 1556 624 1613 fungebatur:
658 1555 807 1597 eadem
828 1556 993 1597 ratione
1014 1556 1101 1596 ictu
1124 1554 1358 1612 scorpionis
1379 1554 1622 1598 exanimato

143 1613 297 1662 altero,
327 1614 524 1655 successit
554 1614 709 1655 tertius
730 1622 773 1655 et
796 1615 926 1655 tertio
946 1621 1149 1670 quartus;
1181 1628 1258 1655 nec
1281 1612 1402 1670 prius
1420 1612 1494 1654 ille
1513 1621 1578 1656 est
1598 1629 1626 1655 a.

144 1673 545 1730 propugnatoribus
558 1689 718 1715 vacuus
731 1672 906 1714 relictus
924 1672 1059 1720 locus,
1079 1687 1225 1728 quam,
1243 1670 1447 1713 restincto
1464 1686 1627 1729 aggere

143 1739 275 1786 atque
297 1732 411 1773 omni
435 1743 558 1789 parte
576 1732 786 1773 submotis
806 1730 1017 1779 hostibus,
1035 1730 1129 1772 finis
1148 1738 1211 1771 est
1227 1728 1451 1788 pugnandi
1467 1730 1627 1773 factus.

204 1789 274 1830 26.
311 1789 467 1832 Omnia
489 1791 660 1848 experti
685 1790 820 1838 Galli,
853 1790 967 1846 quod
996 1805 1062 1830 res
1090 1788 1211 1831 nulla
1231 1796 1507 1838 successerat,
1530 1804 1628 1847 pos-

147 1855 241 1890 tero
262 1847 330 1890 die
356 1849 578 1891 consilium
602 1858 811 1906 ceperunt
832 1864 884 1890 ex
905 1847 1067 1906 oppido
1090 1847 1340 1905 profugere,
1360 1845 1562 1889 hortante
1582 1856 1629 1891 et

143 1907 325 1964 jubente
345 1907 718 1965 Vercingetorige.
770 1907 835 1956 Id,
854 1907 1022 1949 silentio
1041 1906 1177 1949 noctis
1193 1906 1350 1954 conati,
1369 1920 1455 1948 non
1471 1921 1630 1963 magna

144 1967 320 2023 jactura
356 1982 532 2009 suorum
566 1983 652 2008 sese
690 1967 917 2008 effecturos
953 1983 971 2007 s
1007 1966 1204 2013 erabant,
1239 1972 1474 2030 propterea
1509 1964 1631 2021 quod

150 2040 288 2082 neque
330 2025 458 2083 longe
492 2026 548 2067 ab
585 2025 746 2083 oppido
779 2034 919 2067 castra
955 1982 1324 2081 &ercingetorigis
1355 2023 1551 2071 aberant,
1582 2031 1630 2065 et

150 2084 272 2141 palus
293 2092 521 2142 perpetua,
551 2100 646 2141 quae
668 2083 976 2132 intercedebat,
1008 2082 1226 2124 Romanos
1244 2081 1297 2124 ad
1318 2081 1630 2139 insequendum

199 2178 311 2208 Piceni.
337 2178 562 2217 reliqmmque.
619 2175 751 2206 Intrusit
778 2176 854 2206 heic

155 2222 296 2252 Hotom.
314 2222 386 2259 alii,
409 2231 510 2262 quem
536 2219 685 2260 Scaliger
709 2226 855 2258 secutus,

152 2275 340 2306 perperam.

204 2310 451 2340 Occvrreretvr.

155 2352 274 2384 codice
288 2363 362 2383 suo.
411 2353 522 2394 Vulgo
541 2356 744 2383 curreretur.

155 2396 249 2438 spice
266 2398 307 2427 ad
325 2400 354 2435 3,
376 2400 406 2428 4.

202 2442 398 2481 pluresque.
443 2440 496 2471 Al.
513 2441 667 2481 duceque.
692 2440 743 2470 M.

924 2177 1003 2207 loco
1017 2175 1099 2205 etde
1108 2174 1146 2205 B.
1160 2174 1232 2204 Afr.
1245 2179 1281 2205 c:
1290 2176 1331 2206 56
1342 2178 1392 2206 est
1404 2175 1437 2206 in
1448 2173 1629 2214 machinis,

923 2217 1413 2260 quibusobsidentesutuntur.
1428 2219 1505 2250 Hoc
1513 2224 1629 2250 tamen

925 2270 973 2294 est
984 2264 1079 2294 leve:
1097 2273 1173 2293 nani
1184 2261 1410 2299 rediteodem‚
1419 2261 1490 2294 sive
1497 2262 1630 2304 obpug-

927 2308 1038 2338 nando
1050 2306 1119 2337 sive
1132 2306 1338 2337 defendendo
1349 2312 1472 2338 noceat
1481 2307 1631 2348 scorpio.

928 2350 1120 2382 Machinam
1139 2349 1256 2381 multis
1275 2350 1457 2391 descripsit
1479 2349 1630 2382 Ammia-

927 2404 988 2426 nus
1005 2394 1223 2426 Marcellinus
1238 2395 1309 2433 (23,
1326 2396 1373 2433 4),
1395 2394 1493 2436 cujus
1515 2394 1629 2426 locum

929 2439 1096 2470 Gesnerus
1117 2438 1148 2469 in
1166 2438 1270 2469 Thes.
1285 2438 1325 2469 L.
1339 2439 1380 2470 L.
1396 2437 1629 2478 interpretatus

514 2307 567 2340 Sic
601 2297 688 2338 Scal.
720 2307 857 2381 benize,

825 2361 860 2381 ρ-

202 2486 345 2516 Pluteos.
369 2485 491 2515 v.1nd.
517 2485 566 2515 M.

203 2532 351 2569 Aperte-3,
375 2537 438 2558 non
457 2534 574 2559 tectos.
601 2529 650 2559 M.

204 2573 360 2603 Animum
377 2572 504 2603 adt-ert.
528 2571 581 2603 Sic
595 2572 690 2602 codd·
704 2571 858 2612 quidam;

155 2615 214 2648 alii
232 2615 553 2648 animadrertebant.
599 2616 651 2646 ef.
672 2617 700 2653 l,
719 2617 772 2646 24.

208 2661 347 2699 l‘estiqio
365 2665 463 2699 temp.
483 2670 513 2689 ν.
531 2659 599 2689 lnd.

140 2742 141 2745 Ἴ
205 2705 351 2744 Scorpio,
383 2708 522 2733 auctore
557 2701 700 2743 Vegetio
737 2702 795 2741 (de
826 2713 861 2733 re

160 2748 230 2780 mil.
247 2749 280 2785 4,
297 2746 366 2784 22),
383 2747 459 2777 ideo
472 2753 685 2787 nuncupatus
699 2752 760 2784 est,
771 2747 862 2786 quod

162 2791 274 2833 parvis
313 2791 558 2830 subtilibusque
575 2790 734 2831 spiculis
765 2790 864 2820 infert

159 2841 314 2867 mortem.
358 2836 449 2866 Idem
470 2834 632 2875 Vegetius
648 2833 762 2865 retulit
779 2833 862 2865 inter

162 2879 338 2911 machinas
362 2878 516 2917 bellicas,
536 2878 660 2919 quibus
676 2877 804 2909 obsessi
829 2889 864 2908 se

164 2924 349 2954 defendere·
361 2928 624 2961 consueverunt3
650 2928 683 2953 et
701 2921 747 2952 sic
769 2922 809 2952 de
825 2922 865 2953 B.

166 2967 271 3000 Afric.
285 2978 314 2999 c.
331 2970 370 2999 29
385 2974 417 2999 et
432 2969 468 2999 31
485 2966 624 3009 legitur:
641 2967 698 2998 sed
711 2966 743 2999 in
755 2972 865 2998 nostro
878 2994 885 3003 .

926 2489 990 2514 est.
1038 2483 1130 2514 Idem
1157 2482 1357 2514 Ammianus
1383 2482 1454 2520 (19,
1471 2482 1507 2521 7)
1527 2480 1629 2512 dicit:

923 2538 984 2569 μη·
995 2530 1207 2568 scorpionum
1217 2526 1345 2568 ferreas
1351 2525 1483 2567 fundas
1494 2525 1630 2557 rotundi

927 2571 1053 2612 Iapides
1071 2574 1137 2602 aeti
1152 2577 1240 2602 sunt.
1288 2569 1455 2601 Videntur
1472 2579 1552 2609 ergo
1569 2579 1629 2600 ve-

928 2621 1014 2646 teres
1029 2625 1096 2656 ope
1113 2613 1304 2656 scorpionis
1316 2613 1401 2645 varii
1413 2612 1546 2654 generis
1558 2612 1628 2644 tela

929 2658 1084 2698 torsisse;
1111 2658 1184 2699 ipsa
1207 2669 1285 2690 vero
1310 2656 1468 2688 machina
1489 2657 1628 2698 ejusque

927 2702 1097 2741 tractatio,
1108 2709 1143 2732 ut
1153 2702 1320 2733 Gesnerus
1333 2699 1477 2738 monuit,
1488 2700 1630 2733 sortasse

930 2746 1070 2778 diversis
1086 2745 1300 2787 temporibus
1314 2744 1446 2775 diversa
1459 2742 1533 2775 fuit.
1555 2745 1607 2776 M.

977 2792 1182 2822 Eoeanimato
1198 2791 1316 2820 altero.
1338 2787 1397 2819 alii
1412 2789 1519 2819 alteri.

981 2835 1197 2875 Ovmve'parte.
1219 2832 1280 2863 alii
1293 2833 1384 2864 omni
1396 2842 1438 2863 ea
1447 2836 1556 2874 parte.
1580 2830 1629 2865 sic

932 2883 964 2910 et
979 2879 1126 2909 Graecus.

979 2922 1176 2963 Profugere.
1198 2919 1430 2953 hellenismus.
1467 2921 1516 2954 Ita
1529 2926 1566 2953 et.
1580 2921 1635 2954 ¹11.

932 2971 963 2999 et
982 2969 1014 3005 s.
1032 2968 1084 2997 41.
1110 2964 1180 2997 Afr.
1196 2965 1249 2997 τε.
