1961 3230
438 596 710 641 HENRICI
750 598 1095 643 DODWELLI
1136 600 1558 646 DISSERTATIO

720 774 830 827 DE
891 775 1260 831 AUCTORE

260 946 362 985 LIB.
397 947 515 985 OCT.
542 948 615 985 DE
647 948 693 987 Β.
718 949 869 986 GALL.
901 950 973 985 ET
998 949 1158 987 ALEX.
1182 951 1356 989 AFRIC.
1379 952 1569 1000 ATQUE
1597 955 1731 993 HISP.

317 1294 496 1322 AUCTOR
531 1294 736 1322 PROLOGI
770 1296 826 1322 AD
863 1295 1041 1324 LIBRUM
1077 1297 1136 1325 DE
1167 1297 1319 1326 BELLO
1354 1298 1558 1328 GALLICO
1593 1300 1682 1330 VIII

384 1370 579 1397 HIRTIUS
611 1351 777 1398 PO'I'IUS
810 1371 965 1400 FUISSE
1001 1373 1232 1409 VIDETUR,
1266 1375 1395 1405 QUAM
1428 1375 1604 1405 OPPIUS.

262 1455 328 1518 SI
351 1473 526 1530 quidem
548 1481 665 1515 recte
689 1473 846 1515 habeat
868 1474 987 1515 locus
1011 1474 1226 1525 Suetonii,
1253 1475 1340 1532 jam
1369 1484 1462 1519 tum
1494 1478 1736 1522 exstiterint

257 1558 432 1609 oportet
453 1549 556 1591 libri
576 1564 735 1599 omneS‚
753 1564 858 1604 quos
880 1549 1114 1605 pollicetur
1130 1558 1282 1592 auctor
1305 1552 1482 1610 Prologi
1498 1553 1552 1595 ad
1572 1554 1736 1598 librum

262 1625 368 1669 belli
392 1623 548 1666 Gallici
574 1622 686 1664 VIII
707 1638 715 1663 :
760 1622 950 1664 nondum
979 1631 1144 1674 autem,
1165 1632 1215 1665 ut
1235 1624 1426 1678 videtur,
1457 1628 1540 1670 sub
1570 1630 1739 1672 nomine

260 1701 287 1743 J
295 1699 372 1743 ulii
402 1698 535 1748 Celsi,
566 1697 640 1739 sed
673 1697 812 1755 Oppii
841 1697 1054 1740 duntaxat
1084 1707 1127 1740 et
1170 1698 1331 1750 Hirtii3
1384 1711 1596 1760 erantque
1637 1720 1735 1748 sane

254 1777 384 1821 ambo
403 1776 467 1818 illi
489 1775 648 1818 Caesari
669 1775 770 1817 satis
792 1776 1033 1818 familiares.
1099 1777 1191 1820 Cur
1211 1787 1365 1834 autem
1398 1780 1545 1839 Oppio
1573 1782 1737 1826 tribu-e-

249 1858 418 1902 rentur,
439 1865 531 1892 eam
552 1864 722 1891 causam
741 1849 840 1891 satis
857 1850 1129 1893 verisimilem
1146 1851 1249 1894 mihi
1265 1852 1410 1895 videre
1431 1854 1599 1907 videor,
1618 1857 1735 1913 quod

252 1932 405 1967 auctor
438 1923 529 1974 ille,
571 1924 834 1980 quicumque
863 1923 1037 1965 demum
1066 1923 1100 1965 is
1129 1924 1279 1976 fuerit,
1318 1926 1458 1969 Balbo
1498 1929 1732 1987 prologum

248 2015 372 2042 suum
401 1998 675 2057 inscripserit.
748 1999 886 2041 Erant
917 1999 1029 2041 enim
1059 2014 1158 2041 sane
1191 1994 1360 2058 Oppius
1391 2010 1523 2059 atque
1567 2004 1731 2048 Balbus

248 2074 557 2118 necessitudine
594 2073 759 2131 aliqua,
797 2088 927 2129 quam
960 2073 1185 2123 nescimUS,
1226 2081 1276 2114 ut
1314 2074 1506 2127 videtur,
1546 2077 1729 2121 invicem

251 2149 609 2208 conjunctissimi:
656 2149 770 2191 forte
788 2147 915 2190 officii
936 2147 1119 2204 alicujus
1139 2163 1282 2199 causa,
1313 2150 1540 2207 utriusque
1571 2168 1683 2196 curae
1704 2171 1730 2197 a

249 2225 416 2268 Caesare
436 2223 604 2267 crediti.
670 2223 806 2265 Certe
830 2223 1006 2279 utrique
1029 2222 1254 2280 inscriptas
1273 2224 1500 2268 nonnullas
1522 2227 1726 2284 epistolas

247 2300 424 2343 Caesaris
445 2299 652 2342 habemus
676 2298 887 2355 hodieque
908 2298 950 2340 in
972 2298 1084 2341 libro
1105 2299 1324 2342 Ciceronis
1342 2299 1397 2342 ad
1419 2301 1621 2345 Atticum
1644 2303 1722 2345 IX.

244 2373 303 2416 Et
339 2374 472 2417 libros
512 2373 640 2416 fuisse
680 2372 962 2431 epistolarum
999 2372 1053 2414 ad
1090 2380 1346 2430 utrumque,
1389 2367 1516 2418 docet
1557 2377 1725 2422 Gellius

247 2447 299 2490 L.
316 2448 466 2491 XVII.
509 2449 554 2492 N
559 2456 645 2492 oct.
670 2449 809 2491 Attic.
834 2464 931 2505 cap.
956 2447 997 2489 9.
1020 2448 1096 2505 qui
1118 2448 1327 2491 rationem
1347 2449 1486 2502 addit,
1517 2452 1635 2508 quod
1656 2469 1724 2496 res

246 2522 337 2579 ejus
372 2523 556 2565 absentis
590 2529 809 2565 curarent.
889 2520 1057 2564 Literas
1090 2537 1275 2573 curasse,
1316 2522 1443 2566 docet
1484 2525 1623 2568 Cicer.
1667 2527 1723 2569 ad

249 2594 400 2643 Quint.
424 2595 476 2637 fr.
498 2611 566 2653 ep.
596 2596 632 2637 1.
698 2596 755 2637 Se
785 2601 929 2637 autem
962 2594 1079 2637 bello
1111 2595 1407 2639 Alexandrino
1438 2605 1572 2653 atque
1603 2598 1722 2642 Afri-

245 2685 351 2712 cano
373 2670 576 2722 abfuisse,
605 2671 758 2714 lubens
780 2670 973 2728 agnoscit
998 2671 1174 2729 Prologi
1189 2679 1357 2714 auctor.
1420 2672 1510 2714 Sed
1529 2674 1722 2718 absentia

241 2745 318 2788 illa
341 2746 519 2789 Caesaris
539 2756 633 2788 erat
654 2746 698 2789 in
723 2746 882 2797 Gallia,
915 2746 948 2789 si
979 2745 1155 2803 quidem
1183 2762 1235 2789 ex
1256 2746 1448 2804 epistolis
1466 2764 1491 2791 a
1514 2749 1721 2792 Cicerone

245 2820 504 2868 conservatis
533 2820 661 2866 liceat
688 2821 742 2864 de
779 2821 956 2880 reliquis
981 2820 1201 2880 augurari.
1264 2821 1474 2880 Spectant
1499 2823 1610 2868 enim
1637 2823 1723 2869 111ae
