1946 3261
203 270 290 316 290
662 263 747 306 DE
780 261 984 306 BELLO
1018 260 1233 306 CIVILI.

209 389 399 438 reverti;
437 402 578 444 neque
611 385 785 429 maximi
823 385 1070 437 comitatus,
1102 385 1178 444 qui
1211 402 1264 429 ex
1302 384 1430 428 Italia
1463 381 1696 441 Galliaque

208 449 458 496 veniebant,
491 445 537 488 in
557 453 698 489 castra
718 445 947 505 pervenire
969 454 1187 504 poterant.
1251 443 1444 504 Tempus
1475 450 1574 486 erat
1598 439 1699 484 anni

210 507 513 555 difficilimum,
539 521 629 564 quo
662 521 804 564 neque
838 505 1061 548 frumenta
1092 505 1136 547 in
1166 504 1357 548 hibernis
1383 512 1523 553 erant,
1559 515 1701 558 neque

210 567 401 612 multum
420 581 446 608 a
466 564 722 607 maturitate
750 565 955 607 aberant:
1000 580 1050 607 ac
1083 564 1280 607 civitates
1308 561 1552 610 exinanitae,
1581 557 1703 617 quod

214 625 420 676 Afranius
439 639 560 683 paene
581 640 706 667 omne
724 624 993 666 frumentum
1010 631 1111 666 ante
1135 623 1317 666 Caesaris
1337 621 1575 665 adventum
1596 618 1703 662 Iler-

211 685 314 729 dam
335 689 619 732 convexerat;
655 682 813 741 reliqui
836 682 869 724 si
891 681 998 740 quid
1030 682 1192 733 fuerat,
1228 683 1373 725 Caesar
1404 677 1704 740 superioribus

215 744 372 788 diebus
403 750 722 786 consumserat:
769 757 942 800 pecora,
979 741 1099 799 quod
1131 741 1367 785 secundum
1402 746 1579 799 poterat
1617 751 1707 779 esse

213 803 373 864 inopiae
392 801 647 851 subsidium,
678 809 862 860 propter
882 800 1047 844 bellum
1071 800 1279 843 finitumae
1307 800 1507 843 civitates
1534 795 1708 854 longius

217 870 520 909 removerant:
570 860 645 918 qui
685 869 810 903 erant
840 859 1077 918 pabulandi
1112 869 1191 902 aut
1232 857 1525 902 frumentandi
1563 869 1710 920 caussa

217 920 452 982 progressi,
469 919 546 963 hos
567 919 673 962 levis
693 928 925 962 armaturae
949 919 1145 962 Lusitani
1176 918 1396 978 peritique
1428 931 1577 960 earum
1599 928 1712 972 regi-

216 997 350 1025 onum
369 979 525 1022 cetrati
541 979 754 1021 citerioris
778 978 1016 1037 Hispanize,
1039 978 1417 1026 consectabantur,
1438 976 1598 1035 quibus
1617 979 1714 1016 erat

219 1038 414 1100 proclive
435 1048 658 1082 transnare
687 1037 864 1088 flumen,
898 1037 1016 1096 quod
1043 1037 1310 1080 consuetudo
1337 1051 1489 1080 eorum
1520 1032 1711 1077 omnium

219 1108 302 1150 est,
325 1107 376 1141 ut
397 1097 486 1141 sine
507 1097 680 1140 utribus
700 1096 757 1139 ad
779 1098 1017 1140 exercitum
1038 1112 1124 1141 non
1143 1105 1256 1139 eant.
1658 1149 1667 1158 ·

279 1157 351 1200 49.
388 1157 452 1199 At
472 1157 690 1199 exercitus
715 1156 887 1199 Afranii
910 1156 1101 1199 omnium
1123 1173 1270 1199 rerum
1292 1154 1548 1198 abundabat
1570 1166 1711 1218 copia.

224 1217 423 1262 Multum
445 1224 540 1258 erat
558 1215 824 1258 frumentum
844 1216 1065 1274 provisum
1082 1225 1126 1259 et
1145 1223 1402 1258 convectum
1419 1209 1719 1272 superioribus

223 1275 518 1334 temporibus:
575 1273 764 1316 multum
805 1291 859 1316 ex
901 1275 1015 1316 omni
1056 1274 1287 1317 Provincia
1323 1271 1716 1331 comportabatur:

224 1349 380 1393 magna
417 1334 544 1391 copia
586 1333 736 1391 pabuli
777 1333 1057 1391 subpetebat.
1135 1333 1308 1375 Harum
1345 1347 1491 1374 rerum
1527 1328 1720 1383 omnium

224 1394 457 1438 facultates
490 1391 578 1434 sine
606 1391 698 1434 ullo
733 1391 930 1450 periculo
965 1407 1074 1451 pons
1108 1391 1262 1435 Ilerdae
1294 1390 1519 1450 praebebat
1549 1398 1594 1432 et
1625 1386 1720 1430 loca

226 1463 346 1497 trans
367 1451 525 1495 flumen
548 1451 734 1509 integra,
757 1467 846 1509 quo
869 1453 1042 1494 omnino
1066 1451 1211 1494 Caesar
1231 1451 1353 1494 adire
1374 1465 1460 1494 non
1480 1456 1670 1508 poterat.

286 1511 358 1554 50.
395 1510 479 1553 Hae
499 1519 834 1569 permanserunt
852 1526 977 1567 aquae
998 1510 1089 1554 dies
1106 1509 1367 1569 complures.
1431 1509 1629 1552 Conatus
1658 1514 1723 1548 est

229 1572 375 1615 Caesai·
409 1568 586 1612 reficere
615 1578 794 1627 pontes:
834 1569 907 1612 sed
943 1586 1019 1613 nec
1047 1569 1306 1629 magnitudo
1337 1567 1522 1613 fluminis
1545 1565 1723 1626 permit-

226 1630 367 1679 tebat,
389 1644 529 1685 neque
550 1628 605 1670 ad
626 1628 766 1686 ripam
789 1628 1004 1686 dispositae
1032 1629 1229 1672 cohortes
1249 1627 1594 1672 adversariorum
1627 1640 1723 1684 per-

226 1689 298 1732 fici
321 1687 630 1748 patiebantur:
665 1686 783 1744 quod
808 1687 891 1729 illis
916 1688 1149 1747 prohibere
1172 1697 1267 1731 erat
1294 1687 1439 1737 facile,
1466 1695 1563 1730 tum
1591 1682 1725 1744 ipsius

231 1746 420 1792 fluminis
439 1753 598 1789 natura
618 1754 753 1803 atque
784 1762 907 1803 aquae
928 1747 1243 1806 magnitudine,
1277 1755 1371 1789 tum
1392 1745 1512 1804 quod
1541 1760 1595 1787 ex
1622 1742 1727 1786 totis

231 1806 339 1866 ripis
360 1806 403 1848 in
425 1819 560 1847 unum
582 1812 717 1862 atque
737 1814 970 1863 angustum
994 1807 1135 1849 locum
1153 1806 1243 1849 tela
1258 1805 1562 1864 jaciebantur;
1593 1812 1728 1862 atque

229 1873 325 1910 erat
345 1863 537 1914 difficile,
567 1864 716 1907 eodem
746 1872 940 1923 tempore
970 1864 1241 1924 rapidissimo
1272 1864 1445 1908 flumine
1474 1879 1607 1923 opera
1631 1877 1726 1922 per-

232 1924 362 1968 ficere
382 1931 427 1966 et
449 1924 537 1966 tela
553 1923 708 1966 vitare.

291 1984 364 2026 51.
400 1982 650 2026 Nunciatur
675 1982 874 2033 Afranio,
904 1998 1081 2041 magnos
1114 1983 1363 2034 comitatus,
1393 1983 1468 2042 qui
1497 1982 1580 2026 iter
1599 1980 1728 2024 habe-

280 2105 425 2137 Maoeimi
454 2107 640 2137 comitatus,
703 2104 814 2147 Vulgo
847 2105 951 2136 hodie
1022 2106 1088 2137 hoc
1113 2107 1241 2137 mrcbus
1263 2107 1634 2148 transnamli‚flumina
1649 2116 1731 2138 con-

243 2151 466 2182 Carawmwn.
492 2150 542 2180 M.
591 2149 630 2179 V.
648 2149 717 2180 Ind.

286 2194 331 2226 In
346 2194 501 2230 hiberni-v,
518 2193 549 2224 in
568 2192 608 2225 iis
626 2193 723 2229 locis,
740 2193 801 2225 ubi
818 2193 952 2225 fuerant

241 2247 348 2280 nuper
371 2236 524 2274 hiberna,
546 2244 579 2268 et
604 2237 634 2268 in
658 2249 744 2277 quos
766 2245 860 2269 erant
894 2249 953 2279 pei·

239 2281 380 2315 hiemen
395 2287 609 2322 comportata
625 2282 806 2313 frumenta.
842 2282 952 2323 Vulgo

241 2333 356 2358 contra
373 2326 473 2357 codd.
488 2326 521 2356 in
542 2325 662 2356 lam-bix.
688 2327 737 2357 M.
773 2327 849 2358 Hoc
866 2327 953 2358 Scal.

241 2375 419 2413 receperat
441 2379 483 2401 ex
503 2368 583 2400 Nic.
604 2369 801 2401 llallebodii
820 2371 954 2412 conjoc-

240 2421 327 2454 tura,
353 2412 582 2457 probantibus
609 2413 766 2445 Manutio
792 2421 826 2445 et
853 2415 954 2446 (liac-

243 2459 358 2492 conio.
415 2458 479 2490 Sed
507 2457 592 2490 bene
619 2468 654 2489 se
686 2457 788 2489 habet
820 2460 954 2501 vulgata

243 2503 362 2538 lectio.

293 2550 415 2581 Cetran·
428 2548 480 2578 cit.
500 2547 602 2588 Hisp.
641 2545 751 2587 Vulgo
767 2548 887 2578 milites
904 2549 958 2578 cit.

251 2594 353 2634 Hisp.
376 2590 499 2623 Scutati
516 2591 655 2623 suerunt.
678 2601 710 2621 v.
728 2602 759 2621 c.
777 2594 830 2623 39.
854 2592 905 2622 Ex
924 2591 957 2623 h.

247 2638 272 2669 l.
297 2642 400 2678 patet,
421 2636 584 2677 quosdam
616 2641 650 2666 ot
674 2640 812 2667 cetratos
844 2635 957 2666 fuisse.

247 2681 320 2713 Nec
344 2692 434 2722 opus
455 2685 505 2712 est
532 2679 587 2711 liic
609 2681 774 2712 ulterioris
798 2678 875 2719 legi,
899 2690 957 2710 nec

249 2735 327 2756 cum
342 2724 463 2765 Lipsio
483 2725 578 2756 Anal.
596 2724 638 2755 ad
656 2722 733 2755 Mil.
751 2725 784 2761 3,
804 2725 830 2754 l.
854 2724 957 2755 alium

249 2770 447 2810 adspectum
464 2769 667 2809 subponere.

304 2813 446 2850 Utribus,
463 2812 589 2854 quibus
606 2810 803 2843 incubantes
820 2810 959 2842 flumina

251 2862 467 2888 transnatent.
513 2855 741 2888 Sueton..1u1.
763 2856 817 2885 57.
854 2858 960 2886 Dure*-

251 2902 334 2935 8iws.
362 2901 463 2933 Conf.
478 2899 555 2934 Liv.
570 2902 624 2941 21,
641 2901 697 2932 27.
727 2900 777 2932 Μ.
823 2900 875 2932 De
899 2910 960 2932 usu

1021 2149 1098 2181 ferri
1124 2158 1271 2182 mern-tur
1292 2151 1393 2182 docta
1417 2150 1496 2182 diss.
1520 2150 1651 2182 Calveti
1675 2161 1731 2182 sur

1021 2204 1064 2225 un
1094 2202 1293 2227 monument
1322 2195 1487 2236 singulier
1514 2196 1574 2226 des
1602 2195 1732 2226 utricu-

1020 2239 1120 2270 laires
1135 2240 1176 2270 de
1191 2239 1384 2271 Cavaillon.
1400 2242 1432 2271 8.
1457 2239 1614 2280 Avignon
1637 2241 1731 2271 1766.

1024 2284 1071 2314 lix
1079 2284 1172 2323 ponit
1188 2283 1236 2315 ibi
1248 2284 1298 2315 vir
1306 2283 1462 2325 egregius
1471 2289 1730 2315 monumentum

1021 2338 1061 2358 ox
1077 2338 1156 2365 aere,
1179 2327 1380 2359 Cabellione
1396 2329 1579 2365 detectum,
1602 2328 1731 2361 nummi

1024 2372 1143 2406 forma.
1165 2373 1256 2413 quod
1279 2373 1386 2403 altera
1410 2378 1503 2413 parte
1529 2372 1614 2404 utris
1642 2371 1732 2404 sistit

1022 2417 1265 2457 anaglyphum,
1304 2416 1390 2457 parti
1430 2417 1526 2448 alteri
1566 2416 1732 2459 insculpta

1023 2468 1100 2492 sunt
1131 2460 1234 2491 verba
1271 2460 1465 2501 sequentia;
1513 2464 1733 2504 consqium

1024 2506 1325 2537 vrmcularo'nrmn-
1368 2506 1645 2537 emellicenxinm
1702 2514 1734 2537 1..

1026 2551 1204 2580 vALmu'us
1218 2558 1425 2581 svccesxus.
1470 2549 1639 2591 Frequens
1653 2550 1735 2581 utri·

1024 2592 1230 2624 culariorum
1256 2594 1293 2625 fit
1322 2593 1450 2625 mentio
1483 2593 1516 2624 in
1549 2594 1732 2636 lapidibus.

1025 2638 1125 2669 Conf.
1150 2637 1280 2669 Gruter.
1306 2649 1340 2679 p.
1363 2640 1439 2670 413.
1463 2639 1540 2669 448.
1564 2640 1639 2670 547.
1663 2649 1733 2680 seq.

1030 2680 1118 2712 Vide
1135 2689 1168 2712 et
1181 2682 1330 2713 Casanb.
1345 2683 1388 2713 ad
1404 2683 1497 2714 Suet.
1512 2682 1535 2714 1.
1548 2693 1578 2713 c.

1075 2726 1165 2757 Loca
1184 2728 1332 2766 ineeqra.
1359 2727 1509 2758 nondum
1539 2726 1737 2758 vacuefacta

1026 2769 1318 2811 pabulationibus.
1342 2771 1391 2802 M.

1075 2815 1259 2855 Haeperm.
1306 2814 1464 2847 AliiEae.

1075 2859 1241 2890 Fluminis
1268 2865 1405 2891 natura.
1467 2859 1546 2890 Erat
1571 2859 1672 2899 enim,
1702 2866 1740 2892 ut

1028 2901 1193 2945 sequitur,
1206 2902 1472 2947 rapidissimum.
1496 2903 1549 2936 M.
