1946 3261
1529 232 1620 279 323

572 233 688 278 LIB.
723 233 783 278 II.
847 233 987 278 CAP.
1024 233 1092 285 17,
1129 232 1197 278 18.

137 357 218 401 bus
240 359 463 419 praefecit3
493 377 614 404 arma
632 362 773 406 omnia
794 363 964 422 privata
983 357 1032 405 ac
1054 362 1235 421 publica
1255 360 1298 405 in
1315 360 1494 406 domum
1514 361 1621 404 Gal-

131 417 239 461 lonii
275 420 487 469 contulit3
520 421 608 479 ipse
643 421 797 465 habuit
838 438 992 481 graves
1033 421 1076 463 in
1119 422 1336 465 Caesarem
1377 420 1619 464 conciones.

139 477 266 536 Saepe
309 495 361 521 ex
396 480 606 522 tribunali
640 481 906 539 praedicavit,
939 486 968 507 ‘⁶
989 479 1172 523 adversa
1212 481 1427 523 Caesarem
1465 480 1622 539 proelia

134 543 164 561 “
189 537 352 587 fecisse,
390 554 594 597 magnum
626 554 857 583 numerum
892 540 949 583 ab
981 555 1033 582 eo
1065 539 1255 582 militum
1287 539 1343 581 ad
1383 539 1620 582 Afranium

135 600 164 623 “
187 597 445 654 perfugisse,
479 597 566 640 haec
603 614 647 640 se
681 599 812 641 certis
834 598 1016 648 nunciis,
1054 599 1182 641 certis
1202 597 1472 648 auctoribus,
1503 614 1619 644 com-

133 661 165 680 “
187 655 393 713 perisse.’'
455 656 626 705 Quibus
663 657 794 699 rebus
829 657 1089 715 perterritos
1127 656 1233 700 civis
1274 656 1491 700 Romanos
1526 658 1620 715 ejus

130 713 363 771 provinciae
382 714 463 757 sibi
481 714 537 756 ad
556 715 892 774 Rempublicam
911 716 1294 759 administrandam
1313 715 1412 757 HS.
1432 715 1554 757 CXC
1572 724 1620 761 et

127 773 298 830 argenti
321 773 468 831 pondo
498 774 582 817 XX
610 775 745 824 milia,
776 775 910 818 tritici
940 775 1103 818 modios
1137 775 1262 818 CXX
1281 773 1400 817 milia
1420 772 1623 832 polliceri

131 831 296 890 coegit..
356 833 475 882 Quas
507 833 667 877 Caesari
698 850 789 877 esse
817 835 972 877 amicas
991 834 1191 876 civitates
1211 833 1532 887 arbitrabatur,
1571 831 1623 875 iis

132 891 334 947 graviora
373 907 503 935 onera
539 893 796 952 injungebat
835 893 1124 952 praesidiaque
1165 910 1218 936 eo
1255 892 1534 940 deducebam
1573 899 1621 934 et

124 944 288 1007 judicia
327 950 370 992 in
408 952 604 1010 privatos
640 953 878 1002 reddebam
910 952 988 1011 qui
1027 953 1164 995 verba
1202 959 1338 1009 atque
1378 951 1622 995 orationem

129 1008 332 1052 adversus
353 1009 689 1069 Rempublicam
711 1011 976 1063 habuissent,
1014 1027 1167 1055 eorum
1188 1011 1303 1054 bona
1323 1011 1367 1051 in
1388 1008 1621 1070 publicum

129 1066 383 1117 addicebat;
415 1070 684 1127 provinciam
706 1087 876 1114 omnem
898 1071 940 1113 in
961 1087 1038 1114 sua
1066 1078 1112 1113 et
1139 1068 1338 1129 Pompeii
1365 1068 1503 1111 verba
1531 1067 1621 1126 jus-

127 1126 363 1184 jurandum
384 1128 606 1187 adigebat.
672 1130 871 1188 Cognitis
906 1130 956 1172 iis
993 1130 1140 1182 rebus,
1159 1145 1257 1187 quae
1292 1135 1394 1171 sunt
1422 1134 1556 1186 gestae
1578 1126 1622 1169 in

127 1185 330 1229 citeriore
366 1187 591 1245 Hispania,
626 1190 811 1247 parabat
840 1189 1021 1232 bellum.
1086 1189 1218 1232 Ratio
1238 1195 1385 1230 autem
1405 1185 1496 1229 haec
1526 1193 1624 1228 erat

130 1244 252 1296 belli,
277 1253 328 1287 ut
356 1262 400 1287 se
432 1263 529 1289 cum
561 1248 734 1290 duabus
766 1248 1012 1306 legionibus
1045 1248 1189 1291 Gades
1221 1247 1458 1295 conferret,
1490 1260 1622 1287 naves

129 1303 486 1362 frumentumque
528 1321 653 1348 omne
691 1307 752 1349 ibi
789 1307 1059 1350 contineret:
1094 1305 1360 1365 provinciam
1395 1304 1511 1347 enim
1531 1318 1624 1346 om-

128 1377 225 1405 nem
251 1363 431 1406 Caesaris
452 1364 582 1406 rebus
604 1365 752 1406 favere
782 1373 1063 1421 cognoverat.
1127 1365 1179 1407 In
1201 1364 1355 1413 insula,
1395 1362 1619 1406 frumento

127 1423 396 1480 navibusque
418 1423 694 1480 comparatis,
716 1423 884 1465 bellum
899 1423 1000 1465 duci
1018 1438 1102 1466 non
1123 1422 1300 1465 difficile
1323 1420 1615 1464 existimabat.

130 1481 292 1531 Caesar,
315 1481 395 1523 etsi
426 1481 573 1523 multis
602 1481 936 1538 necessariisque
958 1481 1088 1524 rebus
1118 1482 1162 1524 in
1192 1480 1365 1523 Italiam
1386 1479 1621 1522 revocaba-

126 1548 219 1589 tur,
257 1548 404 1582 tamen
441 1541 745 1590 constituerat,
783 1540 950 1582 nullam
984 1549 1157 1598 partem
1190 1539 1296 1583 belli
1327 1539 1371 1581 in
1396 1538 1617 1596 Hispaniis

125 1599 399 1656 relinquere:
434 1599 555 1655 quod
592 1615 749 1657 magna
781 1615 870 1641 esse
905 1599 1103 1657 Pompeii
1134 1597 1343 1642 beneficia
1375 1604 1422 1640 et
1438 1611 1620 1655 magnas

128 1657 348 1700 clientelas
366 1658 409 1700 in
429 1658 630 1701 citeriore
647 1657 870 1716 provincia
892 1658 1068 1701 sciebat.

176 1807 217 1838 Se
246 1807 342 1838 cercis
370 1807 514 1838 nunciis.
903 1804 1054 1847 quinque
1071 1803 1171 1836 codd.
1209 1801 1461 1845 Oudendorpii,
1487 1801 1520 1836 in
1538 1801 1618 1845 qui-

127 1852 267 1882 secretis.
906 1849 971 1882 bus
999 1854 1050 1881 est
1077 1848 1252 1892 optimus‚'
1271 1846 1451 1880 Lcidensis
1475 1847 1618 1890 primus.

172 1895 374 1928 Pei-territos
409 1897 488 1927 cit-is
528 1894 709 1925 Romanos.
764 1893 835 1926 Alii
905 1895 957 1925 M.

122 1942 310 1980 perterritis
323 1941 446 1973 civibus
464 1940 624 1971 Romanis
650 1937 833 1970 subaudito
951 1938 1120 1970 Adversus
1138 1937 1404 1979 Rempublz‘cam.
1438 1935 1617 1969 Manutius

563 1804 671 1836 Codd.
696 1803 837 1847 quidam

126 1993 190 2015 eos.

178 2028 255 2058 HS.
295 2027 403 2058 CXC.
450 2026 541 2068 Lege
571 2026 833 2058 adverbialiter:

126 2071 256 2102 centies
269 2075 302 2101 et
313 2070 474 2111 nonagies
489 2071 691 2102 sestertium.
705 2072 833 2102 Cellar.

128 2114 324 2146 Sestertium
354 2115 506 2146 continet
535 2114 632 2146 mille
661 2114 833 2146 sestertios

127 2160 477 2200 (Kaisersqroachen).
505 2159 554 2189 M.
588 2161 651 2190 200
658 2158 788 2199 francs.

176 2205 314 2244 Arqemt'
328 2220 373 2225 -—-
387 2204 497 2241 milia,
512 2202 533 2234 i.
548 2214 578 2233 e.
595 2202 717 2243 viginti
733 2201 831 2235 milia

125 2247 292 2279 librarum
302 2247 431 2286 argenti
445 2247 571 2288 pondo,
588 2249 742 2288 ewam-2⁴9
755 2251 832 2278 tau-

127 2292 207 2323 wml
235 2291 349 2332 Pfund
377 2302 436 2323 am
468 2291 627 2323 Gewics'iz.
660 2291 737 2321 Jam
755 2290 833 2321 Cel-

128 2334 234 2367 larius
249 2335 399 2366 laudavit
413 2335 622 2366 Gronovium
636 2335 679 2366 de
694 2336 830 2366 Sestert.

132 2381 160 2419 1,
179 2381 210 2410 6.
226 2384 259 2410 et
268 2379 456 2418 admonuit,
472 2379 596 2410 libram
613 2377 743 2419 argenti
759 2389 832 2410 esse

128 2429 267 2455 centum
299 2423 479 2455 drachmas
519 2423 583 2461 (sic
616 2422 744 2462 Gracci)
774 2433 830 2454 seu

126 2467 283 2499 denarios
311 2467 378 2505 (sic
407 2467 582 2506 Romani).
622 2467 789 2499 Denarius
805 2478 832 2497 s.

126 2513 286 2544 drachma
304 2517 379 2542 sunt
401 2516 465 2542 tres
480 2511 613 2543 circiter
626 2510 735 2552 grossi
752 2521 831 2541 nos-

124 2556 182 2587 tri.
228 2555 314 2586 Add.
344 2555 496 2587 Perizon.
525 2556 568 2586 ad
602 2555 731 2587 Sanctii
761 2554 830 2585 Mi-

125 2610 219 2632 nerv.
253 2611 287 2641 p.
310 2602 383 2630 598-
431 2601 480 2630 M.
538 2599 661 2636 Nostra
693 2604 830 2630 moneta

127 2644 196 2676 fere
217 2646 256 2675 16
272 2643 397 2675 solidos
412 2644 499 2674 valet
515 2644 569 2675 vel
587 2646 627 2675 78
642 2645 807 2674 centimes.

176 2690 293 2721 Tritici
320 2688 456 2719 mmlios.
482 2698 541 2729 per
565 2686 831 2728 adpositionem,

126 2733 182 2764 vel
199 2731 381 2764 subaudito
399 2733 455 2764 αιί.
493 2731 592 2763 Conf.
611 2731 680 2762 Afr.
698 2733 749 2762 36.

173 2779 297 2818 Coefflt.
321 2775 391 2807 Alii
414 2778 511 2817 coffl‘t.

171 2821 404 2862 Praesidiaque
438 2836 482 2842 —-
513 2819 686 2851 reddebat.
748 2819 829 2850 Haec

124 2865 226 2897 verba
243 2865 343 2906 vulgo
372 2869 447 2906 post
470 2863 646 2896 addicebat
668 2863 830 2905 legeban-

126 2913 178 2940 tur
204 2908 330 2951 inepte.
382 2909 508 2940 Verum
535 2906 687 2939 ordinem
719 2908 830 2938 Hoto-

125 2962 265 2986 mannus
314 2952 472 2991 restituit,
534 2951 829 2985 consentientibus

904 1992 946 2013 ex
962 1981 1095 2014 Nicasii
1113 1981 1309 2022 conjectura
1329 1980 1518 2023 reponebat
1534 1981 1615 2012 adv.

904 2028 1113 2068 Pompeium,
1145 2025 1245 2056 male.
1292 2023 1362 2061 Qui
1391 2024 1483 2055 enim
1509 2024 1615 2055 Pom-

902 2070 982 2112 peio
1022 2071 1114 2102 fuere
1168 2068 1341 2108 contrarii,
1391 2067 1612 2110 Reipublicae

902 2113 1061 2146 contrarii
1077 2112 1316 2145 censebantur.

947 2160 1091 2190 Eorum.
1120 2158 1201 2200 Leg.
1229 2166 1426 2199 eorumque.
1462 2157 1514 2188 M.
1561 2155 1614 2189 Ea

900 2201 1140 2243 conjunctione
1171 2201 1228 2232 hic
1251 2211 1319 2233 non
1345 2205 1396 2232 est
1421 2210 1523 2242 opus,
1545 2212 1609 2235 nec

900 2246 985 2278 boni
1001 2246 1099 2277 codd.
1118 2245 1259 2277 habent.

947 2291 1082 2322 Ins-ula.
1129 2289 1174 2322 Et
1196 2289 1268 2321 haec
1295 2287 1386 2320 dicta
1413 2293 1463 2319 est
1484 2288 1609 2328 Gades,

899 2334 941 2365 ad
967 2334 1055 2366 ostia
1080 2333 1185 2366 Baetis
1211 2331 1373 2364 fluminis.
1405 2343 1439 2364 v.
1465 2331 1609 2365 cellarii

900 2378 999 2410 notit.
1022 2377 1116 2410 orbis
1128 2382 1197 2410 ant.
1230 2378 1281 2409 M.

948 2424 1149 2455 Necessariis
1176 2422 1286 2453 rebus.
1326 2421 1363 2452 In
1394 2419 1449 2454 his
1475 2421 1611 2453 videtur

899 2467 1004 2498 fuisse
1051 2466 1175 2498 seditio
1217 2464 1380 2504 militum,
1421 2465 1607 2497 Placentiae

901 2517 973 2542 orta
1000 2516 1034 2542 et
1058 2510 1206 2542 feliciter
1232 2508 1438 2550 composita,
1466 2509 1509 2539 de
1539 2518 1609 2550 qua

899 2555 970 2587 vid.
987 2555 1121 2587 Sueton.
1167 2553 1240 2585 Jul.
1256 2564 1286 2584 c.
1304 2554 1356 2591 69,
1373 2557 1406 2583 et
1421 2551 1487 2583 Dio
1507 2553 1605 2585 Cass.

900 2601 954 2638 41,
968 2601 1021 2633 26,
1036 2599 1097 2641 qui
1114 2599 1249 2639 longam
1265 2596 1470 2635 orationem,
1499 2602 1570 2628 tum
1585 2607 1607 2628 a

898 2643 1031 2675 Caesare
1073 2642 1209 2680 dictam,
1239 2651 1302 2672 suo
1345 2640 1441 2682 operi
1481 2640 1610 2672 intulit.

899 2687 973 2719 Etsi
997 2698 1076 2719 vero
1095 2692 1228 2727 tempus
1253 2685 1366 2726 ipsum
1382 2683 1521 2716 definire
1535 2695 1606 2717 non

899 2743 1051 2773 possum,
1075 2737 1186 2762 tamen
1203 2740 1254 2761 res
1271 2729 1305 2759 in
1321 2738 1361 2759 ea
1377 2733 1533 2769 tempora
1553 2728 1607 2760 in-

897 2775 995 2815 cidit,
1024 2774 1207 2815 dequibus
1236 2772 1323 2804 infra
1353 2782 1432 2813 cap.
1458 2775 1500 2803 22
1516 2778 1602 2805 extr.
1650 2799 1655 2804 .

896 2820 1033 2852 dicitur.
1076 2817 1184 2850 Volui
1201 2817 1319 2849 saltem
1336 2816 1377 2847 de
1392 2826 1433 2848 ea
1456 2826 1608 2858 monere,

895 2864 977 2905 quia
1001 2864 1114 2896 Caesar
1138 2862 1237 2904 plane
1266 2859 1404 2892 silentio
1433 2860 1606 2902 praeteriit.

897 2910 948 2941 M.

943 2953 1095 2999 Pompeii
1112 2950 1281 2992 beneficia.
1304 2948 1406 3025 Confi.
1425 2950 1455 2987 1,
1470 2949 1525 2982 29.
1551 2947 1605 2983 M.
