<?xml version="1.0" encoding="UTF-8"?>
<!DOCTYPE html PUBLIC "-//W3C//DTD XHTML 1.0 Transitional//EN"
    "http://www.w3.org/TR/xhtml1/DTD/xhtml1-transitional.dtd">
<html xmlns="http://www.w3.org/1999/xhtml" xml:lang="en" lang="en">
 <head>
  <title>
</title>
<meta http-equiv="Content-Type" content="text/html;charset=utf-8" />
  <meta name='ocr-system' content='tesseract 3.04.00' />
  <meta name='ocr-capabilities' content='ocr_page ocr_carea ocr_par ocr_line ocrx_word'/>
</head>
<body>
  <div class='ocr_page' id='page_1' title='image "./commentariidebel00caesuoft_0686.png"; bbox 0 0 1946 3261; ppageno 0'>
   <div class='ocr_carea' id='block_1_1' title="bbox 233 213 317 257">
    <p class='ocr_par' dir='ltr' id='par_1_1' title="bbox 233 213 317 257">
     <span class='ocr_line' id='line_1_1' title="bbox 233 213 317 257; baseline 0.012 -1"><span class='ocrx_word' id='word_1_1' title='bbox 233 213 317 257; x_wconf 79' lang='lat'>646</span> 
     </span>
    </p>
   </div>
   <div class='ocr_carea' id='block_1_2' title="bbox 228 340 961 2908">
    <p class='ocr_par' dir='ltr' id='par_1_2' title="bbox 228 340 961 2908">
     <span class='ocr_line' id='line_1_2' title="bbox 282 340 942 384; baseline 0.005 -10"><span class='ocrx_word' id='word_1_2' title='bbox 282 341 369 374; x_wconf 77' lang='lat' dir='ltr'>cisse</span> <span class='ocrx_word' id='word_1_3' title='bbox 401 340 568 374; x_wconf 83' lang='lat' dir='ltr'>dicuntur.</span> <span class='ocrx_word' id='word_1_4' title='bbox 613 341 788 381; x_wconf 83' lang='lat' dir='ltr'>Similiter,</span> <span class='ocrx_word' id='word_1_5' title='bbox 825 345 858 384; x_wconf 79' lang='lat'>7,</span> <span class='ocrx_word' id='word_1_6' title='bbox 890 349 942 377; x_wconf 87' lang='lat'>55.</span> 
     </span>
     <span class='ocr_line' id='line_1_3' title="bbox 283 385 943 427; baseline 0.009 -12"><span class='ocrx_word' id='word_1_7' title='bbox 283 385 443 421; x_wconf 82' lang='lat' dir='ltr'>c.1‚14.</span> <span class='ocrx_word' id='word_1_8' title='bbox 479 388 510 422; x_wconf 85' lang='lat'>3,</span> <span class='ocrx_word' id='word_1_9' title='bbox 526 388 558 425; x_wconf 87' lang='lat'>9,</span> <span class='ocrx_word' id='word_1_10' title='bbox 587 388 642 424; x_wconf 80' lang='lat'>21,</span> <span class='ocrx_word' id='word_1_11' title='bbox 663 389 718 426; x_wconf 84' lang='lat'>29,</span> <span class='ocrx_word' id='word_1_12' title='bbox 752 392 806 427; x_wconf 80' lang='lat'>32,</span> <span class='ocrx_word' id='word_1_13' title='bbox 829 392 883 421; x_wconf 80' lang='grc' dir='ltr'>4ο.</span> <span class='ocrx_word' id='word_1_14' title='bbox 901 390 943 420; x_wconf 87' lang='grc' dir='ltr'>Α.</span> 
     </span>
     <span class='ocr_line' id='line_1_4' title="bbox 284 428 944 471; baseline 0.009 -13"><span class='ocrx_word' id='word_1_15' title='bbox 284 429 338 465; x_wconf 83' lang='grc'>57,</span> <span class='ocrx_word' id='word_1_16' title='bbox 355 431 409 459; x_wconf 90' lang='grc'>58.</span> <span class='ocrx_word' id='word_1_17' title='bbox 437 428 490 459; x_wconf 84' lang='lat' dir='ltr'>Cf.</span> <span class='ocrx_word' id='word_1_18' title='bbox 507 429 659 461; x_wconf 87' lang='lat' dir='ltr'>Gronov.</span> <span class='ocrx_word' id='word_1_19' title='bbox 677 430 821 463; x_wconf 85' lang='lat' dir='ltr'>Observ.</span> <span class='ocrx_word' id='word_1_20' title='bbox 854 434 887 471; x_wconf 87' lang='grc'>3,</span> <span class='ocrx_word' id='word_1_21' title='bbox 902 437 944 464; x_wconf 85' lang='grc'>22</span> 
     </span>
     <span class='ocr_line' id='line_1_5' title="bbox 228 450 946 514; baseline 0.004 -10"><span class='ocrx_word' id='word_1_22' title='bbox 228 450 441 504; x_wconf 47' lang='lat' dir='ltr'>&#39;Congertere</span> <span class='ocrx_word' id='word_1_23' title='bbox 462 475 537 510; x_wconf 69' lang='lat' dir='ltr'>iter,</span> <span class='ocrx_word' id='word_1_24' title='bbox 566 473 727 505; x_wconf 84' lang='lat' dir='ltr'>aliorsum</span> <span class='ocrx_word' id='word_1_25' title='bbox 755 474 816 513; x_wconf 86' lang='lat' dir='ltr'>ire,</span> <span class='ocrx_word' id='word_1_26' title='bbox 848 479 875 514; x_wconf 92' lang='grc'>1,</span> <span class='ocrx_word' id='word_1_27' title='bbox 893 478 946 507; x_wconf 98' lang='grc'>23.</span> 
     </span>
     <span class='ocr_line' id='line_1_6' title="bbox 282 498 946 559; baseline 0.009 -14"><span class='ocrx_word' id='word_1_28' title='bbox 282 514 372 546; x_wconf 87' lang='lat' dir='ltr'>Hinc</span> <span class='ocrx_word' id='word_1_29' title='bbox 411 521 601 548; x_wconf 72' lang='lat' dir='ltr'>convertere</span> <span class='ocrx_word' id='word_1_30' title='bbox 642 519 746 559; x_wconf 71' lang='lat' dir='ltr'>siqua</span> <span class='ocrx_word' id='word_1_31' title='bbox 783 498 946 551; x_wconf 79' lang='lat' dir='ltr'>aliorsum</span> 
     </span>
     <span class='ocr_line' id='line_1_7' title="bbox 283 558 949 600; baseline 0.008 -12"><span class='ocrx_word' id='word_1_32' title='bbox 283 558 380 596; x_wconf 83' lang='lat' dir='ltr'>ferre,</span> <span class='ocrx_word' id='word_1_33' title='bbox 417 561 444 597; x_wconf 93' lang='lat' dir='ltr'>l,</span> <span class='ocrx_word' id='word_1_34' title='bbox 455 563 510 590; x_wconf 86' lang='grc'>25.</span> <span class='ocrx_word' id='word_1_35' title='bbox 539 565 574 591; x_wconf 83' lang='lat' dir='ltr'>et</span> <span class='ocrx_word' id='word_1_36' title='bbox 597 562 701 600; x_wconf 69' lang='lat' dir='ltr'>siqua</span> <span class='ocrx_word' id='word_1_37' title='bbox 726 572 887 593; x_wconf 60' lang='lat' dir='ltr'>comer-sa</span> <span class='ocrx_word' id='word_1_38' title='bbox 910 566 949 593; x_wconf 78' lang='lat' dir='ltr'>in</span> 
     </span>
     <span class='ocr_line' id='line_1_8' title="bbox 285 603 949 644; baseline 0.008 -12"><span class='ocrx_word' id='word_1_39' title='bbox 285 603 392 633; x_wconf 75' lang='lat' dir='ltr'>hostes</span> <span class='ocrx_word' id='word_1_40' title='bbox 405 603 546 644; x_wconf 78' lang='lat' dir='ltr'>inferre,</span> <span class='ocrx_word' id='word_1_41' title='bbox 572 607 603 642; x_wconf 86' lang='grc'>2,</span> <span class='ocrx_word' id='word_1_42' title='bbox 621 605 676 636; x_wconf 84' lang='grc'>26.</span> <span class='ocrx_word' id='word_1_43' title='bbox 701 614 878 638; x_wconf 66' lang='lat' dir='ltr'>conversus</span> <span class='ocrx_word' id='word_1_44' title='bbox 902 606 949 637; x_wconf 74' lang='lat' dir='ltr'>ml</span> 
     </span>
     <span class='ocr_line' id='line_1_9' title="bbox 287 646 950 686; baseline 0.006 -10"><span class='ocrx_word' id='word_1_45' title='bbox 287 646 424 686; x_wconf 72' lang='lat' dir='ltr'>hostem,</span> <span class='ocrx_word' id='word_1_46' title='bbox 451 657 569 679; x_wconf 84' lang='lat' dir='ltr'>versus</span> <span class='ocrx_word' id='word_1_47' title='bbox 584 646 729 686; x_wconf 80' lang='lat' dir='ltr'><strong>hostem,</strong></span> <span class='ocrx_word' id='word_1_48' title='bbox 755 651 787 686; x_wconf 89' lang='grc'><strong>3,</strong></span> <span class='ocrx_word' id='word_1_49' title='bbox 803 650 856 679; x_wconf 87' lang='grc'>29.</span> <span class='ocrx_word' id='word_1_50' title='bbox 872 659 950 680; x_wconf 82' lang='lat' dir='ltr'>con-</span> 
     </span>
     <span class='ocr_line' id='line_1_10' title="bbox 285 693 954 730; baseline 0.006 -10"><span class='ocrx_word' id='word_1_51' title='bbox 285 699 384 721; x_wconf 70' lang='lat' dir='ltr'>versa</span> <span class='ocrx_word' id='word_1_52' title='bbox 395 699 503 730; x_wconf 76' lang='lat' dir='ltr'>mem,</span> <span class='ocrx_word' id='word_1_53' title='bbox 512 696 653 730; x_wconf 78' lang='lat' dir='ltr'>mutata,</span> <span class='ocrx_word' id='word_1_54' title='bbox 669 694 696 729; x_wconf 90' lang='grc'>1,</span> <span class='ocrx_word' id='word_1_55' title='bbox 704 695 724 723; x_wconf 89' lang='grc'><strong>4</strong></span> <span class='ocrx_word' id='word_1_56' title='bbox 733 693 758 722; x_wconf 93' lang='lat'>1.</span> <span class='ocrx_word' id='word_1_57' title='bbox 765 696 954 724; x_wconf 75' lang='lat' dir='ltr'>convertere</span> 
     </span>
     <span class='ocr_line' id='line_1_11' title="bbox 289 734 709 773; baseline 0.005 -9"><span class='ocrx_word' id='word_1_58' title='bbox 289 737 406 765; x_wconf 70' lang='lat' dir='ltr'>centra</span> <span class='ocrx_word' id='word_1_59' title='bbox 420 737 551 773; x_wconf 69' lang='lat' dir='ltr'>castris,</span> <span class='ocrx_word' id='word_1_60' title='bbox 565 734 605 766; x_wconf 92' lang='lat' dir='ltr'>C.</span> <span class='ocrx_word' id='word_1_61' title='bbox 627 738 654 773; x_wconf 94' lang='lat' dir='ltr'>l,</span> <span class='ocrx_word' id='word_1_62' title='bbox 670 737 709 766; x_wconf 93' lang='grc'>81</span> 
     </span>
     <span class='ocr_line' id='line_1_12' title="bbox 249 777 789 817; baseline 0.002 -9"><span class='ocrx_word' id='word_1_63' title='bbox 249 777 459 817; x_wconf 75' lang='lat' dir='ltr'>Convicium,</span> <span class='ocrx_word' id='word_1_64' title='bbox 473 778 648 817; x_wconf 83' lang='lat' dir='ltr'>clamores,</span> <span class='ocrx_word' id='word_1_65' title='bbox 664 778 705 810; x_wconf 93' lang='lat' dir='ltr'>C.</span> <span class='ocrx_word' id='word_1_66' title='bbox 724 780 754 816; x_wconf 89' lang='lat'>1,</span> <span class='ocrx_word' id='word_1_67' title='bbox 769 781 789 809; x_wconf 86' lang='grc'>2</span> 
     </span>
     <span class='ocr_line' id='line_1_13' title="bbox 249 821 952 861; baseline 0.001 -8"><span class='ocrx_word' id='word_1_68' title='bbox 249 821 464 860; x_wconf 66' lang='lat' dir='ltr'>convincere,</span> <span class='ocrx_word' id='word_1_69' title='bbox 489 824 637 853; x_wconf 74' lang='lat' dir='ltr'>avaritia</span> <span class='ocrx_word' id='word_1_70' title='bbox 651 824 873 861; x_wconf 73' lang='lat' dir='ltr'>convincitur,</span> <span class='ocrx_word' id='word_1_71' title='bbox 887 821 952 853; x_wconf 83' lang='lat' dir='ltr'>ali-</span> 
     </span>
     <span class='ocr_line' id='line_1_14' title="bbox 289 863 766 904; baseline 0.006 -10"><span class='ocrx_word' id='word_1_72' title='bbox 289 863 368 904; x_wconf 87' lang='lat' dir='ltr'>quis</span> <span class='ocrx_word' id='word_1_73' title='bbox 383 875 482 896; x_wconf 90' lang='lat' dir='ltr'>conv.</span> <span class='ocrx_word' id='word_1_74' title='bbox 498 864 664 904; x_wconf 62' lang='lat' dir='ltr'>avaritiae,</span> <span class='ocrx_word' id='word_1_75' title='bbox 683 868 710 903; x_wconf 91' lang='lat' dir='ltr'>l,</span> <span class='ocrx_word' id='word_1_76' title='bbox 725 867 766 897; x_wconf 84' lang='grc'>40</span> 
     </span>
     <span class='ocr_line' id='line_1_15' title="bbox 250 908 953 948; baseline 0.001 -9"><span class='ocrx_word' id='word_1_77' title='bbox 250 908 516 947; x_wconf 76' lang='lat' dir='ltr'>Convulnerare,</span> <span class='ocrx_word' id='word_1_78' title='bbox 528 909 718 946; x_wconf 83' lang='lat' dir='ltr'>vulnerare,</span> <span class='ocrx_word' id='word_1_79' title='bbox 736 908 791 940; x_wconf 80' lang='lat' dir='ltr'>Af.</span> <span class='ocrx_word' id='word_1_80' title='bbox 809 910 842 948; x_wconf 87' lang='lat'>6,</span> <span class='ocrx_word' id='word_1_81' title='bbox 859 911 892 941; x_wconf 87' lang='grc'>7.</span> <span class='ocrx_word' id='word_1_82' title='bbox 919 915 953 941; x_wconf 87' lang='lat' dir='ltr'>et</span> 
     </span>
     <span class='ocr_line' id='line_1_16' title="bbox 291 951 839 992; baseline 0.005 -11"><span class='ocrx_word' id='word_1_83' title='bbox 291 960 382 992; x_wconf 74' lang='lat' dir='ltr'>saepe</span> <span class='ocrx_word' id='word_1_84' title='bbox 396 951 430 982; x_wconf 90' lang='lat' dir='ltr'>in</span> <span class='ocrx_word' id='word_1_85' title='bbox 446 951 544 984; x_wconf 87' lang='lat' dir='ltr'>libris</span> <span class='ocrx_word' id='word_1_86' title='bbox 558 953 601 983; x_wconf 91' lang='lat' dir='ltr'>de</span> <span class='ocrx_word' id='word_1_87' title='bbox 617 952 659 983; x_wconf 90' lang='grc' dir='ltr'>Β.</span> <span class='ocrx_word' id='word_1_88' title='bbox 675 952 729 984; x_wconf 84' lang='lat' dir='ltr'>Af.</span> <span class='ocrx_word' id='word_1_89' title='bbox 745 959 779 984; x_wconf 83' lang='lat' dir='ltr'>et</span> <span class='ocrx_word' id='word_1_90' title='bbox 793 954 839 984; x_wconf 82' lang='grc' dir='ltr'>Η.</span> 
     </span>
     <span class='ocr_line' id='line_1_17' title="bbox 254 993 955 1035; baseline 0.004 -10"><span class='ocrx_word' id='word_1_91' title='bbox 254 993 359 1035; x_wconf 80' lang='lat' dir='ltr'>Copia</span> <span class='ocrx_word' id='word_1_92' title='bbox 373 995 554 1027; x_wconf 84' lang='lat' dir='ltr'>multitudo</span> <span class='ocrx_word' id='word_1_93' title='bbox 570 995 763 1033; x_wconf 88' lang='lat' dir='ltr'>hominum,</span> <span class='ocrx_word' id='word_1_94' title='bbox 785 999 810 1033; x_wconf 94' lang='lat' dir='ltr'>l,</span> <span class='ocrx_word' id='word_1_95' title='bbox 827 999 882 1027; x_wconf 84' lang='grc'>48.</span> <span class='ocrx_word' id='word_1_96' title='bbox 911 997 955 1028; x_wconf 72' lang='lat' dir='ltr'>cf.</span> 
     </span>
     <span class='ocr_line' id='line_1_18' title="bbox 295 1037 956 1081; baseline 0.005 -13"><span class='ocrx_word' id='word_1_97' title='bbox 295 1039 347 1076; x_wconf 92' lang='grc'>10,</span> <span class='ocrx_word' id='word_1_98' title='bbox 367 1037 429 1070; x_wconf 86' lang='lat' dir='ltr'>ubi</span> <span class='ocrx_word' id='word_1_99' title='bbox 444 1042 542 1081; x_wconf 76' lang='lat' dir='ltr'>copia</span> <span class='ocrx_word' id='word_1_100' title='bbox 563 1049 676 1080; x_wconf 78' lang='lat' dir='ltr'>parva</span> <span class='ocrx_word' id='word_1_101' title='bbox 701 1039 836 1070; x_wconf 89' lang='lat' dir='ltr'>dicitur.</span> <span class='ocrx_word' id='word_1_102' title='bbox 860 1043 956 1081; x_wconf 74' lang='lat' dir='ltr'>copia</span> 
     </span>
     <span class='ocr_line' id='line_1_19' title="bbox 290 1082 954 1124; baseline 0.002 -12"><span class='ocrx_word' id='word_1_103' title='bbox 290 1083 460 1121; x_wconf 68' lang='lat' dir='ltr'>expedita,</span> <span class='ocrx_word' id='word_1_104' title='bbox 496 1082 551 1113; x_wconf 83' lang='lat' dir='ltr'>Af.</span> <span class='ocrx_word' id='word_1_105' title='bbox 581 1085 635 1114; x_wconf 88' lang='grc'>80.</span> <span class='ocrx_word' id='word_1_106' title='bbox 658 1085 754 1124; x_wconf 78' lang='lat' dir='ltr'>copia</span> <span class='ocrx_word' id='word_1_107' title='bbox 779 1084 954 1124; x_wconf 63' lang='lat' dir='ltr'>pedestris,</span> 
     </span>
     <span class='ocr_line' id='line_1_20' title="bbox 292 1124 952 1164; baseline 0.006 -10"><span class='ocrx_word' id='word_1_108' title='bbox 292 1124 350 1155; x_wconf 84' lang='lat' dir='ltr'>Af.</span> <span class='ocrx_word' id='word_1_109' title='bbox 371 1127 422 1164; x_wconf 91' lang='grc'>10,</span> <span class='ocrx_word' id='word_1_110' title='bbox 437 1128 490 1157; x_wconf 86' lang='grc'>38.</span> <span class='ocrx_word' id='word_1_111' title='bbox 507 1125 551 1156; x_wconf 89' lang='lat' dir='ltr'>H.</span> <span class='ocrx_word' id='word_1_112' title='bbox 568 1127 600 1156; x_wconf 88' lang='grc'>6.</span> <span class='ocrx_word' id='word_1_113' title='bbox 617 1125 687 1156; x_wconf 89' lang='lat' dir='ltr'>vid.</span> <span class='ocrx_word' id='word_1_114' title='bbox 711 1125 830 1158; x_wconf 86' lang='lat' dir='ltr'>Davis.</span> <span class='ocrx_word' id='word_1_115' title='bbox 855 1127 899 1158; x_wconf 82' lang='lat' dir='ltr'>ad</span> <span class='ocrx_word' id='word_1_116' title='bbox 913 1127 952 1158; x_wconf 88' lang='lat' dir='ltr'>C.</span> 
     </span>
     <span class='ocr_line' id='line_1_21' title="bbox 296 1168 955 1213; baseline 0.006 -15"><span class='ocrx_word' id='word_1_117' title='bbox 296 1169 326 1205; x_wconf 88' lang='lat'>1,</span> <span class='ocrx_word' id='word_1_118' title='bbox 343 1170 396 1200; x_wconf 90' lang='grc'>45.</span> <span class='ocrx_word' id='word_1_119' title='bbox 413 1174 445 1200; x_wconf 84' lang='lat' dir='ltr'>ct</span> <span class='ocrx_word' id='word_1_120' title='bbox 458 1168 590 1200; x_wconf 80' lang='lat' dir='ltr'>Victor.</span> <span class='ocrx_word' id='word_1_121' title='bbox 605 1169 650 1201; x_wconf 86' lang='lat' dir='ltr'>ad</span> <span class='ocrx_word' id='word_1_122' title='bbox 664 1169 740 1201; x_wconf 91' lang='lat' dir='ltr'>Cic.</span> <span class='ocrx_word' id='word_1_123' title='bbox 755 1171 798 1202; x_wconf 79' lang='lat' dir='ltr'>ad</span> <span class='ocrx_word' id='word_1_124' title='bbox 818 1171 885 1202; x_wconf 80' lang='lat' dir='ltr'>Att.</span> <span class='ocrx_word' id='word_1_125' title='bbox 899 1181 955 1213; x_wconf 88' lang='lat' dir='ltr'>ep.</span> 
     </span>
     <span class='ocr_line' id='line_1_22' title="bbox 294 1213 388 1248; baseline 0.011 -7"><span class='ocrx_word' id='word_1_126' title='bbox 294 1213 327 1248; x_wconf 89' lang='grc'>8,</span> <span class='ocrx_word' id='word_1_127' title='bbox 350 1213 388 1242; x_wconf 83' lang='grc'>12</span> 
     </span>
     <span class='ocr_line' id='line_1_23' title="bbox 251 1255 957 1295; baseline 0.006 -9"><span class='ocrx_word' id='word_1_128' title='bbox 251 1255 378 1295; x_wconf 77' lang='lat' dir='ltr'>Copioe,</span> <span class='ocrx_word' id='word_1_129' title='bbox 405 1255 593 1293; x_wconf 81' lang='lat' dir='ltr'>facultates,</span> <span class='ocrx_word' id='word_1_130' title='bbox 628 1263 851 1290; x_wconf 75' lang='lat' dir='ltr'>commeatus.</span> <span class='ocrx_word' id='word_1_131' title='bbox 887 1258 957 1290; x_wconf 82' lang='lat' dir='ltr'>fru-</span> 
     </span>
     <span class='ocr_line' id='line_1_24' title="bbox 293 1300 957 1340; baseline 0.006 -11"><span class='ocrx_word' id='word_1_132' title='bbox 293 1304 458 1338; x_wconf 86' lang='lat' dir='ltr'>mentum,</span> <span class='ocrx_word' id='word_1_133' title='bbox 471 1300 648 1340; x_wconf 77' lang='lat' dir='ltr'>alimenta,</span> <span class='ocrx_word' id='word_1_134' title='bbox 669 1304 695 1339; x_wconf 93' lang='lat' dir='ltr'>l,</span> <span class='ocrx_word' id='word_1_135' title='bbox 712 1303 766 1333; x_wconf 89' lang='grc'>31.</span> <span class='ocrx_word' id='word_1_136' title='bbox 791 1306 823 1339; x_wconf 88' lang='grc'>2,</span> <span class='ocrx_word' id='word_1_137' title='bbox 847 1304 894 1333; x_wconf 92' lang='grc'>10.</span> <span class='ocrx_word' id='word_1_138' title='bbox 926 1306 957 1340; x_wconf 82' lang='grc'>4,</span> 
     </span>
     <span class='ocr_line' id='line_1_25' title="bbox 294 1343 956 1383; baseline 0.008 -11"><span class='ocrx_word' id='word_1_139' title='bbox 294 1343 327 1372; x_wconf 89' lang='grc'>4.</span> <span class='ocrx_word' id='word_1_140' title='bbox 351 1343 404 1374; x_wconf 83' lang='lat' dir='ltr'>Af.</span> <span class='ocrx_word' id='word_1_141' title='bbox 421 1346 474 1376; x_wconf 83' lang='grc'>86.</span> <span class='ocrx_word' id='word_1_142' title='bbox 520 1343 577 1375; x_wconf 88' lang='lat' dir='ltr'>Sic</span> <span class='ocrx_word' id='word_1_143' title='bbox 593 1351 625 1375; x_wconf 83' lang='lat' dir='ltr'>et</span> <span class='ocrx_word' id='word_1_144' title='bbox 649 1344 733 1376; x_wconf 84' lang='lat' dir='ltr'>Tac.</span> <span class='ocrx_word' id='word_1_145' title='bbox 751 1346 838 1377; x_wconf 82' lang='lat' dir='ltr'>Anu.</span> <span class='ocrx_word' id='word_1_146' title='bbox 859 1348 885 1383; x_wconf 94' lang='lat' dir='ltr'>l,</span> <span class='ocrx_word' id='word_1_147' title='bbox 901 1347 956 1377; x_wconf 87' lang='lat'>68.</span> 
     </span>
     <span class='ocr_line' id='line_1_26' title="bbox 292 1385 580 1426; baseline 0.007 -10"><span class='ocrx_word' id='word_1_148' title='bbox 292 1385 429 1425; x_wconf 83' lang='lat' dir='ltr'>Florus,</span> <span class='ocrx_word' id='word_1_149' title='bbox 443 1391 476 1425; x_wconf 84' lang='lat'>4,</span> <span class='ocrx_word' id='word_1_150' title='bbox 494 1391 524 1426; x_wconf 86' lang='grc'>2,</span> <span class='ocrx_word' id='word_1_151' title='bbox 540 1389 580 1418; x_wconf 85' lang='grc'>39</span> 
     </span>
     <span class='ocr_line' id='line_1_27' title="bbox 252 1429 958 1472; baseline 0.004 -11"><span class='ocrx_word' id='word_1_152' title='bbox 252 1429 411 1470; x_wconf 72' lang='lat' dir='ltr'>copiosus</span> <span class='ocrx_word' id='word_1_153' title='bbox 438 1431 485 1463; x_wconf 76' lang='lat' dir='ltr'>ad</span> <span class='ocrx_word' id='word_1_154' title='bbox 511 1431 650 1463; x_wconf 73' lang='lat' dir='ltr'>alendos</span> <span class='ocrx_word' id='word_1_155' title='bbox 678 1432 828 1464; x_wconf 72' lang='lat' dir='ltr'>homines</span> <span class='ocrx_word' id='word_1_156' title='bbox 857 1434 958 1472; x_wconf 62' lang='lat' dir='ltr'>locam,</span> 
     </span>
     <span class='ocr_line' id='line_1_28' title="bbox 292 1473 956 1517; baseline 0.006 -13"><span class='ocrx_word' id='word_1_157' title='bbox 292 1473 388 1505; x_wconf 86' lang='lat' dir='ltr'>victu</span> <span class='ocrx_word' id='word_1_158' title='bbox 419 1475 610 1514; x_wconf 82' lang='lat' dir='ltr'>abundans,</span> <span class='ocrx_word' id='word_1_159' title='bbox 642 1475 684 1507; x_wconf 80' lang='lat' dir='ltr'>A.</span> <span class='ocrx_word' id='word_1_160' title='bbox 712 1478 767 1508; x_wconf 80' lang='grc'><strong>42,</strong></span> <span class='ocrx_word' id='word_1_161' title='bbox 786 1478 956 1517; x_wconf 74' lang='lat' dir='ltr'>copiosum</span> 
     </span>
     <span class='ocr_line' id='line_1_29' title="bbox 292 1517 956 1559; baseline 0.008 -12"><span class='ocrx_word' id='word_1_162' title='bbox 292 1517 464 1559; x_wconf 78' lang='lat' dir='ltr'>oppidum,</span> <span class='ocrx_word' id='word_1_163' title='bbox 478 1519 581 1552; x_wconf 77' lang='lat' dir='ltr'>rebus</span> <span class='ocrx_word' id='word_1_164' title='bbox 596 1518 760 1552; x_wconf 84' lang='lat' dir='ltr'>omnibus</span> <span class='ocrx_word' id='word_1_165' title='bbox 767 1519 956 1559; x_wconf 70' lang='lat' dir='ltr'>abundans,</span> 
     </span>
     <span class='ocr_line' id='line_1_30' title="bbox 301 1562 388 1598; baseline 0.023 -8"><span class='ocrx_word' id='word_1_166' title='bbox 301 1562 328 1598; x_wconf 91' lang='lat' dir='ltr'>l,</span> <span class='ocrx_word' id='word_1_167' title='bbox 345 1562 388 1592; x_wconf 86' lang='grc'>23</span> 
     </span>
     <span class='ocr_line' id='line_1_31' title="bbox 253 1602 652 1645; baseline 0.013 -12"><span class='ocrx_word' id='word_1_168' title='bbox 253 1603 402 1645; x_wconf 68' lang='lat' dir='ltr'>Copoedoe,</span> <span class='ocrx_word' id='word_1_169' title='bbox 419 1602 488 1635; x_wconf 89' lang='lat' dir='ltr'>vid.</span> <span class='ocrx_word' id='word_1_170' title='bbox 504 1606 547 1636; x_wconf 89' lang='lat' dir='ltr'>ad</span> <span class='ocrx_word' id='word_1_171' title='bbox 565 1607 596 1644; x_wconf 82' lang='lat'>3,</span> <span class='ocrx_word' id='word_1_172' title='bbox 615 1608 652 1638; x_wconf 88' lang='grc'>13</span> 
     </span>
     <span class='ocr_line' id='line_1_32' title="bbox 251 1646 958 1689; baseline 0.001 -9"><span class='ocrx_word' id='word_1_173' title='bbox 251 1646 406 1686; x_wconf 67' lang='lat' dir='ltr'>Corona»,</span> <span class='ocrx_word' id='word_1_174' title='bbox 422 1648 490 1679; x_wconf 82' lang='lat' dir='ltr'>vid.</span> <span class='ocrx_word' id='word_1_175' title='bbox 507 1650 549 1680; x_wconf 87' lang='lat' dir='ltr'>ad</span> <span class='ocrx_word' id='word_1_176' title='bbox 562 1653 594 1687; x_wconf 90' lang='lat'>8,</span> <span class='ocrx_word' id='word_1_177' title='bbox 604 1650 637 1681; x_wconf 89' lang='grc'>9.</span> <span class='ocrx_word' id='word_1_178' title='bbox 663 1660 787 1683; x_wconf 75' lang='lat' dir='ltr'>corona</span> <span class='ocrx_word' id='word_1_179' title='bbox 801 1652 958 1689; x_wconf 67' lang='lat' dir='ltr'>hostium,</span> 
     </span>
     <span class='ocr_line' id='line_1_33' title="bbox 293 1690 955 1733; baseline 0.003 -11"><span class='ocrx_word' id='word_1_180' title='bbox 293 1690 399 1730; x_wconf 78' lang='lat' dir='ltr'>acies,</span> <span class='ocrx_word' id='word_1_181' title='bbox 415 1691 554 1733; x_wconf 84' lang='lat' dir='ltr'>cingens</span> <span class='ocrx_word' id='word_1_182' title='bbox 571 1693 733 1733; x_wconf 72' lang='lat' dir='ltr'>inclusos,</span> <span class='ocrx_word' id='word_1_183' title='bbox 760 1695 815 1726; x_wconf 81' lang='lat' dir='ltr'>As.</span> <span class='ocrx_word' id='word_1_184' title='bbox 838 1696 886 1726; x_wconf 79' lang='lat'>17.</span> <span class='ocrx_word' id='word_1_185' title='bbox 910 1695 955 1727; x_wconf 77' lang='lat' dir='ltr'>cf.</span> 
     </span>
     <span class='ocr_line' id='line_1_34' title="bbox 296 1737 958 1779; baseline 0.005 -13"><span class='ocrx_word' id='word_1_186' title='bbox 296 1744 328 1766; x_wconf 88' lang='lat' dir='ltr'>c.</span> <span class='ocrx_word' id='word_1_187' title='bbox 347 1737 398 1768; x_wconf 84' lang='grc'>70.</span> <span class='ocrx_word' id='word_1_188' title='bbox 420 1746 546 1768; x_wconf 77' lang='lat' dir='ltr'>corona</span> <span class='ocrx_word' id='word_1_189' title='bbox 559 1740 707 1779; x_wconf 68' lang='lat' dir='ltr'>cingyere,</span> <span class='ocrx_word' id='word_1_190' title='bbox 732 1737 958 1775; x_wconf 69' lang='lat' dir='ltr'>circumdare,</span> 
     </span>
     <span class='ocr_line' id='line_1_35' title="bbox 298 1779 958 1819; baseline 0.009 -12"><span class='ocrx_word' id='word_1_191' title='bbox 298 1779 401 1815; x_wconf 83' lang='grc'><strong>7,·12.</strong></span> <span class='ocrx_word' id='word_1_192' title='bbox 431 1790 557 1811; x_wconf 78' lang='lat' dir='ltr'>corona</span> <span class='ocrx_word' id='word_1_193' title='bbox 578 1781 610 1812; x_wconf 90' lang='lat' dir='ltr'>in</span> <span class='ocrx_word' id='word_1_194' title='bbox 639 1781 822 1813; x_wconf 84' lang='lat' dir='ltr'>obsidione</span> <span class='ocrx_word' id='word_1_195' title='bbox 850 1781 958 1819; x_wconf 84' lang='lat' dir='ltr'>urbis,</span> 
     </span>
     <span class='ocr_line' id='line_1_36' title="bbox 296 1821 958 1863; baseline 0.006 -12"><span class='ocrx_word' id='word_1_196' title='bbox 296 1821 342 1851; x_wconf 74' lang='grc' dir='ltr'>Η.</span> <span class='ocrx_word' id='word_1_197' title='bbox 379 1825 427 1853; x_wconf 88' lang='grc'>13.</span> <span class='ocrx_word' id='word_1_198' title='bbox 467 1826 553 1854; x_wconf 75' lang='lat' dir='ltr'>servi</span> <span class='ocrx_word' id='word_1_199' title='bbox 581 1825 640 1856; x_wconf 78' lang='lat' dir='ltr'>sub</span> <span class='ocrx_word' id='word_1_200' title='bbox 665 1835 792 1855; x_wconf 67' lang='lat' dir='ltr'>corvina</span> <span class='ocrx_word' id='word_1_201' title='bbox 817 1825 958 1863; x_wconf 72' lang='lat' dir='ltr'>venditi,</span> 
     </span>
     <span class='ocr_line' id='line_1_37' title="bbox 236 1863 957 1907; baseline 0.004 -12"><span class='ocrx_word' id='word_1_202' title='bbox 236 1900 238 1902; x_wconf 16' lang='lat' dir='ltr'><em>r</em></span> <span class='ocrx_word' id='word_1_203' title='bbox 297 1863 321 1895; x_wconf 86' lang='lat' dir='ltr'>i.</span> <span class='ocrx_word' id='word_1_204' title='bbox 337 1875 367 1896; x_wconf 89' lang='lat' dir='ltr'>e.</span> <span class='ocrx_word' id='word_1_205' title='bbox 395 1865 489 1897; x_wconf 84' lang='lat' dir='ltr'>bello</span> <span class='ocrx_word' id='word_1_206' title='bbox 505 1867 597 1907; x_wconf 85' lang='lat' dir='ltr'>capti</span> <span class='ocrx_word' id='word_1_207' title='bbox 625 1872 657 1897; x_wconf 86' lang='lat' dir='ltr'>et</span> <span class='ocrx_word' id='word_1_208' title='bbox 671 1866 815 1905; x_wconf 81' lang='lat' dir='ltr'>venditi,</span> <span class='ocrx_word' id='word_1_209' title='bbox 845 1871 876 1905; x_wconf 90' lang='grc'>3,</span> <span class='ocrx_word' id='word_1_210' title='bbox 896 1869 957 1907; x_wconf 84' lang='grc'>16;</span> 
     </span>
     <span class='ocr_line' id='line_1_38' title="bbox 295 1909 957 1952; baseline 0.006 -14"><span class='ocrx_word' id='word_1_211' title='bbox 295 1917 373 1940; x_wconf 86' lang='lat' dir='ltr'>nam</span> <span class='ocrx_word' id='word_1_212' title='bbox 389 1909 576 1952; x_wconf 85' lang='lat' dir='ltr'>antiquitus</span> <span class='ocrx_word' id='word_1_213' title='bbox 591 1910 685 1942; x_wconf 82' lang='lat' dir='ltr'>bello</span> <span class='ocrx_word' id='word_1_214' title='bbox 711 1911 804 1952; x_wconf 81' lang='lat' dir='ltr'>capti</span> <span class='ocrx_word' id='word_1_215' title='bbox 821 1910 957 1942; x_wconf 84' lang='lat' dir='ltr'>coronis</span> 
     </span>
     <span class='ocr_line' id='line_1_39' title="bbox 296 1951 958 1995; baseline 0.003 -12"><span class='ocrx_word' id='word_1_216' title='bbox 296 1951 407 1985; x_wconf 87' lang='lat' dir='ltr'>induti</span> <span class='ocrx_word' id='word_1_217' title='bbox 424 1953 669 1992; x_wconf 81' lang='lat' dir='ltr'>vendebantur,</span> <span class='ocrx_word' id='word_1_218' title='bbox 700 1965 770 1994; x_wconf 88' lang='lat' dir='ltr'>quo</span> <span class='ocrx_word' id='word_1_219' title='bbox 788 1953 884 1995; x_wconf 75' lang='lat' dir='ltr'>signo</span> <span class='ocrx_word' id='word_1_220' title='bbox 899 1956 958 1985; x_wconf 83' lang='lat' dir='ltr'>ad-</span> 
     </span>
     <span class='ocr_line' id='line_1_40' title="bbox 295 1994 959 2070; baseline 0.003 -42"><span class='ocrx_word' id='word_1_221' title='bbox 295 1997 450 2070; x_wconf 53' lang='lat' dir='ltr'>parebat,</span> <span class='ocrx_word' id='word_1_222' title='bbox 495 1994 567 2029; x_wconf 81' lang='lat' dir='ltr'>haec</span> <span class='ocrx_word' id='word_1_223' title='bbox 599 1997 732 2029; x_wconf 79' lang='lat' dir='ltr'>venalia</span> <span class='ocrx_word' id='word_1_224' title='bbox 773 1998 959 2040; x_wconf 83' lang='lat' dir='ltr'>manicipia</span> 
     </span>
     <span class='ocr_line' id='line_1_41' title="bbox 323 2041 904 2083; baseline 0.002 -11"><span class='ocrx_word' id='word_1_225' title='bbox 323 2041 390 2072; x_wconf 88' lang='lat' dir='ltr'>ello</span> <span class='ocrx_word' id='word_1_226' title='bbox 405 2046 506 2083; x_wconf 73' lang='lat' dir='ltr'>capta</span> <span class='ocrx_word' id='word_1_227' title='bbox 522 2051 609 2079; x_wconf 82' lang='lat' dir='ltr'>esse,</span> <span class='ocrx_word' id='word_1_228' title='bbox 624 2041 713 2073; x_wconf 84' lang='lat' dir='ltr'>Gen.</span> <span class='ocrx_word' id='word_1_229' title='bbox 731 2041 772 2072; x_wconf 92' lang='lat' dir='ltr'>N.</span> <span class='ocrx_word' id='word_1_230' title='bbox 786 2043 827 2073; x_wconf 86' lang='grc' dir='ltr'>Α.</span> <span class='ocrx_word' id='word_1_231' title='bbox 842 2044 873 2074; x_wconf 86' lang='grc'>7.</span> <span class='ocrx_word' id='word_1_232' title='bbox 885 2046 904 2074; x_wconf 87' lang='grc'><strong>4</strong></span> 
     </span>
     <span class='ocr_line' id='line_1_42' title="bbox 254 2084 958 2128; baseline 0.004 -13"><span class='ocrx_word' id='word_1_233' title='bbox 254 2084 432 2125; x_wconf 71' lang='grc' dir='ltr'>Οοννεριπιε</span> <span class='ocrx_word' id='word_1_234' title='bbox 445 2087 604 2123; x_wconf 71' lang='lat' dir='ltr'>cont-icio,</span> <span class='ocrx_word' id='word_1_235' title='bbox 627 2085 774 2126; x_wconf 78' lang='lat' dir='ltr'>graviter</span> <span class='ocrx_word' id='word_1_236' title='bbox 800 2085 958 2128; x_wconf 80' lang='lat' dir='ltr'>objurga-</span> 
     </span>
     <span class='ocr_line' id='line_1_43' title="bbox 296 2127 499 2166; baseline 0.005 -9"><span class='ocrx_word' id='word_1_237' title='bbox 296 2131 363 2165; x_wconf 83' lang='lat' dir='ltr'>tus,</span> <span class='ocrx_word' id='word_1_238' title='bbox 377 2127 417 2158; x_wconf 94' lang='lat' dir='ltr'>C.</span> <span class='ocrx_word' id='word_1_239' title='bbox 439 2130 466 2166; x_wconf 95' lang='lat' dir='ltr'>l,</span> <span class='ocrx_word' id='word_1_240' title='bbox 481 2131 499 2158; x_wconf 79' lang='lat'>2</span> 
     </span>
     <span class='ocr_line' id='line_1_44' title="bbox 254 2170 960 2215; baseline 0.007 -14"><span class='ocrx_word' id='word_1_241' title='bbox 254 2170 442 2212; x_wconf 80' lang='lat' dir='ltr'>Corripere,</span> <span class='ocrx_word' id='word_1_242' title='bbox 457 2181 595 2213; x_wconf 85' lang='lat' dir='ltr'>capere,</span> <span class='ocrx_word' id='word_1_243' title='bbox 624 2172 665 2204; x_wconf 86' lang='lat' dir='ltr'>C.</span> <span class='ocrx_word' id='word_1_244' title='bbox 685 2174 713 2211; x_wconf 88' lang='lat'>1,</span> <span class='ocrx_word' id='word_1_245' title='bbox 728 2174 783 2204; x_wconf 82' lang='lat'>66.</span> <span class='ocrx_word' id='word_1_246' title='bbox 804 2183 960 2215; x_wconf 86' lang='lat' dir='ltr'>compre-</span> 
     </span>
     <span class='ocr_line' id='line_1_45' title="bbox 302 2214 647 2254; baseline 0.003 -8"><span class='ocrx_word' id='word_1_247' title='bbox 302 2214 567 2254; x_wconf 86' lang='lat' dir='ltr'>hendere‚C.3‚</span> <span class='ocrx_word' id='word_1_248' title='bbox 589 2217 647 2247; x_wconf 88' lang='grc'>109</span> 
     </span>
     <span class='ocr_line' id='line_1_46' title="bbox 257 2261 958 2300; baseline 0 -8"><span class='ocrx_word' id='word_1_249' title='bbox 257 2262 445 2300; x_wconf 71' lang='lat' dir='ltr'>Corruptus</span> <span class='ocrx_word' id='word_1_250' title='bbox 495 2261 616 2298; x_wconf 67' lang='lat' dir='ltr'>macie,</span> <span class='ocrx_word' id='word_1_251' title='bbox 659 2261 872 2300; x_wconf 82' lang='lat' dir='ltr'>macilentus,</span> <span class='ocrx_word' id='word_1_252' title='bbox 917 2262 958 2293; x_wconf 95' lang='lat' dir='ltr'>C.</span> 
     </span>
     <span class='ocr_line' id='line_1_47' title="bbox 302 2306 392 2342; baseline -0.022 -6"><span class='ocrx_word' id='word_1_253' title='bbox 302 2307 334 2342; x_wconf 79' lang='lat'>3,</span> <span class='ocrx_word' id='word_1_254' title='bbox 350 2306 392 2334; x_wconf 89' lang='lat'>58</span> 
     </span>
     <span class='ocr_line' id='line_1_48' title="bbox 259 2347 960 2390; baseline 0.001 -9"><span class='ocrx_word' id='word_1_255' title='bbox 259 2349 366 2381; x_wconf 68' lang='lat' dir='ltr'>eoru-s</span> <span class='ocrx_word' id='word_1_256' title='bbox 380 2351 509 2385; x_wconf 72' lang='lat' dir='ltr'>ventus,</span> <span class='ocrx_word' id='word_1_257' title='bbox 523 2357 542 2378; x_wconf 82' lang='lat' dir='ltr'>e</span> <span class='ocrx_word' id='word_1_258' title='bbox 556 2347 697 2389; x_wconf 85' lang='lat' dir='ltr'>regione</span> <span class='ocrx_word' id='word_1_259' title='bbox 711 2358 766 2385; x_wconf 82' lang='lat' dir='ltr'>ea,</span> <span class='ocrx_word' id='word_1_260' title='bbox 785 2360 859 2390; x_wconf 81' lang='lat' dir='ltr'>quae</span> <span class='ocrx_word' id='word_1_261' title='bbox 877 2349 960 2382; x_wconf 81' lang='lat' dir='ltr'>inter</span> 
     </span>
     <span class='ocr_line' id='line_1_49' title="bbox 299 2391 961 2434; baseline 0.002 -10"><span class='ocrx_word' id='word_1_262' title='bbox 299 2391 514 2424; x_wconf 84' lang='lat' dir='ltr'>occidentem</span> <span class='ocrx_word' id='word_1_263' title='bbox 543 2396 577 2422; x_wconf 87' lang='lat' dir='ltr'>et</span> <span class='ocrx_word' id='word_1_264' title='bbox 610 2391 871 2434; x_wconf 77' lang='lat' dir='ltr'>septemtriones</span> <span class='ocrx_word' id='word_1_265' title='bbox 899 2399 961 2432; x_wconf 79' lang='lat' dir='ltr'>est,</span> 
     </span>
     <span class='ocr_line' id='line_1_50' title="bbox 303 2435 527 2478; baseline -0.013 -10"><span class='ocrx_word' id='word_1_266' title='bbox 303 2435 447 2478; x_wconf 81' lang='lat' dir='ltr'>spirans,</span> <span class='ocrx_word' id='word_1_267' title='bbox 464 2440 494 2474; x_wconf 89' lang='grc'>5,</span> <span class='ocrx_word' id='word_1_268' title='bbox 509 2437 527 2465; x_wconf 91' lang='grc'><strong>7</strong></span> 
     </span>
     <span class='ocr_line' id='line_1_51' title="bbox 262 2478 600 2518; baseline -0.009 -5"><span class='ocrx_word' id='word_1_269' title='bbox 262 2481 402 2513; x_wconf 68' lang='lat' dir='ltr'>Cothon.</span> <span class='ocrx_word' id='word_1_270' title='bbox 418 2478 473 2511; x_wconf 79' lang='lat' dir='ltr'>Ar.</span> <span class='ocrx_word' id='word_1_271' title='bbox 489 2480 544 2518; x_wconf 85' lang='grc'>62,</span> <span class='ocrx_word' id='word_1_272' title='bbox 557 2481 600 2511; x_wconf 86' lang='grc'>63</span> 
     </span>
     <span class='ocr_line' id='line_1_52' title="bbox 261 2522 960 2565; baseline 0 -9"><span class='ocrx_word' id='word_1_273' title='bbox 261 2526 389 2562; x_wconf 70' lang='lat' dir='ltr'>Grates,</span> <span class='ocrx_word' id='word_1_274' title='bbox 413 2533 501 2565; x_wconf 88' lang='lat' dir='ltr'>opus</span> <span class='ocrx_word' id='word_1_275' title='bbox 526 2522 652 2564; x_wconf 83' lang='lat' dir='ltr'>plexile</span> <span class='ocrx_word' id='word_1_276' title='bbox 675 2533 694 2555; x_wconf 85' lang='lat' dir='ltr'>e</span> <span class='ocrx_word' id='word_1_277' title='bbox 710 2522 906 2559; x_wconf 77' lang='lat' dir='ltr'>viminibus,</span> <span class='ocrx_word' id='word_1_278' title='bbox 930 2528 960 2564; x_wconf 66' lang='grc' dir='ltr'>ι1,</span> 
     </span>
     <span class='ocr_line' id='line_1_53' title="bbox 304 2569 591 2606; baseline 0 -8"><span class='ocrx_word' id='word_1_279' title='bbox 304 2569 355 2599; x_wconf 85' lang='lat'>17.</span> <span class='ocrx_word' id='word_1_280' title='bbox 379 2571 411 2606; x_wconf 87' lang='lat'>5,</span> <span class='ocrx_word' id='word_1_281' title='bbox 429 2570 482 2599; x_wconf 82' lang='lat'>40.</span> <span class='ocrx_word' id='word_1_282' title='bbox 506 2569 538 2605; x_wconf 80' lang='lat'>⁷,</span> <span class='ocrx_word' id='word_1_283' title='bbox 553 2570 591 2598; x_wconf 89' lang='lat'>81</span> 
     </span>
     <span class='ocr_line' id='line_1_54' title="bbox 257 2611 958 2653; baseline 0.001 -10"><span class='ocrx_word' id='word_1_284' title='bbox 257 2611 413 2643; x_wconf 73' lang='lat' dir='ltr'>Crescere</span> <span class='ocrx_word' id='word_1_285' title='bbox 435 2622 497 2653; x_wconf 83' lang='lat' dir='ltr'>per</span> <span class='ocrx_word' id='word_1_286' title='bbox 520 2613 682 2652; x_wconf 71' lang='lat' dir='ltr'>aliquem,</span> <span class='ocrx_word' id='word_1_287' title='bbox 710 2612 854 2653; x_wconf 85' lang='lat' dir='ltr'>majores</span> <span class='ocrx_word' id='word_1_288' title='bbox 875 2622 958 2653; x_wconf 85' lang='lat' dir='ltr'>opes</span> 
     </span>
     <span class='ocr_line' id='line_1_55' title="bbox 298 2655 958 2697; baseline 0.002 -11"><span class='ocrx_word' id='word_1_289' title='bbox 298 2655 468 2696; x_wconf 80' lang='lat' dir='ltr'>accipere,</span> <span class='ocrx_word' id='word_1_290' title='bbox 505 2657 532 2687; x_wconf 90' lang='grc'>1.</span> <span class='ocrx_word' id='word_1_291' title='bbox 551 2658 605 2687; x_wconf 88' lang='grc'>20.</span> <span class='ocrx_word' id='word_1_292' title='bbox 631 2658 741 2687; x_wconf 73' lang='lat' dir='ltr'>crescit</span> <span class='ocrx_word' id='word_1_293' title='bbox 763 2656 901 2697; x_wconf 72' lang='lat' dir='ltr'>flumen</span> <span class='ocrx_word' id='word_1_294' title='bbox 917 2667 958 2687; x_wconf 62' lang='lat' dir='ltr'>ea·</span> 
     </span>
     <span class='ocr_line' id='line_1_56' title="bbox 300 2700 550 2737; baseline 0.004 -8"><span class='ocrx_word' id='word_1_295' title='bbox 300 2700 444 2737; x_wconf 70' lang='lat' dir='ltr'>nivibus,</span> <span class='ocrx_word' id='word_1_296' title='bbox 460 2700 493 2737; x_wconf 78' lang='lat'>7,</span> <span class='ocrx_word' id='word_1_297' title='bbox 509 2703 550 2730; x_wconf 86' lang='lat'>55</span> 
     </span>
     <span class='ocr_line' id='line_1_57' title="bbox 259 2743 953 2780; baseline 0.003 -6"><span class='ocrx_word' id='word_1_298' title='bbox 259 2743 505 2780; x_wconf 75' lang='lat' dir='ltr'>Cruciabilo&#39;ter,</span> <span class='ocrx_word' id='word_1_299' title='bbox 552 2743 608 2774; x_wconf 86' lang='lat' dir='ltr'>Af.</span> <span class='ocrx_word' id='word_1_300' title='bbox 640 2745 691 2774; x_wconf 82' lang='grc'>46.</span> <span class='ocrx_word' id='word_1_301' title='bbox 728 2743 840 2775; x_wconf 81' lang='lat' dir='ltr'>Caesar</span> <span class='ocrx_word' id='word_1_302' title='bbox 865 2744 953 2776; x_wconf 78' lang='lat' dir='ltr'>solet</span> 
     </span>
     <span class='ocr_line' id='line_1_58' title="bbox 296 2786 687 2825; baseline 0.005 -9"><span class='ocrx_word' id='word_1_303' title='bbox 296 2786 423 2825; x_wconf 82' lang='lat' dir='ltr'>dicere,</span> <span class='ocrx_word' id='word_1_304' title='bbox 443 2797 521 2818; x_wconf 81' lang='lat' dir='ltr'>cum</span> <span class='ocrx_word' id='word_1_305' title='bbox 534 2789 687 2818; x_wconf 68' lang='lat' dir='ltr'>cruciatu</span> 
     </span>
     <span class='ocr_line' id='line_1_59' title="bbox 255 2829 955 2872; baseline 0.001 -11"><span class='ocrx_word' id='word_1_306' title='bbox 255 2829 447 2867; x_wconf 61' lang='lat' dir='ltr'>officiatus,</span> <span class='ocrx_word' id='word_1_307' title='bbox 475 2831 677 2872; x_wconf 66' lang='lat' dir='ltr'>snpplicIum</span> <span class='ocrx_word' id='word_1_308' title='bbox 701 2834 955 2869; x_wconf 65' lang='lat' dir='ltr'>cummium,</span> 
     </span>
     <span class='ocr_line' id='line_1_60' title="bbox 296 2873 953 2908; baseline 0.003 -3"><span class='ocrx_word' id='word_1_309' title='bbox 296 2882 376 2906; x_wconf 82' lang='lat' dir='ltr'>cum</span> <span class='ocrx_word' id='word_1_310' title='bbox 401 2873 631 2908; x_wconf 81' lang='lat' dir='ltr'>excruciatum</span> <span class='ocrx_word' id='word_1_311' title='bbox 656 2875 832 2908; x_wconf 75' lang='lat' dir='ltr'>tormentis</span> <span class='ocrx_word' id='word_1_312' title='bbox 854 2875 953 2908; x_wconf 83' lang='lat' dir='ltr'>iuter—</span> 
     </span>
    </p>
   </div>
   <div class='ocr_carea' id='block_1_3' title="bbox 876 202 1076 262">
    <p class='ocr_par' dir='ltr' id='par_1_3' title="bbox 876 202 1076 262">
     <span class='ocr_line' id='line_1_61' title="bbox 876 202 1076 262; baseline 0.01 -3"><span class='ocrx_word' id='word_1_313' title='bbox 876 202 1076 262; x_wconf 79' lang='lat' dir='ltr'>INDEX</span> 
     </span>
    </p>
   </div>
   <div class='ocr_carea' id='block_1_4' title="bbox 1020 344 1727 1257">
    <p class='ocr_par' dir='ltr' id='par_1_4' title="bbox 1055 344 1718 431">
     <span class='ocr_line' id='line_1_62' title="bbox 1055 344 1718 388; baseline 0.009 -12"><span class='ocrx_word' id='word_1_314' title='bbox 1055 344 1186 384; x_wconf 84' lang='lat' dir='ltr'>ficiunt,</span> <span class='ocrx_word' id='word_1_315' title='bbox 1214 346 1246 384; x_wconf 88' lang='grc'>6,</span> <span class='ocrx_word' id='word_1_316' title='bbox 1263 347 1312 377; x_wconf 86' lang='grc'>17.</span> <span class='ocrx_word' id='word_1_317' title='bbox 1328 345 1373 378; x_wconf 80' lang='lat' dir='ltr'>cf.</span> <span class='ocrx_word' id='word_1_318' title='bbox 1390 347 1420 384; x_wconf 87' lang='lat'>6,</span> <span class='ocrx_word' id='word_1_319' title='bbox 1445 348 1497 379; x_wconf 87' lang='grc'>19.</span> <span class='ocrx_word' id='word_1_320' title='bbox 1534 345 1647 388; x_wconf 70' lang='lat' dir='ltr'>Sed&#39;il,</span> <span class='ocrx_word' id='word_1_321' title='bbox 1663 352 1718 382; x_wconf 77' lang='lat'>31.</span> 
     </span>
     <span class='ocr_line' id='line_1_63' title="bbox 1059 391 1640 431; baseline 0.007 -12"><span class='ocrx_word' id='word_1_322' title='bbox 1059 399 1149 420; x_wconf 81' lang='lat' dir='ltr'>cruc.</span> <span class='ocrx_word' id='word_1_323' title='bbox 1163 393 1197 419; x_wconf 83' lang='lat' dir='ltr'>et</span> <span class='ocrx_word' id='word_1_324' title='bbox 1211 391 1414 430; x_wconf 71' lang='lat' dir='ltr'>supplicium</span> <span class='ocrx_word' id='word_1_325' title='bbox 1429 401 1547 431; x_wconf 85' lang='lat' dir='ltr'>synon.</span> <span class='ocrx_word' id='word_1_326' title='bbox 1562 397 1640 423; x_wconf 84' lang='lat' dir='ltr'>sunt.</span> 
     </span>
    </p>

    <p class='ocr_par' dir='ltr' id='par_1_5' title="bbox 1021 431 1719 594">
     <span class='ocr_line' id='line_1_64' title="bbox 1021 431 1718 474; baseline 0.004 -9"><span class='ocrx_word' id='word_1_327' title='bbox 1021 433 1148 470; x_wconf 65' lang='lat' dir='ltr'>Cutem,</span> <span class='ocrx_word' id='word_1_328' title='bbox 1172 431 1250 464; x_wconf 81' lang='lat' dir='ltr'>vitae</span> <span class='ocrx_word' id='word_1_329' title='bbox 1275 443 1382 474; x_wconf 85' lang='lat' dir='ltr'>genus</span> <span class='ocrx_word' id='word_1_330' title='bbox 1397 433 1591 472; x_wconf 78' lang='lat' dir='ltr'>humanius,</span> <span class='ocrx_word' id='word_1_331' title='bbox 1622 437 1650 474; x_wconf 85' lang='lat'>1,</span> <span class='ocrx_word' id='word_1_332' title='bbox 1665 437 1718 469; x_wconf 83' lang='lat'>31.</span> 
     </span>
     <span class='ocr_line' id='line_1_65' title="bbox 1062 475 1719 511; baseline 0.008 -5"><span class='ocrx_word' id='word_1_333' title='bbox 1062 475 1192 507; x_wconf 88' lang='lat' dir='ltr'>ibidem</span> <span class='ocrx_word' id='word_1_334' title='bbox 1217 477 1420 509; x_wconf 61' lang='lat' dir='ltr'>mansuetudo</span> <span class='ocrx_word' id='word_1_335' title='bbox 1452 479 1554 509; x_wconf 66' lang='lat' dir='ltr'>vicum</span> <span class='ocrx_word' id='word_1_336' title='bbox 1583 477 1719 511; x_wconf 76' lang='lat' dir='ltr'>dicitur.</span> 
     </span>
     <span class='ocr_line' id='line_1_66' title="bbox 1062 518 1718 558; baseline 0.008 -9"><span class='ocrx_word' id='word_1_337' title='bbox 1062 518 1151 551; x_wconf 79' lang='lat' dir='ltr'>Vitae</span> <span class='ocrx_word' id='word_1_338' title='bbox 1179 519 1281 558; x_wconf 83' lang='lat' dir='ltr'>ratio,</span> <span class='ocrx_word' id='word_1_339' title='bbox 1306 520 1351 551; x_wconf 83' lang='lat' dir='ltr'>ab</span> <span class='ocrx_word' id='word_1_340' title='bbox 1381 520 1474 552; x_wconf 89' lang='lat' dir='ltr'>omni</span> <span class='ocrx_word' id='word_1_341' title='bbox 1505 520 1653 554; x_wconf 79' lang='lat' dir='ltr'>ruditate</span> <span class='ocrx_word' id='word_1_342' title='bbox 1666 532 1718 555; x_wconf 91' lang='lat' dir='ltr'>re-</span> 
     </span>
     <span class='ocr_line' id='line_1_67' title="bbox 1061 566 1251 601; baseline 0.005 -8"><span class='ocrx_word' id='word_1_343' title='bbox 1061 567 1168 601; x_wconf 83' lang='lat' dir='ltr'>mota,</span> <span class='ocrx_word' id='word_1_344' title='bbox 1190 566 1218 601; x_wconf 91' lang='lat' dir='ltr'>l,</span> <span class='ocrx_word' id='word_1_345' title='bbox 1239 566 1251 594; x_wconf 86' lang='lat'>1</span> 
     </span>
    </p>

    <p class='ocr_par' dir='ltr' id='par_1_6' title="bbox 1020 588 1720 652">
     <span class='ocr_line' id='line_1_68' title="bbox 1020 588 1720 652; baseline 0.009 -15"><span class='ocrx_word' id='word_1_346' title='bbox 1020 607 1187 638; x_wconf 73' lang='lat' dir='ltr'>eunocum</span> <span class='ocrx_word' id='word_1_347' title='bbox 1214 606 1444 647; x_wconf 82' lang='lat' dir='ltr'>(universum)</span> <span class='ocrx_word' id='word_1_348' title='bbox 1469 588 1638 652; x_wconf 71' lang='lat' dir='ltr'>Reqnum.</span> <span class='ocrx_word' id='word_1_349' title='bbox 1665 610 1720 642; x_wconf 80' lang='lat' dir='ltr'>Af.</span> 
     </span>
    </p>

    <p class='ocr_par' dir='ltr' id='par_1_7' title="bbox 1023 694 1723 821">
     <span class='ocr_line' id='line_1_69' title="bbox 1023 694 1721 736; baseline 0.003 -11"><span class='ocrx_word' id='word_1_350' title='bbox 1023 694 1170 732; x_wconf 71' lang='lat' dir='ltr'>Cuneus,</span> <span class='ocrx_word' id='word_1_351' title='bbox 1184 703 1292 736; x_wconf 88' lang='lat' dir='ltr'>genus</span> <span class='ocrx_word' id='word_1_352' title='bbox 1307 694 1412 733; x_wconf 88' lang='lat' dir='ltr'>aciei,</span> <span class='ocrx_word' id='word_1_353' title='bbox 1438 705 1518 727; x_wconf 88' lang='lat' dir='ltr'>cum</span> <span class='ocrx_word' id='word_1_354' title='bbox 1541 694 1696 728; x_wconf 76' lang='lat' dir='ltr'>milites</span> <span class='ocrx_word' id='word_1_355' title='bbox 1688 705 1721 727; x_wconf 88' lang='lat' dir='ltr'>m</span> 
     </span>
     <span class='ocr_line' id='line_1_70' title="bbox 1065 737 1720 778; baseline 0.005 -10"><span class='ocrx_word' id='word_1_356' title='bbox 1065 737 1209 769; x_wconf 86' lang='lat' dir='ltr'>formam</span> <span class='ocrx_word' id='word_1_357' title='bbox 1222 738 1322 769; x_wconf 88' lang='lat' dir='ltr'>cunei</span> <span class='ocrx_word' id='word_1_358' title='bbox 1338 738 1537 777; x_wconf 75' lang='lat' dir='ltr'>consistunt,</span> <span class='ocrx_word' id='word_1_359' title='bbox 1567 741 1601 778; x_wconf 86' lang='lat'>6,</span> <span class='ocrx_word' id='word_1_360' title='bbox 1615 742 1670 771; x_wconf 86' lang='grc'>40.</span> <span class='ocrx_word' id='word_1_361' title='bbox 1687 742 1720 777; x_wconf 86' lang='grc'>8,</span> 
     </span>
     <span class='ocr_line' id='line_1_71' title="bbox 1066 781 1723 821; baseline 0.005 -10"><span class='ocrx_word' id='word_1_362' title='bbox 1066 782 1117 811; x_wconf 89' lang='grc'>14.</span> <span class='ocrx_word' id='word_1_363' title='bbox 1133 781 1222 812; x_wconf 89' lang='lat' dir='ltr'>Hinc</span> <span class='ocrx_word' id='word_1_364' title='bbox 1237 784 1408 813; x_wconf 81' lang='lat' dir='ltr'>cuneatim</span> <span class='ocrx_word' id='word_1_365' title='bbox 1430 786 1617 821; x_wconf 70' lang='lat' dir='ltr'>consistere,</span> <span class='ocrx_word' id='word_1_366' title='bbox 1631 785 1665 820; x_wconf 75' lang='lat'>7,</span> <span class='ocrx_word' id='word_1_367' title='bbox 1680 784 1723 814; x_wconf 80' lang='grc'>27</span> 
     </span>
    </p>

    <p class='ocr_par' dir='ltr' id='par_1_8' title="bbox 1023 825 1722 903">
     <span class='ocr_line' id='line_1_72' title="bbox 1023 825 1722 868; baseline 0.006 -12"><span class='ocrx_word' id='word_1_368' title='bbox 1023 825 1220 861; x_wconf 66' lang='grc' dir='ltr'><strong>θηηὶειιιιω,</strong></span> <span class='ocrx_word' id='word_1_369' title='bbox 1248 827 1280 863; x_wconf 83' lang='grc'>3,</span> <span class='ocrx_word' id='word_1_370' title='bbox 1295 827 1350 856; x_wconf 88' lang='grc'>21.</span> <span class='ocrx_word' id='word_1_371' title='bbox 1375 827 1553 857; x_wconf 71' lang='lat' dir='ltr'>cuniculus</span> <span class='ocrx_word' id='word_1_372' title='bbox 1575 831 1722 868; x_wconf 67' lang='lat' dir='ltr'>apertus,</span> 
     </span>
     <span class='ocr_line' id='line_1_73' title="bbox 1066 869 1153 903; baseline 0.011 -6"><span class='ocrx_word' id='word_1_373' title='bbox 1066 869 1098 903; x_wconf 81' lang='lat'>7,</span> <span class='ocrx_word' id='word_1_374' title='bbox 1113 870 1153 898; x_wconf 77' lang='lat'>22</span> 
     </span>
    </p>

    <p class='ocr_par' dir='ltr' id='par_1_9' title="bbox 1026 910 1649 953">
     <span class='ocr_line' id='line_1_74' title="bbox 1026 910 1649 953; baseline 0.002 -10"><span class='ocrx_word' id='word_1_375' title='bbox 1026 911 1134 953; x_wconf 75' lang='lat' dir='ltr'>Cupa,</span> <span class='ocrx_word' id='word_1_376' title='bbox 1151 910 1237 942; x_wconf 84' lang='lat' dir='ltr'>dolii</span> <span class='ocrx_word' id='word_1_377' title='bbox 1251 919 1372 952; x_wconf 84' lang='lat' dir='ltr'>genus,</span> <span class='ocrx_word' id='word_1_378' title='bbox 1387 913 1420 950; x_wconf 89' lang='grc'>8,</span> <span class='ocrx_word' id='word_1_379' title='bbox 1436 914 1489 943; x_wconf 86' lang='grc'>42.</span> <span class='ocrx_word' id='word_1_380' title='bbox 1503 910 1544 942; x_wconf 92' lang='lat' dir='ltr'>C.</span> <span class='ocrx_word' id='word_1_381' title='bbox 1559 915 1594 950; x_wconf 74' lang='lat'>2,</span> <span class='ocrx_word' id='word_1_382' title='bbox 1615 914 1649 944; x_wconf 90' lang='lat' dir='ltr'>ll</span> 
     </span>
    </p>

    <p class='ocr_par' dir='ltr' id='par_1_10' title="bbox 1023 954 1725 1039">
     <span class='ocr_line' id='line_1_75' title="bbox 1023 954 1725 997; baseline 0.004 -11"><span class='ocrx_word' id='word_1_383' title='bbox 1023 956 1154 996; x_wconf 78' lang='lat' dir='ltr'>Cupere</span> <span class='ocrx_word' id='word_1_384' title='bbox 1166 955 1280 986; x_wconf 69' lang='lat' dir='ltr'>alima.</span> <span class='ocrx_word' id='word_1_385' title='bbox 1312 958 1338 993; x_wconf 89' lang='lat'>1,</span> <span class='ocrx_word' id='word_1_386' title='bbox 1357 957 1395 986; x_wconf 92' lang='grc'>18</span> <span class='ocrx_word' id='word_1_387' title='bbox 1427 956 1520 996; x_wconf 94' lang='lat' dir='ltr'>quod</span> <span class='ocrx_word' id='word_1_388' title='bbox 1545 956 1636 997; x_wconf 77' lang='lat' dir='ltr'>apud</span> <span class='ocrx_word' id='word_1_389' title='bbox 1651 954 1725 989; x_wconf 89' lang='lat' dir='ltr'>Cic.</span> 
     </span>
     <span class='ocr_line' id='line_1_76' title="bbox 1067 999 1651 1047; baseline 0.005 -19"><span class='ocrx_word' id='word_1_390' title='bbox 1067 1003 1126 1034; x_wconf 84' lang='lat' dir='ltr'>est,</span> <span class='ocrx_word' id='word_1_391' title='bbox 1142 1000 1260 1029; x_wconf 77' lang='lat' dir='ltr'>omnia</span> <span class='ocrx_word' id='word_1_392' title='bbox 1275 999 1422 1047; x_wconf 69' lang='lat' dir='ltr'>alieuius</span> <span class='ocrx_word' id='word_1_393' title='bbox 1437 1009 1543 1031; x_wconf 72' lang='lat' dir='ltr'>cama</span> <span class='ocrx_word' id='word_1_394' title='bbox 1557 1000 1651 1031; x_wconf 68' lang='lat' dir='ltr'>velle.</span> 
     </span>
    </p>

    <p class='ocr_par' dir='ltr' id='par_1_11' title="bbox 1024 1041 1722 1211">
     <span class='ocr_line' id='line_1_77' title="bbox 1024 1041 1722 1084; baseline 0.001 -10"><span class='ocrx_word' id='word_1_395' title='bbox 1024 1043 1172 1074; x_wconf 73' lang='lat' dir='ltr'>Cursum</span> <span class='ocrx_word' id='word_1_396' title='bbox 1186 1048 1307 1080; x_wconf 81' lang='lat' dir='ltr'>tenere,</span> <span class='ocrx_word' id='word_1_397' title='bbox 1338 1041 1371 1073; x_wconf 85' lang='lat' dir='ltr'>in</span> <span class='ocrx_word' id='word_1_398' title='bbox 1386 1044 1505 1074; x_wconf 82' lang='lat' dir='ltr'>eadem</span> <span class='ocrx_word' id='word_1_399' title='bbox 1527 1042 1597 1081; x_wconf 76' lang='lat' dir='ltr'>via,</span> <span class='ocrx_word' id='word_1_400' title='bbox 1621 1053 1722 1084; x_wconf 86' lang='lat' dir='ltr'>quam</span> 
     </span>
     <span class='ocr_line' id='line_1_78' title="bbox 1068 1085 1727 1125; baseline 0.003 -9"><span class='ocrx_word' id='word_1_401' title='bbox 1068 1085 1254 1123; x_wconf 70' lang='lat' dir='ltr'>insffleras,</span> <span class='ocrx_word' id='word_1_402' title='bbox 1281 1095 1429 1125; x_wconf 80' lang='lat' dir='ltr'>manere,</span> <span class='ocrx_word' id='word_1_403' title='bbox 1449 1087 1494 1118; x_wconf 78' lang='lat' dir='ltr'>ab</span> <span class='ocrx_word' id='word_1_404' title='bbox 1519 1096 1560 1118; x_wconf 81' lang='lat' dir='ltr'>ea</span> <span class='ocrx_word' id='word_1_405' title='bbox 1583 1095 1651 1117; x_wconf 87' lang='lat' dir='ltr'>non</span> <span class='ocrx_word' id='word_1_406' title='bbox 1666 1087 1727 1118; x_wconf 86' lang='lat' dir='ltr'>de-</span> 
     </span>
     <span class='ocr_line' id='line_1_79' title="bbox 1068 1128 1723 1172; baseline 0.003 -12"><span class='ocrx_word' id='word_1_407' title='bbox 1068 1128 1211 1166; x_wconf 88' lang='lat' dir='ltr'>moveri,</span> <span class='ocrx_word' id='word_1_408' title='bbox 1239 1132 1271 1167; x_wconf 90' lang='grc'>4,</span> <span class='ocrx_word' id='word_1_409' title='bbox 1298 1131 1351 1160; x_wconf 89' lang='grc'>28.</span> <span class='ocrx_word' id='word_1_410' title='bbox 1398 1133 1428 1167; x_wconf 91' lang='grc'>5,</span> <span class='ocrx_word' id='word_1_411' title='bbox 1458 1135 1490 1169; x_wconf 89' lang='grc'>5,</span> <span class='ocrx_word' id='word_1_412' title='bbox 1519 1132 1552 1161; x_wconf 89' lang='grc'>8.</span> <span class='ocrx_word' id='word_1_413' title='bbox 1582 1129 1723 1172; x_wconf 86' lang='lat' dir='ltr'>Oppon.</span> 
     </span>
     <span class='ocr_line' id='line_1_80' title="bbox 1069 1175 1180 1212; baseline 0 -9"><span class='ocrx_word' id='word_1_414' title='bbox 1069 1175 1180 1212; x_wconf 70' lang='lat' dir='ltr'>refici.</span> 
     </span>
    </p>

    <p class='ocr_par' dir='ltr' id='par_1_12' title="bbox 1027 1215 1724 1257">
     <span class='ocr_line' id='line_1_81' title="bbox 1027 1215 1724 1257; baseline 0.001 -9"><span class='ocrx_word' id='word_1_415' title='bbox 1027 1217 1201 1253; x_wconf 65' lang='lat' dir='ltr'>Custodia,</span> <span class='ocrx_word' id='word_1_416' title='bbox 1215 1216 1255 1245; x_wconf 87' lang='lat' dir='ltr'>de</span> <span class='ocrx_word' id='word_1_417' title='bbox 1271 1215 1414 1248; x_wconf 82' lang='lat' dir='ltr'>militari</span> <span class='ocrx_word' id='word_1_418' title='bbox 1431 1215 1605 1257; x_wconf 68' lang='lat' dir='ltr'>prasidio,</span> <span class='ocrx_word' id='word_1_419' title='bbox 1619 1219 1653 1255; x_wconf 91' lang='grc'>2,</span> <span class='ocrx_word' id='word_1_420' title='bbox 1668 1219 1724 1249; x_wconf 88' lang='grc'>29.</span> 
     </span>
    </p>
   </div>
   <div class='ocr_carea' id='block_1_5' title="bbox 1027 1389 1732 2749">
    <p class='ocr_par' dir='ltr' id='par_1_13' title="bbox 1027 1389 1732 1865">
     <span class='ocr_line' id='line_1_82' title="bbox 1027 1389 1725 1432; baseline 0.001 -11"><span class='ocrx_word' id='word_1_421' title='bbox 1027 1391 1125 1422; x_wconf 59' lang='lat' dir='ltr'>Dave</span> <span class='ocrx_word' id='word_1_422' title='bbox 1137 1389 1286 1431; x_wconf 74' lang='lat' dir='ltr'>aliquem</span> <span class='ocrx_word' id='word_1_423' title='bbox 1300 1392 1339 1421; x_wconf 81' lang='lat' dir='ltr'>in</span> <span class='ocrx_word' id='word_1_424' title='bbox 1359 1391 1498 1432; x_wconf 68' lang='lat' dir='ltr'>fraqam,</span> <span class='ocrx_word' id='word_1_425' title='bbox 1521 1391 1555 1429; x_wconf 85' lang='grc'>2,</span> <span class='ocrx_word' id='word_1_426' title='bbox 1569 1391 1625 1421; x_wconf 77' lang='grc'>23.</span> <span class='ocrx_word' id='word_1_427' title='bbox 1640 1389 1725 1422; x_wconf 77' lang='lat' dir='ltr'>dare</span> 
     </span>
     <span class='ocr_line' id='line_1_83' title="bbox 1067 1434 1728 1476; baseline 0 -11"><span class='ocrx_word' id='word_1_428' title='bbox 1067 1434 1287 1473; x_wconf 84' lang='lat' dir='ltr'>(concedere)</span> <span class='ocrx_word' id='word_1_429' title='bbox 1312 1435 1416 1466; x_wconf 73' lang='lat' dir='ltr'>alicui</span> <span class='ocrx_word' id='word_1_430' title='bbox 1441 1437 1503 1465; x_wconf 75' lang='lat' dir='ltr'>iter</span> <span class='ocrx_word' id='word_1_431' title='bbox 1527 1434 1728 1476; x_wconf 70' lang='lat' dir='ltr'>percoctam,</span> 
     </span>
     <span class='ocr_line' id='line_1_84' title="bbox 1075 1477 1728 1516; baseline -0.003 -7"><span class='ocrx_word' id='word_1_432' title='bbox 1075 1481 1102 1516; x_wconf 88' lang='lat'>1,</span> <span class='ocrx_word' id='word_1_433' title='bbox 1118 1480 1150 1509; x_wconf 84' lang='lat'>8.</span> <span class='ocrx_word' id='word_1_434' title='bbox 1178 1479 1310 1510; x_wconf 74' lang='lat' dir='ltr'>malum</span> <span class='ocrx_word' id='word_1_435' title='bbox 1335 1479 1425 1510; x_wconf 78' lang='lat' dir='ltr'>molo</span> <span class='ocrx_word' id='word_1_436' title='bbox 1449 1478 1508 1509; x_wconf 73' lang='lat' dir='ltr'>dat</span> <span class='ocrx_word' id='word_1_437' title='bbox 1530 1477 1728 1515; x_wconf 54' lang='lat' dir='ltr'>rinadium,</span> 
     </span>
     <span class='ocr_line' id='line_1_85' title="bbox 1069 1520 1729 1557; baseline 0.002 -5"><span class='ocrx_word' id='word_1_438' title='bbox 1069 1521 1219 1553; x_wconf 88' lang='lat' dir='ltr'>continet</span> <span class='ocrx_word' id='word_1_439' title='bbox 1245 1522 1444 1557; x_wconf 83' lang='lat' dir='ltr'>remedium,</span> <span class='ocrx_word' id='word_1_440' title='bbox 1469 1521 1506 1551; x_wconf 84' lang='lat' dir='ltr'>fit</span> <span class='ocrx_word' id='word_1_441' title='bbox 1531 1521 1658 1552; x_wconf 81' lang='lat' dir='ltr'>remed.</span> <span class='ocrx_word' id='word_1_442' title='bbox 1687 1520 1729 1553; x_wconf 90' lang='lat' dir='ltr'>C.</span> 
     </span>
     <span class='ocr_line' id='line_1_86' title="bbox 1067 1565 1729 1603; baseline 0 -7"><span class='ocrx_word' id='word_1_443' title='bbox 1067 1568 1101 1603; x_wconf 52' lang='grc' dir='ltr'>’ἦ</span> <span class='ocrx_word' id='word_1_444' title='bbox 1131 1568 1185 1596; x_wconf 77' lang='lat'>81.</span> <span class='ocrx_word' id='word_1_445' title='bbox 1211 1565 1315 1597; x_wconf 73' lang='lat' dir='ltr'>datur</span> <span class='ocrx_word' id='word_1_446' title='bbox 1338 1567 1443 1597; x_wconf 66' lang='lat' dir='ltr'>alind</span> <span class='ocrx_word' id='word_1_447' title='bbox 1464 1565 1637 1602; x_wconf 60' lang='lat' dir='ltr'>dubim,</span> <span class='ocrx_word' id='word_1_448' title='bbox 1664 1568 1729 1603; x_wconf 68' lang='lat' dir='ltr'>eet,</span> 
     </span>
     <span class='ocr_line' id='line_1_87' title="bbox 1070 1607 1730 1650; baseline -0.002 -10"><span class='ocrx_word' id='word_1_449' title='bbox 1070 1619 1129 1640; x_wconf 90' lang='lat' dir='ltr'>cur</span> <span class='ocrx_word' id='word_1_450' title='bbox 1156 1609 1284 1650; x_wconf 78' lang='lat' dir='ltr'>aliquis</span> <span class='ocrx_word' id='word_1_451' title='bbox 1312 1609 1457 1646; x_wconf 71' lang='lat' dir='ltr'>dubitet,</span> <span class='ocrx_word' id='word_1_452' title='bbox 1491 1611 1517 1646; x_wconf 89' lang='grc' dir='ltr'>Ι,</span> <span class='ocrx_word' id='word_1_453' title='bbox 1552 1610 1602 1639; x_wconf 88' lang='grc'>14.</span> <span class='ocrx_word' id='word_1_454' title='bbox 1644 1607 1730 1639; x_wconf 80' lang='lat' dir='ltr'>dare</span> 
     </span>
     <span class='ocr_line' id='line_1_88' title="bbox 1061 1651 1731 1695; baseline -0.003 -9.979"><span class='ocrx_word' id='word_1_455' title='bbox 1061 1653 1323 1693; x_wconf 66' lang='lat' dir='ltr'>jmjurandtem,</span> <span class='ocrx_word' id='word_1_456' title='bbox 1360 1654 1483 1695; x_wconf 79' lang='lat' dir='ltr'>jurare,</span> <span class='ocrx_word' id='word_1_457' title='bbox 1523 1653 1556 1689; x_wconf 80' lang='lat'>7,</span> <span class='ocrx_word' id='word_1_458' title='bbox 1585 1654 1619 1682; x_wconf 85' lang='grc'>2.</span> <span class='ocrx_word' id='word_1_459' title='bbox 1641 1651 1731 1683; x_wconf 77' lang='lat' dir='ltr'>dare</span> 
     </span>
     <span class='ocr_line' id='line_1_89' title="bbox 1070 1694 1729 1737; baseline -0.002 -10"><span class='ocrx_word' id='word_1_460' title='bbox 1070 1699 1156 1727; x_wconf 70' lang='lat' dir='ltr'>inter</span> <span class='ocrx_word' id='word_1_461' title='bbox 1169 1707 1201 1728; x_wconf 75' lang='lat' dir='ltr'>se</span> <span class='ocrx_word' id='word_1_462' title='bbox 1210 1697 1316 1736; x_wconf 78' lang='lat' dir='ltr'>fidem</span> <span class='ocrx_word' id='word_1_463' title='bbox 1326 1703 1357 1729; x_wconf 78' lang='lat' dir='ltr'>et</span> <span class='ocrx_word' id='word_1_464' title='bbox 1361 1695 1626 1737; x_wconf 63' lang='lat' dir='ltr'>jusjurandum</span> <span class='ocrx_word' id='word_1_465' title='bbox 1637 1694 1729 1736; x_wconf 82' lang='lat' dir='ltr'>jure-</span> 
     </span>
     <span class='ocr_line' id='line_1_90' title="bbox 1067 1737 1732 1781; baseline -0.003 -10"><span class='ocrx_word' id='word_1_466' title='bbox 1067 1740 1210 1781; x_wconf 83' lang='lat' dir='ltr'>jurando</span> <span class='ocrx_word' id='word_1_467' title='bbox 1240 1740 1309 1771; x_wconf 88' lang='lat' dir='ltr'>sibi</span> <span class='ocrx_word' id='word_1_468' title='bbox 1342 1739 1487 1771; x_wconf 86' lang='lat' dir='ltr'>invicem</span> <span class='ocrx_word' id='word_1_469' title='bbox 1526 1737 1732 1780; x_wconf 78' lang='lat' dir='ltr'>promittere,</span> 
     </span>
     <span class='ocr_line' id='line_1_91' title="bbox 1071 1781 1731 1824; baseline -0.003 -10"><span class='ocrx_word' id='word_1_470' title='bbox 1071 1784 1260 1824; x_wconf 81' lang='lat' dir='ltr'>conjurare,</span> <span class='ocrx_word' id='word_1_471' title='bbox 1286 1786 1360 1822; x_wconf 82' lang='grc'><strong>1,3.</strong></span> <span class='ocrx_word' id='word_1_472' title='bbox 1386 1785 1471 1815; x_wconf 69' lang='lat' dir='ltr'>‹lar-e</span> <span class='ocrx_word' id='word_1_473' title='bbox 1491 1791 1615 1814; x_wconf 69' lang='lat' dir='ltr'>mnae</span> <span class='ocrx_word' id='word_1_474' title='bbox 1638 1781 1731 1820; x_wconf 85' lang='lat' dir='ltr'>(vic-</span> 
     </span>
     <span class='ocr_line' id='line_1_92' title="bbox 1071 1827 1508 1865; baseline -0.002 -8"><span class='ocrx_word' id='word_1_475' title='bbox 1071 1827 1148 1863; x_wconf 70' lang='lat' dir='ltr'>tas).</span> <span class='ocrx_word' id='word_1_476' title='bbox 1162 1827 1282 1858; x_wconf 76' lang='lat' dir='ltr'>cedere</span> <span class='ocrx_word' id='word_1_477' title='bbox 1295 1827 1404 1863; x_wconf 82' lang='lat' dir='ltr'>alteri,</span> <span class='ocrx_word' id='word_1_478' title='bbox 1421 1830 1453 1865; x_wconf 86' lang='grc'>5,</span> <span class='ocrx_word' id='word_1_479' title='bbox 1469 1827 1508 1856; x_wconf 80' lang='grc'>31</span> 
     </span>
    </p>

    <p class='ocr_par' dir='ltr' id='par_1_14' title="bbox 1029 1867 1730 2093">
     <span class='ocr_line' id='line_1_93' title="bbox 1029 1867 1728 1912; baseline -0.004 -10"><span class='ocrx_word' id='word_1_480' title='bbox 1029 1872 1083 1902; x_wconf 92' lang='lat' dir='ltr'>De</span> <span class='ocrx_word' id='word_1_481' title='bbox 1098 1873 1198 1902; x_wconf 78' lang='lat' dir='ltr'>tertia</span> <span class='ocrx_word' id='word_1_482' title='bbox 1222 1872 1351 1911; x_wconf 70' lang='lat' dir='ltr'>viqilia,</span> <span class='ocrx_word' id='word_1_483' title='bbox 1378 1869 1484 1912; x_wconf 88' lang='lat' dir='ltr'>paulo</span> <span class='ocrx_word' id='word_1_484' title='bbox 1500 1874 1577 1911; x_wconf 81' lang='lat' dir='ltr'>post</span> <span class='ocrx_word' id='word_1_485' title='bbox 1594 1867 1728 1900; x_wconf 82' lang='lat' dir='ltr'>initium</span> 
     </span>
     <span class='ocr_line' id='line_1_94' title="bbox 1071 1911 1732 1995; baseline -0.002 -7"><span class='ocrx_word' id='word_1_486' title='bbox 1071 1923 1317 1995; x_wconf 50' lang='lat'>5312532303.</span> <span class='ocrx_word' id='word_1_487' title='bbox 1325 1911 1670 1994; x_wconf 55' lang='grc' dir='ltr'>ῖὶὲἶεῗηῖῖωῗέιω</span> <span class='ocrx_word' id='word_1_488' title='bbox 1670 1914 1732 1988; x_wconf 50' lang='grc' dir='ltr'>ἕξεί</span> 
     </span>
     <span class='ocr_line' id='line_1_95' title="bbox 1075 1999 1730 2042; baseline 0 -11"><span class='ocrx_word' id='word_1_489' title='bbox 1075 2001 1186 2042; x_wconf 84' lang='lat' dir='ltr'>Epist.</span> <span class='ocrx_word' id='word_1_490' title='bbox 1204 2003 1228 2036; x_wconf 90' lang='lat'>1,</span> <span class='ocrx_word' id='word_1_491' title='bbox 1241 2004 1271 2036; x_wconf 87' lang='grc'>2,</span> <span class='ocrx_word' id='word_1_492' title='bbox 1283 2003 1338 2031; x_wconf 83' lang='grc'>32.</span> <span class='ocrx_word' id='word_1_493' title='bbox 1352 2001 1510 2032; x_wconf 73' lang='lat' dir='ltr'>demere.</span> <span class='ocrx_word' id='word_1_494' title='bbox 1535 1999 1730 2031; x_wconf 83' lang='lat' dir='ltr'>Nonomni-</span> 
     </span>
     <span class='ocr_line' id='line_1_96' title="bbox 1072 2041 1730 2093; baseline 0 -17"><span class='ocrx_word' id='word_1_495' title='bbox 1072 2043 1136 2076; x_wconf 85' lang='lat' dir='ltr'>bus</span> <span class='ocrx_word' id='word_1_496' title='bbox 1145 2053 1256 2076; x_wconf 78' lang='lat' dir='ltr'>tamen</span> <span class='ocrx_word' id='word_1_497' title='bbox 1268 2044 1301 2076; x_wconf 90' lang='lat' dir='ltr'>in</span> <span class='ocrx_word' id='word_1_498' title='bbox 1312 2044 1414 2076; x_wconf 85' lang='lat' dir='ltr'>locis</span> <span class='ocrx_word' id='word_1_499' title='bbox 1409 2050 1456 2075; x_wconf 76' lang='lat' dir='ltr'>ita</span> <span class='ocrx_word' id='word_1_500' title='bbox 1466 2041 1609 2084; x_wconf 73' lang='lat' dir='ltr'>intelligi</span> <span class='ocrx_word' id='word_1_501' title='bbox 1618 2048 1730 2093; x_wconf 67' lang='lat' dir='ltr'>potent</span> 
     </span>
    </p>

    <p class='ocr_par' dir='ltr' id='par_1_15' title="bbox 1030 2089 1497 2127">
     <span class='ocr_line' id='line_1_97' title="bbox 1030 2089 1497 2127; baseline -0.002 -7"><span class='ocrx_word' id='word_1_502' title='bbox 1030 2089 1198 2120; x_wconf 78' lang='lat' dir='ltr'>Decedere</span> <span class='ocrx_word' id='word_1_503' title='bbox 1209 2090 1393 2125; x_wconf 59' lang='lat' dir='ltr'>alimonia,</span> <span class='ocrx_word' id='word_1_504' title='bbox 1408 2090 1497 2127; x_wconf 83' lang='grc'><strong>6,13</strong></span> 
     </span>
    </p>

    <p class='ocr_par' dir='ltr' id='par_1_16' title="bbox 1030 2111 1726 2207">
     <span class='ocr_line' id='line_1_98' title="bbox 1030 2111 1726 2174; baseline -0.001 -10"><span class='ocrx_word' id='word_1_505' title='bbox 1030 2134 1233 2171; x_wconf 61' lang='lat' dir='ltr'>neverum-,e</span> <span class='ocrx_word' id='word_1_506' title='bbox 1247 2142 1409 2174; x_wconf 81' lang='lat' dir='ltr'>pugnare,</span> <span class='ocrx_word' id='word_1_507' title='bbox 1422 2111 1462 2164; x_wconf 90' lang='lat' dir='ltr'>C.</span> <span class='ocrx_word' id='word_1_508' title='bbox 1479 2133 1511 2170; x_wconf 90' lang='grc'>3,</span> <span class='ocrx_word' id='word_1_509' title='bbox 1526 2133 1579 2163; x_wconf 77' lang='grc'>41.</span> <span class='ocrx_word' id='word_1_510' title='bbox 1605 2131 1659 2163; x_wconf 75' lang='lat' dir='ltr'>At.</span> <span class='ocrx_word' id='word_1_511' title='bbox 1676 2133 1726 2164; x_wconf 82' lang='grc'>14.</span> 
     </span>
     <span class='ocr_line' id='line_1_99' title="bbox 1073 2176 1172 2207; baseline 0 0"><span class='ocrx_word' id='word_1_512' title='bbox 1073 2176 1117 2207; x_wconf 80' lang='grc' dir='ltr'>Η.</span> <span class='ocrx_word' id='word_1_513' title='bbox 1133 2179 1172 2207; x_wconf 77' lang='lat'>41</span> 
     </span>
    </p>

    <p class='ocr_par' dir='ltr' id='par_1_17' title="bbox 1029 2221 1462 2259">
     <span class='ocr_line' id='line_1_100' title="bbox 1029 2221 1462 2259; baseline -0.002 -8"><span class='ocrx_word' id='word_1_514' title='bbox 1029 2221 1223 2259; x_wconf 69' lang='lat' dir='ltr'>Decertare,</span> <span class='ocrx_word' id='word_1_515' title='bbox 1237 2227 1380 2259; x_wconf 78' lang='lat' dir='ltr'>certare,</span> <span class='ocrx_word' id='word_1_516' title='bbox 1394 2223 1427 2259; x_wconf 83' lang='lat'>8,</span> <span class='ocrx_word' id='word_1_517' title='bbox 1441 2221 1462 2250; x_wconf 81' lang='grc' dir='ltr'><em>Ἰ</em></span> 
     </span>
    </p>

    <p class='ocr_par' dir='ltr' id='par_1_18' title="bbox 1030 2262 1727 2347">
     <span class='ocr_line' id='line_1_101' title="bbox 1030 2262 1727 2304; baseline -0.001 -9"><span class='ocrx_word' id='word_1_518' title='bbox 1030 2266 1192 2296; x_wconf 68' lang='lat' dir='ltr'>Deoeaew</span> <span class='ocrx_word' id='word_1_519' title='bbox 1205 2270 1314 2299; x_wconf 62' lang='grc' dir='ltr'><strong>θείω,</strong></span> <span class='ocrx_word' id='word_1_520' title='bbox 1327 2264 1475 2296; x_wconf 78' lang='lat' dir='ltr'>refluxus</span> <span class='ocrx_word' id='word_1_521' title='bbox 1490 2262 1606 2301; x_wconf 78' lang='lat' dir='ltr'>maris,</span> <span class='ocrx_word' id='word_1_522' title='bbox 1633 2263 1727 2304; x_wconf 80' lang='lat' dir='ltr'>quod</span> 
     </span>
     <span class='ocr_line' id='line_1_102' title="bbox 1074 2307 1677 2347; baseline -0.002 -9"><span class='ocrx_word' id='word_1_523' title='bbox 1074 2308 1161 2340; x_wconf 79' lang='lat' dir='ltr'>ultra</span> <span class='ocrx_word' id='word_1_524' title='bbox 1178 2307 1279 2340; x_wconf 73' lang='lat' dir='ltr'>litora</span> <span class='ocrx_word' id='word_1_525' title='bbox 1293 2308 1438 2340; x_wconf 75' lang='lat' dir='ltr'>effusum</span> <span class='ocrx_word' id='word_1_526' title='bbox 1453 2308 1573 2347; x_wconf 77' lang='lat' dir='ltr'>fuerat,</span> <span class='ocrx_word' id='word_1_527' title='bbox 1588 2309 1621 2346; x_wconf 74' lang='lat'>⁸,</span> <span class='ocrx_word' id='word_1_528' title='bbox 1638 2307 1677 2337; x_wconf 81' lang='grc'>13</span> 
     </span>
    </p>

    <p class='ocr_par' dir='ltr' id='par_1_19' title="bbox 1029 2353 1730 2526">
     <span class='ocr_line' id='line_1_103' title="bbox 1029 2353 1728 2394; baseline -0.001 -11"><span class='ocrx_word' id='word_1_529' title='bbox 1029 2353 1230 2384; x_wconf 72' lang='lat' dir='ltr'>Decumum</span> <span class='ocrx_word' id='word_1_530' title='bbox 1268 2357 1380 2394; x_wconf 70' lang='lat' dir='ltr'>por-ta.</span> <span class='ocrx_word' id='word_1_531' title='bbox 1410 2357 1505 2394; x_wconf 83' lang='lat' dir='ltr'>porta</span> <span class='ocrx_word' id='word_1_532' title='bbox 1531 2356 1728 2389; x_wconf 70' lang='lat' dir='ltr'>castrorum,</span> 
     </span>
     <span class='ocr_line' id='line_1_104' title="bbox 1071 2394 1730 2435; baseline -0.003 -8"><span class='ocrx_word' id='word_1_533' title='bbox 1071 2395 1117 2427; x_wconf 80' lang='lat' dir='ltr'>ab</span> <span class='ocrx_word' id='word_1_534' title='bbox 1165 2395 1321 2427; x_wconf 75' lang='lat' dir='ltr'>hostibus</span> <span class='ocrx_word' id='word_1_535' title='bbox 1363 2406 1495 2434; x_wconf 74' lang='lat' dir='ltr'>aversa,</span> <span class='ocrx_word' id='word_1_536' title='bbox 1537 2394 1730 2435; x_wconf 77' lang='lat' dir='ltr'>ceterisque</span> 
     </span>
     <span class='ocr_line' id='line_1_105' title="bbox 1073 2439 1730 2481; baseline -0.005 -10"><span class='ocrx_word' id='word_1_537' title='bbox 1073 2440 1189 2481; x_wconf 75' lang='lat' dir='ltr'>major,</span> <span class='ocrx_word' id='word_1_538' title='bbox 1231 2444 1262 2477; x_wconf 81' lang='grc'>2,</span> <span class='ocrx_word' id='word_1_539' title='bbox 1291 2443 1344 2471; x_wconf 68' lang='grc'>21.</span> <span class='ocrx_word' id='word_1_540' title='bbox 1383 2442 1414 2478; x_wconf 77' lang='grc'>3,</span> <span class='ocrx_word' id='word_1_541' title='bbox 1440 2443 1495 2471; x_wconf 89' lang='grc'>25.</span> <span class='ocrx_word' id='word_1_542' title='bbox 1535 2439 1730 2475; x_wconf 66' lang='lat' dir='ltr'>decumani,</span> 
     </span>
     <span class='ocr_line' id='line_1_106' title="bbox 1071 2481 1729 2526; baseline -0.003 -12"><span class='ocrx_word' id='word_1_543' title='bbox 1071 2484 1213 2516; x_wconf 74' lang='lat' dir='ltr'>decimae</span> <span class='ocrx_word' id='word_1_544' title='bbox 1243 2483 1389 2526; x_wconf 73' lang='lat' dir='ltr'>legionis</span> <span class='ocrx_word' id='word_1_545' title='bbox 1424 2482 1564 2519; x_wconf 68' lang='lat' dir='ltr'>milites,</span> <span class='ocrx_word' id='word_1_546' title='bbox 1593 2481 1647 2514; x_wconf 76' lang='lat' dir='ltr'>Af.</span> <span class='ocrx_word' id='word_1_547' title='bbox 1678 2482 1729 2513; x_wconf 89' lang='grc'>16.</span> 
     </span>
    </p>

    <p class='ocr_par' dir='ltr' id='par_1_20' title="bbox 1029 2568 1730 2743">
     <span class='ocr_line' id='line_1_107' title="bbox 1029 2568 1730 2612; baseline -0.004 -9"><span class='ocrx_word' id='word_1_548' title='bbox 1029 2571 1243 2607; x_wconf 61' lang='lat' dir='ltr'>Dee-manns,</span> <span class='ocrx_word' id='word_1_549' title='bbox 1260 2570 1523 2612; x_wconf 82' lang='lat' dir='ltr'>municipiorum</span> <span class='ocrx_word' id='word_1_550' title='bbox 1541 2568 1730 2607; x_wconf 75' lang='lat' dir='ltr'>senatores,</span> 
     </span>
     <span class='ocr_line' id='line_1_108' title="bbox 1071 2611 1730 2649; baseline -0.005 -3"><span class='ocrx_word' id='word_1_551' title='bbox 1071 2614 1110 2646; x_wconf 93' lang='lat' dir='ltr'>C.</span> <span class='ocrx_word' id='word_1_552' title='bbox 1133 2618 1226 2649; x_wconf 85' lang='grc'><strong>1.13</strong></span> <span class='ocrx_word' id='word_1_553' title='bbox 1241 2618 1293 2646; x_wconf 86' lang='grc'>23.</span> <span class='ocrx_word' id='word_1_554' title='bbox 1342 2615 1392 2645; x_wconf 82' lang='lat' dir='ltr'>De</span> <span class='ocrx_word' id='word_1_555' title='bbox 1409 2614 1461 2645; x_wconf 81' lang='lat' dir='ltr'>his</span> <span class='ocrx_word' id='word_1_556' title='bbox 1482 2613 1627 2646; x_wconf 71' lang='lat' dir='ltr'>antehae</span> <span class='ocrx_word' id='word_1_557' title='bbox 1649 2611 1730 2644; x_wconf 89' lang='lat' dir='ltr'>dili-</span> 
     </span>
     <span class='ocr_line' id='line_1_109' title="bbox 1070 2655 1728 2707; baseline -0.003 -18"><span class='ocrx_word' id='word_1_558' title='bbox 1070 2665 1184 2707; x_wconf 71' lang='lat' dir='ltr'>genter</span> <span class='ocrx_word' id='word_1_559' title='bbox 1198 2659 1359 2699; x_wconf 77' lang='lat' dir='ltr'>exposuit</span> <span class='ocrx_word' id='word_1_560' title='bbox 1382 2658 1481 2690; x_wconf 83' lang='lat' dir='ltr'>Geor.</span> <span class='ocrx_word' id='word_1_561' title='bbox 1505 2657 1611 2688; x_wconf 80' lang='lat' dir='ltr'>Henr.</span> <span class='ocrx_word' id='word_1_562' title='bbox 1636 2655 1728 2688; x_wconf 75' lang='lat' dir='ltr'>Mar-</span> 
     </span>
     <span class='ocr_line' id='line_1_110' title="bbox 1069 2701 1725 2749; baseline -0.002 -17"><span class='ocrx_word' id='word_1_563' title='bbox 1069 2701 1132 2733; x_wconf 80' lang='lat' dir='ltr'>tini</span> <span class='ocrx_word' id='word_1_564' title='bbox 1161 2702 1195 2732; x_wconf 92' lang='lat' dir='ltr'>in</span> <span class='ocrx_word' id='word_1_565' title='bbox 1224 2702 1477 2743; x_wconf 70' lang='lat' dir='ltr'>Propempfico,</span> <span class='ocrx_word' id='word_1_566' title='bbox 1502 2711 1538 2749; x_wconf 90' lang='lat' dir='ltr'>p.</span> <span class='ocrx_word' id='word_1_567' title='bbox 1570 2701 1624 2732; x_wconf 77' lang='lat'>30.</span> <span class='ocrx_word' id='word_1_568' title='bbox 1653 2709 1725 2747; x_wconf 56' lang='lat' dir='ltr'>gqq.</span> 
     </span>
    </p>
   </div>
   <div class='ocr_carea' id='block_1_6' title="bbox 1071 2741 1786 2793">
    <p class='ocr_par' dir='ltr' id='par_1_21' title="bbox 1071 2741 1786 2793">
     <span class='ocr_line' id='line_1_111' title="bbox 1071 2741 1786 2793; baseline -0.007 -16"><span class='ocrx_word' id='word_1_569' title='bbox 1071 2747 1217 2777; x_wconf 80' lang='lat' dir='ltr'>Decme‘o</span> <span class='ocrx_word' id='word_1_570' title='bbox 1244 2751 1362 2777; x_wconf 79' lang='lat' dir='ltr'>turmae</span> <span class='ocrx_word' id='word_1_571' title='bbox 1394 2743 1567 2793; x_wconf 72' lang='lat' dir='ltr'>equestris,</span> <span class='ocrx_word' id='word_1_572' title='bbox 1604 2741 1663 2784; x_wconf 87' lang='lat' dir='ltr'>qui</span> <span class='ocrx_word' id='word_1_573' title='bbox 1694 2741 1727 2773; x_wconf 83' lang='lat' dir='ltr'>ei</span> <span class='ocrx_word' id='word_1_574' title='bbox 1781 2747 1786 2752; x_wconf 69' lang='grc'><strong><em>’</em></strong></span> 
     </span>
    </p>
   </div>
   <div class='ocr_carea' id='block_1_7' title="bbox 1024 2786 1725 2919">
    <p class='ocr_par' dir='ltr' id='par_1_22' title="bbox 1024 2786 1725 2919">
     <span class='ocr_line' id='line_1_112' title="bbox 1068 2786 1725 2830; baseline -0.005 -10"><span class='ocrx_word' id='word_1_575' title='bbox 1068 2796 1200 2830; x_wconf 81' lang='lat' dir='ltr'>praeest,</span> <span class='ocrx_word' id='word_1_576' title='bbox 1216 2795 1251 2820; x_wconf 86' lang='lat' dir='ltr'>ut</span> <span class='ocrx_word' id='word_1_577' title='bbox 1263 2789 1428 2821; x_wconf 75' lang='lat' dir='ltr'>Centurio</span> <span class='ocrx_word' id='word_1_578' title='bbox 1439 2786 1612 2823; x_wconf 71' lang='lat' dir='ltr'>centuriae,</span> <span class='ocrx_word' id='word_1_579' title='bbox 1626 2789 1654 2823; x_wconf 88' lang='lat'>1,</span> <span class='ocrx_word' id='word_1_580' title='bbox 1672 2789 1725 2818; x_wconf 89' lang='grc'>23.</span> 
     </span>
     <span class='ocr_line' id='line_1_113' title="bbox 1068 2831 1642 2874; baseline -0.005 -11"><span class='ocrx_word' id='word_1_581' title='bbox 1068 2833 1120 2864; x_wconf 71' lang='lat' dir='ltr'>Af.</span> <span class='ocrx_word' id='word_1_582' title='bbox 1137 2835 1190 2863; x_wconf 81' lang='lat'>29.</span> <span class='ocrx_word' id='word_1_583' title='bbox 1225 2832 1343 2874; x_wconf 79' lang='lat' dir='ltr'>Veget.</span> <span class='ocrx_word' id='word_1_584' title='bbox 1359 2833 1400 2864; x_wconf 87' lang='lat' dir='ltr'>de</span> <span class='ocrx_word' id='word_1_585' title='bbox 1416 2843 1450 2864; x_wconf 76' lang='lat' dir='ltr'>re</span> <span class='ocrx_word' id='word_1_586' title='bbox 1468 2831 1542 2863; x_wconf 74' lang='lat' dir='ltr'>mil.</span> <span class='ocrx_word' id='word_1_587' title='bbox 1555 2833 1588 2869; x_wconf 75' lang='lat'>2,</span> <span class='ocrx_word' id='word_1_588' title='bbox 1603 2831 1642 2869; x_wconf 77' lang='lat'>¹⁴.</span> 
     </span>
     <span class='ocr_line' id='line_1_114' title="bbox 1024 2875 1540 2919; baseline -0.008 -10"><span class='ocrx_word' id='word_1_589' title='bbox 1024 2877 1212 2909; x_wconf 64' lang='lat' dir='ltr'>Dec-amre</span> <span class='ocrx_word' id='word_1_590' title='bbox 1227 2879 1263 2909; x_wconf 68' lang='grc' dir='ltr'>ἐπ</span> <span class='ocrx_word' id='word_1_591' title='bbox 1273 2882 1422 2919; x_wconf 73' lang='lat' dir='ltr'>portam,</span> <span class='ocrx_word' id='word_1_592' title='bbox 1451 2875 1505 2907; x_wconf 76' lang='lat' dir='ltr'>Af.</span> <span class='ocrx_word' id='word_1_593' title='bbox 1520 2876 1540 2905; x_wconf 82' lang='grc'>3</span> 
     </span>
    </p>
   </div>
   <div class='ocr_carea' id='block_1_8' title="bbox 1830 0 1946 3261">
    <p class='ocr_par' dir='ltr' id='par_1_23' title="bbox 1830 0 1946 3261">
     <span class='ocr_line' id='line_1_115' title="bbox 1830 0 1946 3261; baseline 0 0"><span class='ocrx_word' id='word_1_594' title='bbox 1830 0 1946 3261; x_wconf 95' lang='lat' dir='ltr'> </span> 
     </span>
    </p>
   </div>
  </div>
 </body>
</html>
