1946 3261
289 223 376 269 482
520 225 575 266 A.
611 220 812 266 HIRTII
844 221 930 267 DE
961 221 1164 266 BELLO
1197 221 1544 269 AFRICANO.

290 351 372 394 bus
392 356 656 407 procurrunt
683 356 728 391 et
756 349 867 393 inter
887 349 1142 408 legionarios
1163 351 1320 394 milites
1346 351 1491 410 jacula
1520 349 1766 409 conjiciunt.

297 408 398 456 Hic,
413 422 548 465 quum
567 408 795 451 Caesariani
814 409 856 452 in
878 425 947 451 eos
966 411 1160 468 inpetum
1179 410 1392 462 fecissent,
1411 410 1586 453 illorum
1602 408 1768 467 equites

291 466 564 525 refugiebant
582 483 592 508 :
625 467 793 525 pedites
815 468 986 510 interim
1006 468 1277 518 resistebant,
1298 469 1402 512 dum
1422 469 1587 528 equites
1605 475 1768 518 rursus,

292 541 418 567 cursu
440 534 660 576 renovato,
683 527 900 584 peditibus
920 527 1006 569 suis
1024 537 1334 571 succurrerent.

357 584 421 626 15.
459 584 617 634 Caesar,
654 600 766 629 novo
798 601 955 644 genere
996 601 1154 644 pugnae
1202 587 1367 636 oblato,
1411 601 1546 644 quum
1582 585 1771 629 animum

291 641 557 693 adverteret,
580 643 749 687 ordines
771 661 944 687 suorum
974 645 1015 687 in
1038 646 1334 703 procurrendo
1367 645 1556 695 turbari,
1585 644 1775 704 (pedites

291 702 421 752 enim,
459 700 564 745 dum
599 703 765 760 equites
799 703 971 762 longius
1005 705 1060 746 ab
1092 704 1219 762 signis
1258 720 1381 762 perse
1415 712 1598 755 uuntur,
1636 704 1771 746 latere

293 759 476 810 nudato,
511 777 535 802 a
571 762 776 820 proximis
800 762 1000 805 Numidis
1024 763 1174 821 jaculis
1207 765 1389 806 vulnera
1423 771 1577 811 antur;
1609 762 1774 820 equites

292 828 437 862 autem
456 819 639 862 hostium
661 821 795 879 pilum
816 821 964 863 militis
985 837 1113 864 cursu
1149 822 1271 864 facile
1298 823 1515 879 vitabant)
1541 821 1674 864 edicit
1695 836 1773 879 per

296 878 482 928 ordines,
520 893 573 921 ne
594 879 688 935 quis
708 880 828 922 miles
847 881 902 923 ab
923 881 1051 937 signis
1072 888 1261 938 quatuor
1283 880 1413 939 pedes
1434 880 1603 938 longius
1624 895 1774 938 proce-

295 936 432 979 deret.
495 937 729 994 Equitatus
759 939 932 981 interim
954 939 1150 989 Labieni,
1179 956 1352 983 suorum
1374 938 1656 981 multitudine
1674 953 1774 981 con-

293 994 407 1045 fisus,
445 996 622 1038 Caesaris
643 997 903 1054 paucitatem
928 998 1154 1040 circumire
1175 1005 1381 1041 conatur:
1415 997 1580 1054 equites
1609 997 1774 1040 Juliani

325 1054 436 1103 auci,
459 1055 737 1098 multitudine
759 1056 944 1099 hostium
966 1057 1133 1106 defessi,
1156 1058 1277 1114 equis
1296 1055 1630 1106 convulneratis,
1651 1056 1774 1115 paul-

294 1069 414 1154 iatim
456 1113 629 1155 cedere:
677 1113 807 1156 hostis
842 1116 976 1173 magis
1012 1116 1232 1173 magisque
1269 1117 1441 1158 instare.
1506 1114 1574 1157 Ita
1608 1122 1773 1173 puncto

295 1172 500 1228 temporis
536 1172 733 1215 omnibus
768 1173 1012 1231 legionariis
1043 1175 1100 1216 ab
1132 1174 1318 1216 hostium
1354 1174 1553 1232 equitatu
1595 1175 1775 1216 circum-

293 1229 444 1278 ventis,-
479 1230 745 1288 Caesarisque
767 1232 897 1290 copiis
920 1233 960 1275 in
984 1233 1133 1275 orbem
1155 1233 1398 1291 compulsis,
1432 1232 1543 1274 intra
1565 1232 1777 1276 cancellos

294 1303 436 1329 omnes
457 1289 640 1345 conjecti
662 1306 858 1347 pugnare
879 1293 1160 1348 cogebantur.

359 1345 423 1387 16.
459 1346 673 1389 Labienus
694 1349 735 1390 in
757 1365 882 1405 equo,
918 1350 1060 1407 capite
1083 1350 1212 1399 nudo,
1250 1350 1410 1392 versari
1432 1350 1474 1392 in
1500 1349 1637 1409 prima
1656 1349 1744 1392 acie
1763 1365 1774 1398 ;

294 1404 419 1446 simul
455 1421 553 1448 suos
587 1406 821 1457 cohortari,
853 1423 1174 1466 nonnumquam
1210 1409 1465 1465 legionarios
1502 1408 1681 1451 Caesaris
1715 1408 1778 1450 ita

298 1463 544 1521 adpellare:
581 1472 609 1491 ‘⁶
636 1465 753 1514 Quid
792 1469 884 1517 tu,'’
926 1464 1082 1523 inquit,
1118 1475 1145 1492 ‘⁶
1167 1468 1286 1509 miles
1317 1469 1418 1519 tiro,
1453 1476 1539 1510 tam
1561 1466 1777 1510 feroculus

297 1529 325 1547 ‘⁶
350 1527 423 1565 es‘!
487 1523 574 1565 Vos
595 1540 772 1582 quoque
794 1525 871 1567 iste
901 1527 1042 1568 verbis
1063 1525 1309 1569 infatuavit.
1373 1526 1423 1568 In
1458 1541 1660 1584 magnum
1692 1540 1776 1567 me-

297 1588 326 1606 “
350 1580 527 1623 hercule
565 1598 640 1624 vos
674 1583 914 1640 pericnlum
953 1585 1123 1643 inpulit.
1190 1586 1403 1628 Misereor
1438 1585 1618 1628 vestri.”
1665 1584 1775 1626 Tum

299 1639 436 1681 miles:
475 1645 502 1665 ‘⁶
530 1641 629 1682 Non
652 1644 788 1690 sum‚’'
820 1643 976 1700 inquit,
1009 1651 1037 1670 “
1063 1645 1161 1693 tiro,
1187 1643 1403 1693 Labiene;
1435 1644 1509 1686 sed
1540 1644 1593 1686 de
1611 1642 1778 1701 legione

300 1706 328 1723 ‘⁶
351 1698 393 1739 X
428 1702 697 1742 veteranus.’'
747 1701 859 1742 Tum
896 1701 1133 1747 Labienus:
1171 1709 1199 1727 “
1225 1703 1327 1745 Non
1359 1704 1587 1760 agnosco,’'
1617 1701 1774 1759 inquit,

300 1763 328 1783 ‘⁶
352 1756 473 1815 signa
495 1756 873 1801 decumanorum.”
915 1760 1025 1802 Tum
1048 1760 1190 1802 miles:
1228 1768 1255 1786 ‘⁶
1279 1761 1379 1802 Jam
1402 1776 1485 1810 me,
1507 1760 1582 1817 qui
1599 1760 1693 1809 sim,
1716 1760 1777 1802 in-

299 1815 521 1872 telliges:''
553 1817 678 1859 simul
700 1817 902 1859 cassidem
924 1818 978 1860 de
996 1820 1136 1876 capite
1157 1818 1329 1875 dejecit,
1359 1826 1407 1859 ut
1428 1817 1626 1876 cognosci
1648 1818 1703 1861 ab
1724 1834 1776 1862 eo

300 1883 460 1931 posset,
478 1882 609 1932 atque
630 1875 691 1917 ita
712 1876 863 1932 pilum,
885 1877 1049 1918 viribus
1069 1884 1332 1925 contortum,
1354 1876 1458 1918 dum
1476 1877 1519 1918 in
1538 1876 1777 1920 Labienum

299 1931 472 1974 mittere
493 1933 728 1986 contendit,
745 1934 845 1991 equi
863 1934 1055 1992 graviter
1075 1935 1255 1977 adverso
1270 1936 1437 1993 pectori
1451 1935 1616 1986 adfixit,
1635 1944 1678 1978 et
1690 1935 1772 1978 ait:

304 1997 332 2016 ‘⁶
359 1990 563 2041 Labiene,
602 1991 889 2035 decumanum
928 1993 1124 2042 militem,
1158 1993 1234 2050 qui
1270 2003 1312 2035 te
1351 1994 1478 2052 petit,
1504 1994 1612 2037 scito
1639 1998 1773 2036 esse.”

304 2049 506 2092 Omnium
546 2060 687 2093 tamen
707 2050 836 2093 animi
867 2051 908 2093 in
932 2060 1141 2094 terrorem
1171 2052 1365 2109 conjecti,
1399 2061 1443 2095 et
1469 2053 1651 2095 maxime
1672 2052 1776 2096 tiro-

303 2122 429 2149 num:
464 2108 788 2167 circumspicere
825 2110 936 2153 enim
972 2111 1201 2160 Caesarem,
1236 2126 1375 2169 neque
1409 2111 1593 2170 amplius
1619 2111 1776 2163 facere,

299 2166 376 2208 nisi
398 2165 738 2225 hostiumjacula
759 2168 913 2211 vitare.

367 2225 432 2266 17.
467 2226 610 2268 Caesar
630 2227 802 2270 interim
831 2228 1005 2271 consilio
1025 2227 1209 2271 hostium
1226 2228 1415 2287 cognito,
1432 2228 1560 2285 jubet
1579 2228 1712 2271 aciem
1734 2227 1778 2272 in

302 2283 615 2342 longitudinem
650 2302 779 2343 quam
810 2287 1035 2329 maximam
1056 2287 1242 2346 porrigi,
1279 2295 1324 2330 et
1357 2287 1533 2330 alternis
1566 2287 1778 2330 conversis

302 2386 435 2428 glossa,
473 2397 550 2418 nam
589 2384 623 2418 in
659 2387 758 2419 codd.
802 2387 1003 2428 quibusdam

305 2430 327 2461 d
1072 2388 1170 2420 clusi.
1195 2390 1365 2429 —Atque
1398 2389 1463 2420 hoc
1492 2394 1626 2429 tempus
1651 2388 1774 2420 Caesari

329 2436 409 2462 eest.

1075 2443 1135 2474 per
1151 2443 1284 2463 omnem
1302 2432 1402 2464 vitam
1423 2443 1525 2464 unum
1540 2433 1692 2464 onmium
1713 2443 1773 2474 pe-

355 2475 489 2515 Leqion.
504 2475 630 2506 milites.
669 2473 723 2505 Sic
745 2476 822 2506 cod.
849 2475 1002 2507 Davisii:
1075 2476 1356 2508 riculosissimum
1375 2477 1452 2508 fuit.
1475 2477 1526 2508 M.
1571 2475 1683 2507 Simili
1705 2486 1775 2508 me-

306 2517 428 2560 reliqui
459 2518 598 2550 codices
627 2523 660 2549 ot
676 2519 751 2550 edd.
776 2525 843 2550 vet.
870 2521 1003 2560 pedites.

306 2562 369 2594 Sed
385 2568 417 2593 ct
432 2564 549 2594 milites
574 2562 744 2604 etpediles
771 2569 821 2593 est
838 2564 1005 2595 recentius

305 2606 554 2638 assumendum.
579 2607 629 2638 M.

354 2651 399 2681 In
427 2651 540 2681 orbem
567 2651 744 2692 compulsis
767 2667 812 2673 -—-
836 2661 1006 2692 paquara.

308 2703 349 2725 ex
366 2694 460 2726 omni
489 2699 582 2735 parte
603 2704 764 2735 pugnare.
789 2704 822 2726 se
842 2695 947 2725 baare
967 2696 1007 2727 de

299 2737 404 2777 from,
431 2748 490 2770 sur
513 2748 560 2769 ses
578 2738 693 2779 flam-5
717 2743 747 2769 et
762 2748 820 2770 sur
835 2748 882 2769 ses
899 2739 1007 2770 derri-

309 2780 389 2812 Z’res.
434 2781 625 2820 Guischard
649 2781 755 2812 Mem.
779 2781 851 2818 mil,
877 2781 956 2813 Vol.
975 2787 1006 2813 2.

311 2835 344 2864 p.
372 2828 447 2856 90⁶2.
487 2825 576 2856 Male
606 2825 815 2857 reddiderant
839 2825 1007 2857 D'Ablan-

309 2875 417 2906 court,
440 2868 566 2911 Wailly
582 2876 647 2902 etc.

358 2913 458 2945 Intra
472 2915 630 2946 cancellos
648 2915 790 2955 conjecti,
817 2911 933 2953 cincti,
958 2913 1006 2945 in-

1073 2520 1217 2561 taphora
1244 2520 1349 2552 utimr
1371 2520 1446 2552 Cic.
1473 2531 1535 2562 pro
1562 2519 1725 2559 Quinctio
1741 2530 1772 2552 c.

1077 2565 1115 2595 10
1142 2566 1231 2596 etde
1250 2564 1342 2596 Orat.
1362 2566 1390 2603 l,
1410 2567 1459 2595 12.

1123 2609 1211 2640 Tum
1227 2610 1320 2640 moles
1333 2614 1400 2640 etc.
1425 2609 1506 2640 Haec
1523 2607 1774 2640 narratiuncula

1071 2653 1144 2694 jure
1177 2659 1333 2693 suspecta
1365 2658 1416 2684 est
1450 2651 1658 2684 Guischardo
1688 2652 1712 2683 l.
1741 2661 1772 2683 e.

1074 2707 1096 2737 p
1123 2742 1292 2780 Coynosei.
1326 2739 1393 2771 Alii
1409 2743 1567 2781 aqnosci:
1582 2737 1716 2770 Servius
1730 2738 1771 2769 ad

1077 2782 1153 2814 AEn.
1181 2786 1212 2821 8,
1233 2785 1304 2815 155.
1333 2786 1540 2826 aynoscimus
1554 2793 1650 2815 novos
1658 2795 1672 2820 ;
1697 2793 1772 2825 coq-

1075 2830 1237 2859 *noscimus
1250 2829 1414 2868 anaquos.

1120 2872 1263 2903 Alternis
1276 2888 1319 2893 —
1334 2872 1489 2903 tenderet.
1525 2870 1606 2902 Haec
1623 2879 1688 2910 ego
1705 2877 1771 2901 non

1074 2913 1229 2956 intelligo
1269 2920 1405 2957 propter
1441 2913 1683 2956 ignorationem
1722 2912 1770 2945 rei
