1946 3261
17 252 24 299 s».
17 127 27 243 7-0-,2

0 828 13 1123 &mu-—
10 798 13 804 -
7 725 16 776 ⁴...
9 573 17 714 ·'.——*-ae->
10 304 23 563 Ἥ

699 192 816 236 LIB.
853 191 932 236 VI.
997 193 1135 237 CAP.
1169 194 1299 237 3—7.
1660 195 1738 239 1:37

261 317 422 362 auxilia
442 319 728 370 existimabat,
751 335 881 378 quam
902 321 1043 379 ipsum
1064 321 1182 365 bello
1212 322 1466 370 lacesseret;
1497 335 1566 371 ne,
1588 320 1663 363 des
1700 338 1741 364 e-

262 386 357 421 rata
385 379 538 429 salute,
572 388 649 422 aut
681 396 724 422 se
758 381 800 422 in
838 380 1065 437 Menapios
1086 381 1285 431 abderet,
1307 389 1384 423 aut
1406 396 1506 423 cum
1526 338 1740 423 transriie-

261 437 380 480 nanis
414 439 621 496 congredi
649 447 894 498 cogeretur.
960 438 1059 480 Hoc
1093 439 1200 481 inito
1223 440 1414 488 consilio,
1450 439 1585 482 totius
1621 456 1740 481 exer-

260 496 372 538 citus
395 497 688 555 inpedimenta
708 498 764 540 ad
788 498 1027 540 Labienum
1056 497 1100 538 in
1122 497 1325 539 Treviros
1357 499 1509 547 mittit,
1546 498 1741 556 duasque

262 554 452 612 legiones
472 557 526 598 ad
547 572 645 598 eum
678 556 890 614 proficisci
921 556 1072 615 jubet:
1108 554 1200 612 ipse
1230 570 1329 597 cum
1348 555 1589 613 legionibus
1610 573 1740 616 expe-

258 612 359 655 ditis
395 615 588 671 quinque
625 615 669 657 in
705 615 931 671 Menapios
968 612 1273 672 proficiscitur.
1337 613 1422 663 Illi,
1453 616 1572 657 nulla
1593 624 1743 659 coacta

256 687 402 720 manu,
455 673 539 714 loci
571 671 770 729 praesidio
802 672 920 721 freti,
964 674 1009 715 in
1035 670 1162 713 silvas
1181 670 1450 728 paludesque
1483 674 1743 732 confugiunt

257 746 420 787 suaque
443 731 596 773 eodem
618 729 863 771 conferunt.

316 789 357 830 6.
393 790 551 837 Caesar,
589 788 763 845 partitis
799 787 935 846 copiis
971 803 1070 830 cum
1114 787 1166 829 C.
1208 787 1347 831 Fabio
1385 788 1554 848 Legato
1590 800 1636 833 et
1673 793 1741 835 M.

258 848 414 891 Crasso
433 849 676 897 Quaestore,
710 846 999 903 celeriterque
1021 846 1183 889 effectis
1205 847 1430 905 pontibUS,
1460 849 1553 892 adit
1586 851 1744 908 tripar-

255 907 356 957 tito,
377 906 558 950 aedifieia
586 905 790 963 vicosque
821 904 1028 955 incendit,
1066 921 1224 964 magno
1254 907 1423 964 pecoris
1457 916 1590 965 atque.
1611 908 1743 952 homi-

255 981 360 1009 num
381 981 562 1008 numero
585 964 771 1023 potitur.
836 964 1007 1014 Quibus
1025 965 1157 1007 rebus
1178 966 1317 1008 coacti
1343 966 1555 1024 Menapii,
1578 967 1745 1025 legatos

255 1024 313 1067 ad
346 1039 446 1067 eum
478 1024 596 1082 pacis
633 1024 829 1082 petendae
849 1039 995 1066 caussa
1022 1024 1219 1067 mittunt.
1285 1024 1382 1074 Ille,
1420 1024 1645 1068 obsidibus
1676 1043 1745 1069 ac-

254 1083 409 1142 ceptis,
430 1082 619 1125 hostium
636 1099 678 1124 se
701 1082 953 1126 habiturum
973 1098 1156 1126 numero
1174 1083 1417 1133 confirmat,
1438 1084 1472 1126 si
1493 1092 1570 1126 aut
1593 1084 1745 1128 Ambi-

254 1144 422 1201 origem
440 1150 518 1184 aut
539 1142 630 1201 ejus
649 1142 831 1200 legatos,
860 1142 1020 1184 finibus
1040 1143 1125 1184 suis
1146 1144 1421 1201 recepissent.
1488 1143 1570 1186 His
1591 1143 1745 1187 confir-

254 1202 380 1244 matis
418 1201 566 1251 rebus,
607 1201 852 1244 Commium
890 1201 1152 1246 Atrebatem
1174 1219 1275 1244 cum
1315 1203 1517 1259 equitatu
1554 1203 1746 1247 custodis

253 1260 350 1303 loco
371 1260 415 1302 in
440 1260 654 1318 Menapiis
674 1260 908 1318 relinquit;
940 1261 1031 1319 ipse
1054 1261 1096 1304 in
1120 1261 1324 1304 Treviros
1341 1262 1646 1320 proficiscitur.

314 1319 356 1360 7.
391 1319 511 1361 Dum
536 1319 624 1361 haec
653 1335 678 1361 a
708 1320 877 1363 Caesare
899 1328 1132 1377 geruntur,
1169 1320 1356 1370 Treviri,
1389 1322 1555 1379 magnis
1588 1322 1746 1364 coactis

253 1378 477 1436 peditatus
507 1378 817 1435 equitatusque
850 1379 1002 1435 copiiS‚
1039 1378 1280 1421 Labienum
1308 1396 1409 1422 cum
1441 1396 1526 1422 una
1558 1379 1744 1438 legione,

253 1452 351 1493 quae
373 1436 417 1478 in
438 1452 589 1479 eorum
608 1436 765 1479 finibus
781 1436 1016 1486 hiemabat,
1037 1436 1199 1479 adoriri
1219 1438 1459 1495 parabant:
1489 1439 1666 1495 jamque
1688 1441 1746 1482 ab

253 1512 306 1538 eo
327 1511 413 1538 non
434 1495 605 1554 longius
625 1495 749 1538 bidui
771 1496 841 1538 via
863 1496 1061 1542 aberant.
1085 1511 1222 1552 quum
1244 1496 1351 1538 duas
1373 1496 1535 1539 venisse
1556 1497 1746 1554 legiones

251 1554 379 1596 missu
402 1555 581 1596 Caesaris
600 1564 882 1611 cognoscunt.
949 1553 1104 1595 Positis
1126 1555 1278 1596 castris
1297 1571 1322 1596 a
1343 1555 1517 1598 milibus
1540 1572 1743 1613 passuum

251 1612 339 1655 XV
360 1612 524 1654 auxilia
547 1612 869 1653 Germanorum
890 1619 1141 1668 exspectare
1163 1613 1450 1655 constituunt.
1512 1613 1743 1665 Labienus,

250 1669 439 1713 hostium
464 1669 642 1727 cognito
665 1668 856 1718 consilio,
876 1684 1070 1726 sperans,
1092 1670 1341 1712 temeritate
1368 1687 1520 1714 eorum
1554 1673 1648 1715 fore
1667 1674 1742 1716 ali-

248 1745 382 1787 quam
422 1728 655 1770 dimicandi
697 1727 968 1776 facultatem,
1022 1728 1224 1785 praesidio
1264 1729 1509 1772 cohortium
1549 1732 1745 1789 quinque

250 1787 553 1847 inpedimentis
589 1785 758 1836 relicto,
781 1802 881 1829 cum
903 1785 1030 1828 XXV
1064 1785 1318 1831 cohortibus
1339 1804 1588 1847 magnoque
1621 1791 1742 1847 equi-

249 1854 349 1890 tatu
388 1854 542 1889 contra
577 1844 745 1888 hostem
778 1844 1070 1903 proficiscitur
1101 1854 1162 1896 et,
1199 1847 1248 1888 M
1291 1863 1466 1905 passum
1503 1848 1743 1892 intermisso

206 1910 210 1913 ’
251 1907 411 1964 spatio,
435 1913 577 1948 castra
597 1905 850 1948 communit.
899 1904 1011 1947 Erat
1032 1905 1145 1947 inter
1165 1904 1406 1948 Labienum
1428 1913 1563 1964 atque
1582 1906 1749 1952 hostem

250 1964 418 2008 difficili
440 1964 627 2007 transitu
663 1963 823 2006 flumen
858 1963 1054 2022 ripisque
1077 1965 1338 2024 praeruptis:
1373 1964 1454 2008 hoc
1487 1981 1630 2024 neque
1652 1967 1744 2025 ipse

252 2023 437 2066 transire
460 2023 503 2066 in
524 2023 667 2066 animo
688 2022 896 2073 habebat,
916 2039 1057 2080 neque
1079 2023 1222 2066 hostes
1254 2023 1513 2067 transituros
1534 2025 1746 2069 existima-

252 2083 344 2126 bat.
423 2083 690 2141 Augebatur
724 2082 987 2126 auxiliorum
1016 2082 1217 2140 quotidie
1254 2099 1364 2141 spes.
1445 2083 1664 2142 Loquitur
1702 2085 1746 2129 in

252 2141 430 2185 consilio
446 2142 607 2200 palam,
643 2150 671 2168 “
695 2142 898 2199 quoniam
918 2142 1127 2184 Germani
1147 2141 1507 2201 adpropinquare
1527 2143 1746 2194 dicantur,

254 2209 284 2227 ‘⁶
306 2218 395 2244 sese
416 2218 512 2244 suas
527 2199 830 2259 exercitusque
849 2201 1044 2244 fortunas
1060 2200 1104 2242 in
1126 2200 1309 2244 dubium
1326 2217 1412 2244 non
1428 2202 1746 2255 devocaturum

254 2268 284 2287 “
306 2268 351 2303 et
373 2269 549 2320 postero
568 2261 638 2303 die
660 2261 801 2319 prima
822 2260 918 2303 luce
940 2268 1082 2303 castra
1102 2262 1369 2303 moturum.’'
1419 2261 1633 2304 Celeriter
1654 2261 1742 2305 haec

252 2319 309 2362 ad
356 2319 498 2363 hostes
538 2319 815 2369 deferuntur,
849 2327 900 2362 ut
938 2335 993 2361 ex
1039 2334 1198 2377 magno
1240 2319 1473 2362 Gallorum
1524 2320 1744 2379 equitatus

301 2435 497 2469 Lacesseret.
539 2433 691 2476 Scaliger
704 2440 738 2467 et
763 2433 967 2468 recentiores
1033 2440 1071 2465 ut
1087 2445 1167 2467 mox
1184 2445 1262 2477 cap.
1288 2438 1341 2468 32.
1371 2441 1405 2468 et
1420 2436 1459 2468 C.
1476 2439 1507 2475 3,
1525 2435 1579 2468 57.
1602 2436 1743 2468 Utrum-

256 2481 499 2513 lacessendam.
1032 2489 1097 2520 que
1113 2479 1248 2512 dicitur.

303 2525 350 2556 In
365 2523 624 2566 lt1empios.alii
638 2525 675 2556 in
692 2524 866 2565 Menapiis.
1081 2525 1291 2565 Confirmatis
1322 2525 1432 2564 rebus,
1469 2523 1675 2563 constitutis,
1705 2530 1742 2557 ut

307 2569 394 2600 Cum
426 2570 616 2600 transrhen-
646 2568 814 2609 conqredi,
847 2576 966 2598 eorum

260 2611 345 2644 fines
359 2611 465 2645 adire,
482 2623 582 2653 seque
594 2623 671 2643 cum
687 2612 730 2643 iis
742 2612 942 2653 conjungere
956 2623 964 2642 τ

257 2661 330 2688 erat
346 2655 438 2687 enim
454 2655 602 2687 Treviris
618 2655 762 2687 amicus.
792 2655 965 2696 Metaphr.

259 2700 317 2732 Gr.
331 2699 512 2739 συμμαχίαν
528 2701 685 2730 ποιεῖσθαι.
710 2701 761 2730 M.
795 2701 861 2730 Pro
874 2710 963 2741 0098·

260 2750 360 2778 retur
375 2743 505 2775 Gudius
520 2744 670 2775 malebat
693 2749 880 2782 conaretur,
906 2744 965 2775 sed

262 2792 335 2831 coqz‘
376 2787 454 2820 heic
489 2798 532 2820 eo
570 2798 671 2820 sensu
711 2787 858 2829 ponitur,
895 2798 964 2830 quo

258 2837 290 2866 5.
315 2836 369 2865 49.

308 2879 385 2911 Adit
399 2879 530 2919 tripart.
544 2877 632 2910 bene
647 2875 709 2916 sic,
726 2878 774 2909 al.
790 2877 883 2911 adiit.

310 2924 468 2956 Hostium
490 2933 642 2957 numero.
666 2921 728 2956 alii
751 2924 789 2955 in
814 2933 965 2962 numero,

1033 2568 1149 2599 omnia
1165 2574 1253 2600 recte
1270 2569 1444 2601 haberent.
1469 2570 1520 2600 M.

1081 2614 1267 2645 Commium
1278 2615 1479 2645 Atrebatem.
1503 2612 1555 2643 Cf.
1571 2614 1603 2651 4,
1619 2615 1672 2644 21.
1691 2614 1739 2644 M.

1080 2657 1272 2689 Hiemabat.
1287 2657 1343 2689 Sic
1356 2657 1481 2689 rectius
1491 2668 1510 2688 e
1522 2657 1623 2688 codd.
1635 2667 1737 2699 quam

1031 2701 1133 2743 vulgo
1151 2703 1364 2733 hiemaverat.

1079 2747 1106 2776 Α
1124 2746 1254 2777 milibus
1265 2757 1303 2786 p.
1326 2745 1381 2776 Sic
1398 2750 1432 2776 et
1449 2746 1481 2783 4,
1499 2748 1553 2777 2⁶2.

1078 2790 1123 2821 Ιη
1138 2791 1279 2821 coneilio.
1306 2788 1415 2829 Vulgo
1426 2791 1461 2820 in
1474 2791 1617 2823 concilio.
1631 2791 1738 2825 Male.

1078 2835 1259 2864 Dicantur.
1282 2832 1342 2864 alii
1357 2834 1528 2866 (licuntur.

1082 2878 1155 2908 Non
1170 2877 1415 2908 devocaturum.
1441 2877 1495 2910 Sic
1513 2879 1548 2911 b.
1564 2879 1665 2923 Hisp.
1681 2884 1734 2913 2—1.

1031 2920 1131 2953 Conf.
1148 2920 1282 2952 Phaedr.
1298 2921 1366 2953 fab.
1388 2923 1416 2957 l,
1432 2925 1486 2954 20.

1076 2966 1266 3007 Equitum-s.
1294 2966 1341 2999 al.
1354 2968 1514 3009 equitum.
