1946 3261
599 184 719 229 LIB.
753 182 862 229 VII.
925 182 1066 228 GAP.
1103 178 1288 226 13--1-5.
1584 176 1666 222 175

182 320 213 339 “
236 320 442 372 oportere
463 312 545 356 hoc
566 312 724 371 spatio,
748 327 775 354 a
796 309 906 354 Boia
923 324 1103 368 quoque
1121 324 1287 359 versus,
1321 321 1412 365 quo
1432 303 1672 365 pabulandi

182 380 214 402 “
236 389 383 416 caussa
403 372 526 415 adire
557 388 680 430 posse
701 371 948 415 videantur.
1013 368 1188 411 Harum
1215 367 1317 426 ipsis
1338 380 1484 410 rerum
1502 363 1673 422 copiam

184 439 214 458 ‘⁶
236 433 484 491 subpetere‚
540 432 641 482 uod,
666 446 858 489 quorum
875 429 920 473 in
938 427 1096 470 finibus
1115 426 1279 470 bellum
1301 433 1497 485 geratur,
1519 438 1673 466 eorum

183 499 212 520 ‘⁴
236 492 394 550 opibus
429 447 743 540 suffimentum
784 489 1001 533 Romanos
1029 494 1106 528 aut
1141 484 1330 542 inopiam
1363 499 1450 527 non
1486 483 1671 534 laturos,

186 557 216 579 “
238 560 316 594 aut
334 566 493 609 magno
526 566 628 593 cum
660 549 856 608 periculo
886 545 1056 604 longius
1086 544 1143 586 ab
1165 544 1317 586 castris
1337 555 1671 600 progressuros:

187 616 217 636 “
239 625 381 666 neque
403 610 624 659 interesse,
648 609 816 666 ipsosne
835 605 1098 651 interficiant
1116 602 1475 660 impedimentisne
1498 608 1675 650 exuant,

183 676 215 716 .“
237 668 400 725 quibus
421 667 583 711 amissis
613 667 782 711 bellum
813 667 909 725 geri
939 679 1024 709 non
1057 663 1207 722 possit.
1273 660 1494 705 Praeterea
1514 658 1678 717 oppida

187 735 215 758 ‘⁶
240 727 408 773 incendi
429 735 651 785 oportere,
669 744 767 786 quae
785 741 872 770 non
889 722 1127 769 munitione
1141 728 1187 764 et
1204 719 1290 764 loci
1309 727 1468 762 natura
1486 718 1543 760 ab
1563 718 1678 762 omni

188 792 218 824 ‘⁶
239 787 327 831 sint
350 786 546 844 periculo
572 794 667 829 tuta
684 802 693 833 ;
733 801 817 829 neu
842 785 926 828 suis
945 784 1031 827 sint
1052 781 1107 824 ad
1127 778 1458 824 detractandam
1477 776 1677 820 militiam

189 853 219 872 “
242 845 534 903 receptacula,
560 861 644 888 neu
668 845 873 888 Romanis
893 841 1121 902 proposita
1141 839 1196 884 ad
1218 838 1388 897 copiam
1416 843 1680 879 commeatus

186 912 216 933 ‘⁶
239 905 517 964 praedamque
532 904 781 948 tollendam.
821 903 930 947 Haec
942 902 976 945 si
992 899 1144 960 gravia
1161 906 1239 942 aut
1255 897 1415 941 acerba
1429 895 1679 944 videantur,

188 971 218 991 “
239 964 382 1011 multo
409 964 484 1008 illa
509 964 685 1023 gravius
713 964 924 1007 aestimare
961 961 1139 1008 debere,
1176 957 1352 1007 liberos,
1390 955 1597 1014 conjuges
1636 952 1680 996 in

190 1030 220 1052 “
242 1023 499 1068 servitutem
526 1023 737 1074 abstrahi,
768 1023 884 1082 ipsos
911 1018 1121 1064 interfici:
1159 1033 1258 1076 quae
1290 1017 1347 1060 sit
1376 1029 1546 1059 necesse
1565 1012 1678 1058 acci-

191 1090 220 1111 “
242 1082 347 1128 dere
369 1082 541 1127 victis.'’

255 1143 322 1186 15.
358 1142 567 1186 Omnium
590 1157 797 1185 consensu
818 1140 898 1184 hac
926 1137 1141 1182 sententia
1163 1135 1370 1196 probata,
1393 1147 1480 1176 uno
1504 1131 1575 1176 die
1597 1145 1684 1174 am-

190 1200 308 1260 plius
341 1202 426 1246 XX
457 1202 590 1246 urbes
623 1200 879 1260 Biturigum
908 1198 1219 1243 incenduntur.
1285 1194 1383 1238 Hoc
1416 1192 1530 1235 idem
1560 1190 1611 1234 fit
1641 1190 1686 1233 in

190 1261 372 1319 reliquis
405 1261 673 1306 civitatibus.
739 1259 791 1303 In
827 1259 1027 1302 omnibus
1058 1256 1264 1316 partibus
1293 1252 1490 1296 incendia
1521 1250 1686 1309 conspi-

191 1319 370 1364 ciuntur
387 1336 397 1368 3
429 1337 527 1378 quae
548 1320 628 1362 etsi
649 1335 806 1378 magno
827 1335 927 1362 cum
947 1317 1099 1360 dolore
1120 1331 1266 1358 omnes
1293 1313 1510 1361 ferebant,
1541 1319 1686 1353 tamen

192 1379 274 1422 hoc
314 1380 397 1424 sibi
430 1379 573 1423 solatii
610 1379 935 1438 proponebant,
976 1375 1116 1433 [quod
1154 1390 1214 1423 se,
1256 1372 1418 1431 prope]
1458 1369 1690 1428 explorata

193 1439 395 1489 victoria,
418 1439 620 1482 celeriter
643 1438 793 1480 amissa
816 1437 1138 1495 reciperaturos
1168 1430 1504 1489 [confidebant]
1569 1427 1691 1472 Deli-

195 1498 379 1541 beratur
401 1497 457 1541 de
480 1498 669 1541 Avarico
692 1497 735 1539 in
752 1496 968 1539 communi
991 1493 1190 1543 concilio,
1209 1490 1379 1534 incendi
1401 1489 1612 1548 placeret,
1637 1502 1692 1530 an

192 1557 380 1602 defendi.
417 1556 720 1599 Procumbunt
737 1555 937 1598 omnibus
953 1553 1094 1596 Gallis
1110 1551 1164 1594 ad
1184 1550 1313 1609 pedes
1333 1548 1574 1605 Bituriges,
1595 1554 1624 1573 “
1640 1561 1694 1588 ne

196 1624 225 1644 “
250 1614 588 1675 pulcherrimam
610 1630 748 1673 prope
771 1614 907 1657 totius
931 1612 1090 1655 Galliae
1111 1611 1285 1658 urbem,
1308 1624 1404 1666 quae
1425 1615 1471 1649 et
1493 1604 1696 1664 praesidio

197 1684 226 1703 “
252 1686 297 1720 et
319 1683 575 1719 ornamento
594 1675 649 1717 sit
671 1673 854 1722 civitati,
877 1674 964 1715 suis
986 1670 1184 1714 manibus
1205 1666 1470 1710 succendere
1492 1680 1697 1724 cogeren-

197 1744 226 1763 “
253 1745 350 1785 tur;
374 1734 500 1777 facile
521 1751 564 1776 se
588 1733 670 1776 loci
689 1742 846 1776 natura
868 1731 1142 1775 defensuros’'
1166 1728 1322 1771 dicunt
1345 1735 1374 1754 “
1393 1724 1531 1784 quod,
1556 1739 1696 1783 prope

199 1803 229 1822 “
253 1812 306 1838 ex
328 1794 528 1837 omnibus
549 1793 750 1852 partibus
772 1792 946 1834 flumine
974 1799 1019 1833 et
1050 1788 1213 1848 palude
1245 1785 1532 1833 circumdata,
1562 1798 1699 1826 unum

201 1863 230 1882 “
254 1854 416 1898 habeat
439 1863 484 1896 et
507 1861 824 1911 perangustum
848 1851 1061 1893 aditum.”
1115 1849 1263 1891 Datur
1286 1845 1539 1904 petentibus
1556 1842 1698 1891 venia,

199 1913 476 1958 dissuadente
499 1913 640 1971 primo
668 1911 1053 1969 Vercingetorige,
1089 1916 1188 1967 post
1212 1904 1476 1948 concedente
1497 1911 1541 1944 et
1561 1902 1697 1960 preci-

197 1974 282 2076 cbus
304 1974 497 2032 ipsorum
519 1980 563 2015 et
583 1971 878 2015 misericordia
901 1970 1037 2029 volgi.
1086 1967 1350 2012 Defensores
1368 1962 1534 2024 oppido
1554 1960 1698 2004 idonei

230 2033 471 2092 eliguntur.

205 2176 337 2212 putant,
361 2171 420 2201 lme
444 2171 550 2211 spatio
576 2173 729 2210 spectare
761 2168 806 2200 ad
841 2169 912 2200 loca

1035 2165 1288 2205 Proqressmos.
1316 2161 1377 2194 alii
1392 2169 1613 2204 processuros.

202 2215 411 2248 incendemla
435 2220 468 2246 et
494 2215 622 2246 lem-um
644 2224 761 2245 rerum
785 2215 917 2254 copiam

1036 2207 1508 2252 Ipsosne—-ivzpffllivnent2'81ie-
1536 2205 1628 2246 Ergo
1641 2203 1702 2235 du-

204 2260 247 2293 ad
265 2259 519 2301 pabulationem
535 2264 568 2290 et
585 2265 828 2289 commeatum.

255 2305 280 2335 A
306 2305 406 2335 Boia.
456 2304 521 2334 Aut
547 2302 721 2334 l‘atendum
741 2301 817 2339 erit,
845 2311 919 2331 osso

209 2348 275 2380 lioc
295 2358 417 2379 nomen
443 2347 577 2388 oppidi,
603 2345 705 2377 nobis
730 2344 918 2383 ineos-niti;

209 2398 243 2424 et
257 2391 379 2434 quidni
408 2392 473 2423 hoc
503 2391 689 2424 fateamur?
715 2396 786 2427 aut,
806 2389 921 2420 Vossii

209 2442 243 2467 et
270 2435 414 2467 Cellarii
447 2446 562 2473 suasu,
595 2447 618 2467 ιι
653 2436 739 2466 Boiis
773 2434 922 2475 legetur:

209 2491 289 2512 nam
307 2480 378 2511 haec
400 2491 451 2511 res
467 2486 557 2521 gesta
574 2485 624 2511 cst
643 2478 675 2510 in
693 2477 819 2509 finibus
844 2477 924 2509 Boi-

210 2534 321 2556 orum.
340 2523 406 2555 vid.
425 2535 501 2565 cap.
518 2526 552 2555 9.
574 2526 623 2555 10.
650 2524 701 2555 M.
736 2522 878 2554 L’rsinus
892 2527 926 2552 et

212 2568 421 2600 Ciacconius
429 2567 536 2610 gratis
547 2567 759 2610 reponebant
769 2568 813 2598 ab
827 2568 925 2598 hoste.

212 2612 376 2645 Davisius
393 2614 517 2644 Boiam
529 2623 590 2654 pro
605 2612 742 2654 regione.
760 2610 926 2642 Boiorum

213 2657 297 2700 poni
313 2662 478 2693 autumat,
495 2665 532 2688 ut
548 2660 579 2695 3,
597 2659 629 2688 9.
662 2657 796 2687 Venetia
816 2655 928 2686 Vene-

211 2709 327 2734 torum
340 2707 426 2732 terra
439 2700 578 2732 dicitur.
625 2701 718 2732 Idem
735 2705 847 2731 tamen
861 2698 926 2730 ista

214 2746 318 2778 verba
348 2746 407 2777 Ιιοε
438 2750 485 2776 est
506 2747 612 2787 spatio
637 2755 659 2775 a
695 2745 736 2775 B.
753 2754 786 2785 q.
813 2753 929 2775 versus

213 2792 267 2831 (ut
283 2792 439 2831 leguntur
455 2789 489 2821 in
515 2789 598 2821 edit.
624 2787 887 2829 Jungennanni)
909 2799 928 2819 e

214 2835 367 2878 margine
394 2834 427 2865 in
451 2839 583 2865 textum
609 2831 790 2874 inrepsisse
823 2838 929 2874 putat.

214 2880 286 2912 Alii
300 2880 423 2911 saltem
440 2878 544 2910 verba
562 2889 586 2910 a
604 2878 688 2909 Boia
704 2876 803 2908 uncis
819 2876 930 2908 inclu-

214 2925 298 2955 dunt
325 2929 485 2964 tanquam
511 2923 658 2961 intrusa3
684 2921 791 2954 habet
813 2927 928 2956 tamen

216 2975 249 3001 et
267 2969 403 3002 Graecus
420 2967 481 3000 ἀπὸ
499 2968 551 3003 τῆς
564 2966 664 3002 Βαΐας.

988 2255 1068 2297 plex
1084 2265 1126 2285 ‘ne
1140 2259 1191 2285 est
1210 2263 1270 2295 pro
1284 2258 1399 2285 utrum
1415 2256 1447 2282 et
1462 2261 1521 2282 cm.
1548 2250 1599 2281 M.

1037 2298 1336 2340 Inpedimentime.
1391 2295 1453 2327 alii
1497 2293 1703 2336 inpedimen-

990 2346 1083 2381 tim-e,
1108 2342 1223 2373 minus
1238 2341 1347 2381 bene3
1374 2339 1463 2371 istud
1479 2337 1562 2370 boni
1577 2338 1653 2368 cod.
1669 2342 1703 2367 et

980 2388 1071 2419 ‘edd.
1088 2392 1154 2418 vet.

1040 2433 1230 2474 Proposita,
1258 2435 1386 2471 parata,
1401 2434 1436 2460 et
1453 2427 1557 2461 veluti
1575 2426 1617 2458 ad
1633 2435 1703 2457 ma-

993 2487 1087 2553 gpm,
1117 2477 1159 2507 ad
1187 2474 1432 2516 deportandam
1460 2472 1538 2504 inde
1554 2469 1703 2512 copiam.

1011 2610 1017 2615 ι
1041 2566 1242 2599 Εειὲιηανε.
1260 2563 1324 2596 alii
1337 2563 1510 2597 (estimari.
1533 2558 1622 2591 Illud
1633 2567 1704 2591 rec-

995 2618 1020 2641 ti
1067 2634 1074 2641 .

1023 2622 1141 2690 υἶὶηοιῖ
1157 2666 1202 2692 se,
1216 2664 1334 2696 prope.
1349 2657 1383 2683 et
1403 2650 1506 2692 paulo
1530 2652 1607 2690 post
1629 2657 1705 2679 con-

990 2699 1155 2742 fidebant.
1183 2704 1278 2729 certo
1316 2696 1460 2728 delenda
1496 2697 1593 2732 sunt3
1633 2690 1705 2722 Ou-

998 2742 1210 2784 dendorpius
1226 2741 1419 2773 dubitanter
1435 2735 1653 2779 significavit,
1666 2745 1706 2766 ea

998 2787 1146 2819 delenda
1163 2786 1283 2818 videti.
1316 2783 1385 2816 Alii
1396 2783 1475 2816 libri
1487 2792 1555 2814 non
1568 2780 1708 2817 habent,

998 2832 1088 2874 quod
1098 2844 1131 2863 se
1140 2842 1244 2873 prope
1253 2844 1262 2862 .·
1277 2829 1323 2861 ab
1334 2827 1414 2860 aliis
1425 2827 1574 2866 abest,se
1582 2836 1706 2868 prope:

997 2875 1059 2908 alii
1070 2886 1132 2917 pro
1145 2875 1356 2916 confidebant
1369 2876 1498 2915 ponunt
1509 2870 1709 2913 sperabant.

991 2921 1080 2953 Haec
1098 2926 1173 2951 sunt
1191 2925 1283 2951 certa
1299 2917 1429 2952 indicia
1449 2915 1633 2950 verborum
1653 2923 1708 2946 as-

997 2971 1180 2998 suetorum.
1204 2965 1255 2997 M.
