1946 3261
610 166 729 214 LIB.
763 165 893 214 VIII.
957 165 1098 214 CAP.
1131 166 1320 213 53—55.
1618 168 1720 211 255

226 294 442 353 legionem
463 295 643 348 remisit,
666 305 711 341 et
732 313 809 341 suo
826 298 998 342 nomine
1016 298 1119 348 XV,
1140 313 1271 356 quam
1289 297 1334 341 in
1355 296 1502 341 Gallia
1521 295 1726 341 citeriore

225 353 454 406 habuerat,
471 373 525 400 ex
549 357 595 399 S.
618 357 670 400 C.
686 357 815 416 jubet
833 358 1011 401 transdi.
1045 357 1096 400 In
1113 358 1203 415 ejus
1220 357 1363 401 locum
1385 357 1498 400 XIII
1512 357 1728 415 legionem

226 414 270 456 in
293 414 465 458 Italiam
486 415 640 466 mittit,
677 434 775 476 quae
796 417 992 477 praesidia
1014 424 1209 464 tueatur,
1245 433 1299 459 ex
1331 418 1491 473 quibus
1520 417 1729 475 praesidiis

226 474 313 516 XV
337 474 656 518 deducebatur.
702 476 801 535 Ipse
823 476 1036 520 exercitui
1057 475 1285 518 distribuit
1303 475 1509 519 hiberna:
1547 476 1601 519 C.
1623 476 1729 518 Tre-

226 533 406 576 bonium
442 551 539 577 cum
580 534 826 593 legionibus
866 544 1056 594 quatuor
1095 535 1139 576 in
1179 534 1336 591 Belgio
1379 536 1576 579 conlocat
1597 551 1606 584 ;
1673 535 1727 578 C.

229 591 415 635 Fabium
448 609 549 636 cum
586 594 770 638 totidem
808 595 852 637 in
889 595 1055 638 AEduos
1086 591 1282 636 deducit.
1348 594 1420 636 Sic
1443 595 1558 638 enim
1587 595 1731 637 existi-

227 651 390 702 mabat,
414 653 675 696 tutissimam
695 653 788 696 fore
821 654 1029 704 Galliam,
1059 653 1094 696 si
1123 651 1289 710 Belgae,
1325 668 1513 709 quorum
1545 654 1732 696 maxima

225 709 383 760 virtus,
406 720 452 753 et
473 710 626 762 AEdui,
649 728 837 771 quorum
858 714 1096 756 auctoritas
1115 727 1281 755 summa
1309 720 1436 761 esset,
1468 713 1732 756 exercitibus

229 770 575 813 continerentur.
640 771 740 830 Ipse
761 773 804 814 in
828 772 1002 816 Italiam
1024 772 1252 832 profectus
1269 779 1349 814 est.

288 828 358 871 55.
402 830 503 879 Quo
544 846 682 889 quum
724 831 926 882 venisset,
967 831 1204 891 cognoscit,
1242 845 1322 889 per
1366 830 1418 873 C.
1468 829 1732 873 Marcellum

231 889 483 939 Consulem,
506 888 700 947 legiones
727 890 852 941 duas,
885 891 943 934 ab
962 908 1005 934 se
1028 890 1235 940 remissas,
1258 906 1357 948 quae
1378 905 1430 932 ex
1453 889 1498 931 S.
1525 890 1576 932 C.
1601 888 1733 932 debe-

227 957 327 991 rent
344 947 401 991 ad
422 948 676 993 Parthicum
694 950 862 993 bellum
875 950 992 1000 duci,
1015 951 1097 993 Cn.
1122 949 1333 1008 Pompeio
1351 948 1582 992 transditas
1601 957 1736 1006 atque

228 1008 272 1051 in
306 1007 435 1051 Italia
466 1016 659 1052 retentas
692 1026 796 1053 esse.
864 1010 963 1053 Hoc
1004 1010 1139 1059 facto,
1178 1024 1443 1068 quamquam
1487 1008 1598 1051 nulli
1640 1018 1736 1051 erat

226 1067 428 1118 dubium,
458 1068 666 1126 quidnam
698 1078 851 1113 contra
885 1069 1098 1113 Caesarem
1128 1078 1378 1128 pararetur,
1413 1076 1557 1111 tamen
1590 1068 1736 1111 Caesar

229 1127 374 1171 omnia
393 1127 600 1187 patienda
631 1145 720 1172 esse
749 1128 923 1178 statuit,
958 1129 1103 1187 quoad
1130 1128 1210 1171 sibi
1232 1144 1328 1187 spes
1349 1128 1496 1185 aliqua
1518 1127 1736 1185 relinque-

229 1197 371 1289 {etigr⁹
400 1188 498 1247 jure
532 1188 680 1248 potius
711 1188 999 1248 disceptandi,
1036 1205 1166 1248 quam
1208 1188 1314 1233 belli
1353 1187 1553 1247 gerundi.
1620 1188 1737 1230 Con-

253 1262 306 1290 en
341 1255 390 1290 lt.

233 1385 326 1410 esse:
358 1382 458 1418 atque
474 1375 618 1408 verbum
635 1386 773 1410 morum
796 1376 951 1419 profecto

237 1432 304 1454 non
322 1427 373 1453 est
389 1421 434 1453 ab
452 1421 580 1452 Hirtio.
606 1422 656 1452 M.

285 1468 328 1498 Et
345 1476 402 1498 suo
425 1467 570 1497 nomine.
620 1465 747 1507 Vulgo,
773 1471 804 1497 et
825 1477 867 1497 ea:
893 1476 953 1498 suo

237 1522 393 1549 numero,
421 1521 495 1552 quae
526 1515 577 1541 est
597 1520 692 1541 mera
710 1510 953 1552 interpretatio.

284 1601 458 1633 Exercimi
473 1598 596 1631 distrib.
616 1598 767 1630 hibema.
795 1598 878 1636 Alii,
894 1610 951 1630 aa·

238 1648 378 1679 ercitum
394 1643 519 1676 distrib-
531 1653 594 1684 per
611 1642 677 1673 ln‘b.
723 1642 787 1674 Sed
803 1642 838 1673 hi
855 1644 955 1675 volu-

238 1696 335 1723 erunt
380 1686 596 1720 usitatiorem
635 1686 790 1728 syntaxin
830 1688 956 1720 substi-

238 1742 333 1768 tuere
350 1732 479 1765 rariori.
505 1732 555 1762 M.

288 1781 325 1811 Se'
346 1779 467 1818 Belqoe.
492 1776 513 1807 i.
532 1786 563 1807 e.
579 1778 607 1807 si
627 1776 795 1816 Belqium.

291 1823 618 1856 Trou-salitas-essa
678 1821 746 1853 Dio
777 1822 876 1854 Cass.
902 1824 957 1862 40,

291 1913 387 1946 Nulli
396 1916 467 1944 erae
478 1910 635 1942 dubium.
665 1910 725 1943 alii
740 1912 835 1944 nullo
847 1911 960 1955 ἀρχαϊ-

241 1974 309 1994 κως.

292 2002 465 2039 Quidnam
504 2005 701 2041 paramur.
764 1999 818 2032 Sic
861 2001 960 2032 codd.

245 2046 403 2080 Oudend.
441 2055 566 2085 magno
605 2054 768 2076 numero:
816 2046 962 2083 vulfrani,

246 2095 328 2136 quin
359 2100 462 2123 arma
489 2100 517 2120 c.
545 2090 581 2120 C.
602 2095 826 2131 pararentur,
851 2101 963 2121 rursus

245 2143 297 2170 est
308 2132 506 2177 explicatio,
532 2133 583 2164 M.

296 2179 479 2213 Contendit.
510 2178 586 2209 Hoc
604 2177 745 2209 verbum
760 2177 793 2209 in
806 2177 962 2219 pluribus

247 2232 283 2259 et
295 2223 500 2267 quibusdam
518 2221 617 2253 bonae
642 2228 728 2254 notae
751 2223 850 2254 codd.
868 2222 962 2260 addi,

249 2272 283 2303 in
303 2281 369 2302 uno
386 2278 465 2299 vcro
482 2266 587 2298 etiam
612 2267 787 2299 Contendit
808 2268 963 2309 quadam

249 2322 394 2356 utraque
426 2313 479 2345 die
505 2311 664 2353 futurum
702 2311 786 2354 legi,
823 2316 963 2344 testatur

1024 1378 1114 1409 Oud.
1127 1381 1160 1408 et
1175 1376 1294 1408 deesse
1309 1375 1363 1407 hic
1378 1375 1541 1407 nonnulla
1553 1374 1739 1407 existimat.

1023 1422 1071 1452 Ac
1106 1421 1258 1462 profecto
1284 1420 1418 1452 videtur
1445 1419 1578 1451 Hirtius
1606 1420 1650 1451 ad
1680 1419 1740 1450 ina

1023 1476 1130 1507 usque
1144 1472 1299 1506 tempora
1316 1463 1472 1506 progredi
1490 1463 1739 1505 voluisse,qui-

1024 1511 1088 1541 bus
1117 1509 1229 1541 evenit
1265 1509 1314 1547 id,
1347 1509 1439 1550 quod
1479 1507 1617 1540 ineunte
1648 1508 1737 1540 libro

1024 1554 1134 1596 primo
1150 1555 1191 1585 de
1206 1552 1304 1585 civili
1319 1553 1412 1585 bello
1425 1559 1584 1584 narratur.
1628 1552 1740 1590 Certe,

1022 1605 1057 1630 ut
1070 1608 1157 1629 nunc
1172 1598 1298 1638 legitur
1310 1597 1390 1629 libri
1403 1597 1498 1629 illius
1512 1597 1658 1633 initium,
1671 1607 1738 1628 non

1022 1643 1174 1674 cohaeret
1192 1642 1292 1684 plane
1309 1652 1389 1672 cum
1407 1642 1506 1683 hujus
1523 1641 1602 1673 libri
1627 1641 1739 1673 verbis

1023 1692 1058 1719 et
1083 1686 1184 1719 rebus
1209 1686 1350 1718 ultimis.
1398 1686 1480 1721 Res.
1505 1696 1580 1727 quae
1607 1687 1740 1725 desunt,

1024 1742 1066 1763 ex
1079 1731 1238 1773 Appiano
1255 1735 1287 1767 2,
1306 1734 1359 1763 32.
1378 1730 1480 1762 facile
1494 1735 1637 1771 possunt
1648 1730 1741 1762 addi.

1028 1776 1166 1808 Scilicet
1181 1776 1305 1814 Caesar,
1328 1775 1386 1817 qui
1401 1776 1470 1816 jain
1492 1774 1523 1806 in
1541 1774 1638 1807 ltalia
1659 1781 1740 1813 emt,

1024 1832 1088 1864 per
1112 1822 1237 1853 litterae
1264 1820 1425 1852 contendit
1455 1820 1498 1851 ab
1533 1822 1670 1855 Senatu,
1706 1825 1742 1850 u!

1026 1868 1127 1897 etiam
1146 1867 1326 1907 Pompeias
1347 1875 1380 1895 se
1402 1866 1535 1906 impmv'o
1558 1865 1743 1899 abdicaret,

1028 1922 1129 1951 seque
1161 1911 1248 1941 idem
1268 1910 1447 1950 farturum
1473 1911 1652 1950 promisil;
1689 1911 1741 1939 sin

1029 1959 1143 1986 minus·
1157 1966 1189 1986 se
1205 1965 1311 1994 noque
1326 1954 1399 1987 xibt',
1422 1964 1526 1994 neque
1546 1955 1666 1994 patriae
1685 1953 1742 1983 (Ie-

1019 2000 1190 2041 sururum.
1237 1998 1315 2038 Jani
1339 1997 1487 2028 cohaeret
1509 1996 1642 2028 initium
1665 1996 1742 2028 libri

1030 2043 1134 2085 primi
1146 2044 1186 2074 de
1203 2043 1298 2074 bello
1311 2041 1405 2073 civili
1421 2054 1428 2072 :
1449 2042 1583 2073 Litteris
1601 2044 1742 2073 Caesaris

1029 2089 1218 2120 consulibus
1242 2088 1434 2118 redditis-—.
1482 2087 1565 2117 llaec
1587 2097 1666 2127 ergo
1691 2092 1743 2117 est

1031 2143 1141 2164 rerum
1164 2131 1283 2169 series,
1306 2141 1414 2172 neque
1443 2141 1531 2172 opus
1559 2130 1634 2168 erit,
1665 2141 1741 2162 cum

1033 2177 1160 2208 Vossio
1177 2182 1211 2207 et
1227 2175 1438 2216 Glandorpio
1453 2174 1662 2213 existimare,
1678 2175 1742 2206 ini-

1029 2221 1115 2252 tium
1133 2220 1212 2252 libri
1230 2219 1330 2261 primi
1349 2221 1391 2251 de
1408 2220 1500 2251 bello
1511 2218 1742 2251 civilideesse.

1030 2267 1082 2297 M.
1128 2266 1219 2297 Bene
1242 2265 1274 2296 id
1300 2265 1576 2306 supplementum
1600 2274 1744 2296 concor-

1030 2311 1087 2342 dat
1104 2321 1182 2343 cum
1196 2309 1294 2342 initio
1310 2309 1351 2341 L.
1368 2310 1392 2341 1.
1409 2310 1451 2341 de
1469 2309 1562 2342 bello
1578 2308 1682 2341 civili.
