1992 3271
662 159 778 210 LIB.
811 159 849 202 I.
912 160 1050 203 CAP.
1088 159 1271 203 12-14.
1646 161 1691 205 ll

225 301 371 338 avum,
394 286 444 330 L.
467 287 663 332 Pisonem
684 288 892 346 legatum,
913 287 1114 345 Tigurini
1131 287 1279 330 eodem
1296 285 1470 346 proelio,
1488 302 1576 345 quo
1596 286 1697 330 Cas-

224 346 350 396 sium,
373 347 687 390 interfecerant.

289 406 353 448 13.
382 406 479 449 Hoc
501 407 656 464 proelio
678 406 808 454 facto,
829 406 1016 463 reliquas
1037 404 1181 462 copias
1205 405 1508 449 Helvetiorum
1529 413 1579 447 ut
1600 420 1697 447 con-

224 464 345 521 sequi
384 474 541 523 posset,
580 474 756 522 pontem
795 465 839 507 in
878 463 1008 506 Arari
1037 463 1284 504 faciundum
1316 474 1440 506 curat
1472 472 1603 521 atque
1637 463 1698 505 ita

225 523 462 565 exercitum
482 524 733 565 transducit.
799 522 1007 570 Helvetii,
1026 521 1252 578 repentino
1269 522 1358 578 ejus
1379 523 1564 564 adventu
1585 538 1698 564 com-

225 582 349 630 moti,
367 596 503 639 quum
521 581 578 629 id,
601 582 720 638 quod
740 580 822 638 ipsi
838 581 988 622 diebus
1005 579 1160 637 viginti
1177 580 1397 636 aegerrime
1414 581 1699 630 confecerant,

224 647 276 679 ut
315 639 474 681 flumen
513 639 761 687 transirent,
805 655 890 682 uno
932 639 1056 680 illum
1095 638 1163 680 die
1200 638 1344 679 fecisse
1384 638 1700 696 intellegerent,

224 696 389 753 legatos
424 698 478 739 ad
514 713 613 739 eum
648 698 852 740 mittunt:
897 697 1018 754 cujus
1053 696 1279 752 legationis
1313 696 1469 738 Divico
1500 699 1702 755 princeps

223 754 323 805 fuit,
346 757 422 814 qui
440 756 556 798 bello
576 756 777 798 Cassiano
805 757 894 798 dux
918 756 1219 798 Helvetiorum
1242 755 1398 797 fuerat.
1462 754 1503 796 Is
1524 755 1584 796 ita
1604 772 1703 798 cum

228 813 397 857 Caesare
427 815 539 872 agit:
576 822 603 841 ‘⁶
626 816 674 857 Si
708 831 857 873 pacem
892 815 1088 873 Populus
1118 813 1338 856 Romanus
1366 829 1463 855 cum
1490 813 1703 856 Helvetiis

227 879 255 897 ‘⁶
279 873 453 923 faceret,
489 874 532 916 in
561 890 653 915 eam
676 883 845 932 partem
866 874 1004 916 ituros
1024 882 1156 930 atque
1185 873 1245 913 ibi
1268 873 1438 914 futuros
1463 871 1703 922 Helvetios,

227 937 256 956 “
279 931 356 973 ubi
386 949 457 975 eos
487 933 631 975 Caesar
655 933 944 975 constituisset
971 941 1104 989 atque
1133 947 1218 972 esse
1239 931 1465 973 voluisset:
1500 933 1564 972 sin
1586 931 1703 974 bello

228 997 256 1015 ‘⁵
280 991 481 1048 persequi
505 1000 814 1049 perseveraret,
838 991 1183 1033 reminisceretur
1204 999 1247 1031 et
1268 989 1426 1031 veteris
1447 988 1706 1032 incommodi

228 1055 256 1074 “
282 1050 443 1108 Populi
476 1049 660 1092 Romani
693 1059 736 1092 et
767 1050 959 1105 pristinae
984 1048 1161 1089 virtutis
1192 1046 1511 1089 Helvetiorum.
1576 1048 1708 1096 Quod

227 1114 256 1133 ‘⁶
279 1109 500 1166 inproviso
528 1125 662 1151 unum
684 1121 847 1164 pagum
881 1105 1060 1147 adortus
1080 1112 1203 1152 esset,
1227 1121 1363 1162 quum
1382 1105 1427 1154 ii,
1451 1105 1526 1162 qui
1549 1106 1708 1149 flumen

228 1174 256 1192 ‘⁶
280 1168 543 1215 transissent,
563 1168 647 1207 suis
664 1164 873 1206 auxilium
895 1164 1007 1205 ferre
1029 1178 1114 1205 non
1136 1171 1325 1221 possent,
1354 1179 1405 1206 ne
1427 1164 1485 1206 ob
1502 1180 1594 1206 eam
1616 1180 1709 1207 rem

228 1232 257 1251 ‘⁶
281 1235 357 1268 aut
377 1241 463 1268 suae
480 1239 636 1281 magno
653 1239 784 1281 opere
805 1223 962 1265 virtuti
984 1222 1200 1264 tribueret
1221 1230 1297 1263 aut
1315 1222 1428 1280 ipsos
1444 1223 1705 1280 despiceret:

228 1291 258 1310 ‘⁶
281 1301 323 1327 se
344 1285 405 1327 ita
426 1300 450 1325 a
474 1282 674 1340 patribus
697 1282 1021 1339 majoribusque
1045 1280 1131 1322 suis
1153 1281 1364 1330 didicisse,
1394 1290 1445 1323 ut
1465 1283 1601 1340 magis
1622 1282 1708 1324 vir-

229 1350 258 1369 “
282 1351 393 1392 tute,
412 1357 542 1399 quam
557 1340 659 1382 dolo
676 1340 982 1383 contenderent
999 1348 1075 1381 aut
1092 1339 1253 1382 insidiis
1269 1339 1527 1382 niterentur.
1564 1341 1709 1390 Quare

229 1409 258 1428 ‘⁶
281 1417 334 1443 ne
354 1400 659 1448 committeret,
682 1408 732 1441 ut
754 1399 787 1440 is
807 1398 943 1447 locus,
968 1397 1045 1439 ubi
1067 1398 1371 1447 constitissent,
1393 1414 1446 1440 ex
1466 1399 1710 1441 calamitate

228 1467 258 1487 “
286 1459 445 1518 Populi
476 1458 661 1500 Romani
698 1465 741 1499 et
774 1457 1062 1499 internecione
1094 1456 1306 1498 exercitus
1343 1472 1497 1499 nomen
1535 1465 1710 1515 caperet

229 1526 258 1546 ‘⁶
281 1527 358 1561 aut
379 1517 627 1561 memoriam
650 1516 897 1573 proderet.'’

292 1578 356 1619 14.
394 1576 475 1618 His
497 1574 642 1616 Caesar
664 1574 724 1616 ita
746 1573 987 1632 respondit:
1024 1579 1053 1598 ‘⁴
1074 1572 1139 1614 Eo
1160 1572 1243 1614 sibi
1264 1572 1404 1614 minus
1424 1572 1711 1618 dubitationis

230 1642 258 1662 “
280 1635 390 1684 dari,
424 1633 542 1692 quod
568 1649 635 1675 eas
657 1648 739 1682 res,
774 1648 879 1691 quas
909 1631 1041 1689 legati
1066 1630 1259 1673 Helvetii
1293 1641 1711 1682 commemorassent,

229 1702 257 1721 “
280 1694 485 1737 memoria
506 1701 693 1734 teneret:
726 1700 858 1748 atque
879 1708 929 1733 eo
948 1690 1122 1749 gravius
1140 1690 1268 1739 ferre,
1288 1706 1376 1747 quo
1399 1689 1538 1732 minus
1556 1691 1712 1734 merito

228 1761 257 1780 ‘⁶
284 1752 444 1811 Populi
463 1751 647 1794 Romani
664 1750 930 1793 accidissent:
966 1749 1043 1807 qui
1064 1749 1098 1790 si
1119 1748 1300 1806 alicujus
1322 1748 1488 1806 injuriae
1505 1749 1587 1791 sibi
1607 1765 1714 1792 con-

229 1820 258 1840 “
280 1812 390 1854 scius
420 1811 583 1860 fuisset,
614 1826 699 1852 non
728 1809 855 1851 fuisse
883 1808 1055 1850 difficile
1083 1822 1256 1856 canere;
1292 1807 1364 1849 sed
1385 1824 1435 1850 eo
1454 1808 1711 1866 deceptum,

230 1879 259 1899 ‘⁶
283 1870 402 1929 quod
434 1884 572 1927 neque
606 1869 877 1911 commissum
909 1883 932 1909 a
958 1884 1000 1909 se
1028 1866 1316 1925 intellegeret,
1347 1882 1481 1924 quare
1514 1867 1709 1918 timeret;

230 1938 259 1957 “
283 1945 422 1988 neque
443 1929 530 1971 sine
552 1943 697 1970 caussa
720 1927 957 1969 timendum
975 1934 1167 1984 putaret.
1232 1925 1360 1974 Quod
1381 1925 1415 1967 si
1436 1926 1594 1968 veteris
1611 1941 1710 1968 con-

230 1997 259 2017 “
283 1988 472 2031 tumeliae
494 1986 690 2030 oblivisci
712 1986 864 2035 vellet.;
896 2002 999 2028 num
1020 1984 1149 2026 etiam
1170 1984 1407 2026 recentium
1435 1984 1710 2041 injuriarum,

230 2056 260 2076 ‘⁶
284 2047 402 2106 quod
433 2063 484 2089 eo
515 2045 651 2088 invito
689 2047 773 2087 iter
802 2061 882 2103 per
917 2044 1190 2087 Provinciam
1223 2058 1302 2100 per
1338 2042 1426 2084 vim
1459 2051 1710 2093 tentassent,

230 2115 260 2134 “
283 2105 401 2164 quod
424 2105 603 2153 AEduos,
627 2104 746 2162 quod
769 2104 1023 2152 Ambarros,
1046 2102 1165 2160 quod
1187 2101 1452 2158 Allobrogas
1472 2110 1710 2152 vexassent,

231 2174 259 2193 ‘⁶
282 2163 532 2207 memoriam
564 2164 779 2221 deponere
812 2167 960 2220 posse?
1014 2161 1144 2210 Quod
1171 2176 1246 2202 sua
1267 2160 1450 2202 victoria
1482 2168 1571 2202 tam
1601 2160 1710 2204 inso-

231 2233 260 2252 “
282 2223 421 2266 lenter
458 2222 766 2280 gloriarentur,
804 2221 1009 2279 quodque
1047 2228 1135 2262 tam
1171 2219 1245 2261 diu
1285 2235 1328 2261 se
1365 2218 1526 2276 inpune
1563 2219 1712 2262 tulisse

232 2291 261 2310 “
284 2281 459 2340 injurias
498 2281 831 2328 admirarentur,
865 2280 1013 2322 eodem
1052 2278 1288 2336 pertinere:
1339 2293 1557 2320 consuesse
1596 2278 1710 2320 enim

234 2351 262 2370 “
288 2342 403 2384 Deos
436 2340 714 2389 immortales,
748 2355 837 2397 quo
868 2338 1042 2396 gravius
1074 2337 1264 2380 homines
1290 2352 1342 2378 ex
1375 2337 1711 2379 commutatione

281 2444 368 2483 Aqit.
383 2441 439 2474 alii
453 2445 529 2484 eqit.

287 2488 346 2518 Uln'
355 2497 404 2518 eos
420 2489 457 2518 C.
465 2492 563 2518 const.
584 2486 626 2516 'rb
637 2496 687 2518 eos
695 2484 738 2515 ab
748 2483 824 2516 aliis
833 2483 940 2515 abest.

288 2531 406 2562 Vetewis
431 2531 634 2561 incommodi.
688 2530 748 2560 Est
780 2528 853 2569 ipsa
881 2526 939 2559 illa

235 2575 347 2607 clades
361 2572 528 2605 Cassiana.
551 2575 602 2605 M.

282 2619 424 2649 Adortus
435 2623 523 2648 esset.
538 2617 660 2657 μείωσις
676 2627 734 2657 pro
749 2616 908 2657 fugasset.

286 2662 454 2693 Tribuerec
468 2671 515 2691 sc.
529 2660 722 2701 quidquam.
747 2661 797 2690 M.

280 2707 329 2738 Eo
344 2705 681 2741 minnsalubitate'om‘s,
695 2709 805 2734 utrum
820 2713 938 2743 pacem

233 2761 309 2782 cum
342 2747 508 2779 Helvetiis
531 2748 665 2785 faceret,
694 2757 735 2778 an
766 2746 856 2777 bello
880 2758 938 2778 eos

233 2792 387 2836 persequi
403 2792 515 2823 vellet.
541 2792 590 2822 M.

280 2839 396 2879 Legata·
433 2836 583 2868 Helvetii.
627 2835 656 2866 Ε
687 2833 834 2876 margine
864 2835 937 2866 haec

228 2882 330 2913 verba
357 2879 532 2922 inrepsisse
559 2878 644 2910 bene
666 2878 818 2920 judicant
840 2878 938 2911 Ciac-

228 2937 305 2957 con.
321 2930 355 2956 et
371 2925 542 2957 Gruterus.

271 2971 378 3013 Atque
399 2980 434 3002 eo
462 2969 599 3012 ‚qravz'us
620 2967 722 3009 ferre.
768 2966 884 3001 Inserit.
909 2968 934 3000 1.

1004 2438 1043 2470 C.
1060 2439 1106 2470 Π.
1129 2440 1348 2470 calamitatem
1377 2438 1430 2469 vel
1459 2438 1710 2469 incomnwzlum.

1006 2484 1070 2514 Sed
1085 2494 1184 2514 nemo
1200 2489 1264 2521 est,
1281 2482 1338 2523 qui
1353 2493 1417 2513 non
1435 2481 1622 2513 subaudiat.

1052 2528 1254 2559 Accidisaeent..
1276 2527 1319 2558 al.
1342 2527 1513 2558 accidisset.

1052 2572 1240 2602 Ambarros.
1263 2570 1307 2601 cf.
1324 2581 1354 2600 c.
1374 2573 1423 2601 11.
1441 2571 1491 2600 M.

1052 2616 1159 2646 Posce.
1206 2613 1258 2645 Sic
1283 2613 1419 2655 quidem
1442 2613 1542 2644 codd.
1573 2617 1607 2643 et
1630 2617 1710 2644 vett.

1005 2660 1082 2690 edd.
1128 2659 1193 2689 Sed
1223 2658 1324 2698 vulgo
1352 2656 1485 2694 melius,
1510 2662 1624 2697 posset.
1660 2657 1710 2687 M.

1004 2703 1124 2734 Clarke
1140 2701 1281 2732 restituit
1299 2701 1335 2731 τὲ
1345 2711 1445 2742 posse,
1466 2700 1625 2741 probante
1642 2698 1713 2730 Ou-

1004 2747 1102 2777 dend.

1036 2790 1160 2821 Eodem.
1166 2789 1498 2831 partineressamdem
1509 2787 1576 2819 vim
1586 2787 1711 2818 habere

1008 2834 1040 2865 in
1056 2833 1168 2865 animo
1185 2833 1336 2871 Caesaris,
1358 2843 1435 2863 eum
1450 2842 1595 2870 movere,
1614 2842 1655 2863 ne
1671 2831 1711 2862 iis

1004 2889 1122 2921 pacem
1139 2878 1348 2909 concederet.
1372 2877 1422 2908 M.

1053 2924 1124 2957 Quo
1154 2924 1302 2962 mavia-5,
1340 2925 1378 2953 ut
1412 2931 1454 2953 eo
1490 2918 1620 2962 gravius
1652 2920 1712 2951 do*

1005 2966 1106 3000 leant.
1131 2966 1180 3001 M,
