1946 3261
232 165 322 212 504
460 167 517 209 A.
552 163 759 208 HIRTII
791 163 877 208 DE
909 161 1115 206 BELLO
1147 161 1492 208 AFRICANO.

232 292 461 343 contextis,
494 290 818 350 permanebant.
880 288 1054 347 Itaque,
1087 288 1234 332 subito
1264 287 1401 332 imbre
1421 286 1718 348 grandineque

234 360 476 400 consecuta,
512 350 684 408 gravati
712 347 923 407 pondere,
951 348 1142 391 tenebris
1163 363 1363 406 aquaque
1385 363 1529 390 omnes
1549 347 1724 390 subruti

236 410 504 468 disiectique,
537 416 664 451 nocte
685 407 960 467 intempesta,
993 407 1166 465 ignibus
1188 407 1408 449 exstinctis
1432 407 1646 462 rebusque
1664 405 1722 448 ad

236 470 402 514 victum
439 466 759 527 pertinentibus
791 467 989 510 omnibus
1024 466 1258 525 corruptis,
1295 473 1544 523 perbcastra
1564 463 1722 522 passim

236 527 529 585 vagabantur,
576 526 792 583 scutisque
827 526 974 584 capita
1013 525 1318 583 contegebant.
1392 523 1558 566 Eadem
1597 530 1725 565 nocte

237 586 402 645 quintae
419 585 602 643 legionis
622 585 811 643 pilorum
831 583 1051 626 cacumina
1070 599 1148 626 sua
1167 590 1319 641 sponte
1341 589 1555 625 arserunt.

298 644 371 687 48.
405 644 501 701 Rex
522 643 696 687 interim
713 644 741 686 J
747 643 848 691 uba,
870 643 924 685 de
946 643 1137 700 equestri
1158 642 1314 700 proelio
1333 640 1546 699 Scipionis
1563 638 1724 682 certior

238 704 398 753 factus,
426 711 720 760 evocatusque
748 703 805 744 ab
826 702 974 744 eodem
994 701 1168 751 litteris,
1202 699 1409 759 praefecto
1432 699 1604 742 Sabura
1625 713 1724 740 cum

240 770 368 822 parte
389 762 604 804 exercitus
625 769 776 803 contra
799 760 957 803 Sitium
990 760 1156 813 relicto,
1188 768 1239 801 ut
1270 775 1412 801 secum
1443 758 1533 815 ipse
1559 755 1727 814 aliquid

241 821 517 865 auctoritatis
551 819 729 862 adderet
750 818 960 862 exercitui
982 819 1195 876 Scipionis
1215 817 1269 860 ad
1291 826 1504 859 terrorem
1524 814 1722 864 Caesaris,

241 897 341 923 cum
363 879 501 922 tribus
520 878 764 937 legionibus
785 878 1094 936 equitibusque
1114 876 1290 919 frenatis
1324 874 1597 933 octingentis,
1631 874 1725 915 Nu-

240 938 367 983 midis
386 938 475 980 sine
492 938 638 986 frenis,
660 936 968 995 peditibusque
987 936 1093 979 levis
1113 944 1341 978 armaturae
1357 932 1512 992 grandi
1531 946 1726 984 numero,

240 996 568 1054 elephantisque
605 996 786 1053 triglnta
818 1011 1012 1053 egressus
1047 1012 1071 1037 e
1108 1009 1258 1051 regno,
1292 993 1346 1036 ad
1386 992 1634 1049 Scipionem
1663 998 1729 1032 est

243 1055 483 1115 profectus.

549 1055 785 1111 Postquam
806 1055 860 1096 ad
881 1070 979 1096 eum
1001 1054 1215 1112 pervenit,
1246 1052 1394 1095 castris
1432 1050 1582 1107 Regiis
1613 1064 1726 1092 seor-

242 1131 340 1158 sum
376 1113 541 1172 positis‚
578 1129 677 1155 cum
703 1113 762 1154 eis
797 1112 947 1171 copiis,
975 1128 1083 1169 quas
1119 1110 1465 1158 commemoravi,
1507 1108 1623 1151 haud
1665 1107 1728 1149 ita

244 1173 375 1231 longe
392 1189 417 1214 a
439 1171 643 1229 Scipione
666 1171 872 1214 consedit.

935 1171 1063 1227 (Erat
1084 1170 1127 1212 in
1148 1171 1296 1213 castris
1315 1168 1492 1212 Caesaris
1515 1166 1727 1225 superiori

244 1239 442 1288 tempore
474 1244 656 1287 magnus
691 1238 863 1280 terror3
893 1239 955 1281 et,
991 1229 1309 1288 exspectatione
1339 1227 1563 1284 copiarum
1596 1224 1727 1282 Regi-

247 1362 423 1397 fasciculis
449 1362 544 1395 illius
570 1363 661 1394 rusci
687 1374 766 1395 usos
782 1363 824 1394 ad
840 1363 955 1394 differ-

248 1408 388 1439 ciendas
410 1413 467 1438 aut
497 1407 732 1438 revinciendas
762 1407 954 1439 arundines.

248 1452 316 1484 Sed
334 1451 429 1492 plura
455 1450 511 1483 hic
536 1451 753 1492 dispicienda
780 1457 890 1482 essent
911 1452 953 1482 de

249 1496 324 1527 solo
350 1494 456 1526 natali
487 1501 520 1526 et
550 1495 780 1537 magnitudine
819 1496 956 1536 plantae,

249 1545 433 1580 antequam
465 1539 596 1580 aliquid
622 1550 700 1571 cum
733 1540 850 1581 specie
883 1539 956 1570 veri

250 1582 320 1615 dici
334 1587 458 1624 posset.
477 1584 743 1624 Adquiescamus
753 1594 833 1624 ergo
845 1583 957 1624 Lipsii

251 1627 446 1668 conjectura
461 1632 494 1657 et
510 1628 679 1668 exemplo,
710 1629 801 1668 quod
817 1638 835 1658 e
856 1626 957 1657 Livio

252 1670 394 1712 protuli.
416 1670 467 1700 M.
513 1670 656 1701 Salmas.
671 1672 714 1701 ad
743 1671 957 1712 Spanianum

255 1715 361 1746 Hadt.
380 1715 430 1745 10.
457 1714 659 1745 emendabat
673 1717 783 1756 topiis,
809 1716 864 1745 sed
883 1715 956 1746 haec

253 1769 297 1789 ex
323 1757 523 1799 elegantiori
561 1758 734 1789 hortorum
764 1760 856 1789 cultu
891 1758 956 1789 huc

253 1802 430 1833 transferre
460 1801 546 1833 nihil
575 1802 715 1833 adtinet.
761 1801 830 1833 Sub
858 1805 961 1843 scopi-s·

255 1846 459 1877 Hammerus
476 1851 602 1883 noster,
618 1846 670 1876 vir
683 1846 845 1883 eruditus,
863 1852 961 1876 natu-

253 1889 336 1921 ralis
355 1888 505 1920 historiae
522 1889 706 1927 Professor,
730 1890 874 1927 frondes,
890 1900 960 1920 sur-

255 1934 366 1971 culos,
381 1938 556 1972 sarmenta,
572 1933 728 1974 virgulta,
753 1933 892 1964 ramalia
910 1933 961 1964 in-

253 1977 365 2018 telligi
384 1982 548 2009 autumat.

302 2023 564 2054 permanebant.
588 2021 840 2062 pernoctabant.

305 2065 436 2106 Itaque,
465 2066 620 2096 subito—
636 2070 727 2097 nocte
747 2082 802 2096 —.
833 2064 963 2096 Milites

258 2118 327 2140 non
341 2108 411 2139 dici
431 2115 567 2149 possunt
582 2109 725 2148 subruti.
757 2109 841 2140 Sunt
857 2116 890 2139 et
905 2119 963 2139 va—

257 2153 315 2186 riae
331 2152 508 2191 lectiones,
523 2152 627 2183 veluti
642 2159 787 2193 gravata
798 2154 964 2184 —omm'a

258 2196 400 2228 subruta
442 2197 654 2236 disjectaque,
682 2202 719 2227 ut
746 2197 787 2227 ad
821 2195 963 2227 tentoria

257 2240 439 2272 referatur:
463 2239 568 2270 bene:
593 2249 679 2270 unus
692 2240 794 2271 habet
810 2242 964 2272 tenebra-

259 2294 356 2316 rum.-
380 2293 468 2314 unus
482 2293 698 2324 aquamque.-
723 2295 781 2324 pro
798 2295 909 2315 omues
928 2283 963 2315 in

260 2327 371 2360 tribus
397 2333 447 2358 est
475 2328 536 2358 vec.
581 2326 671 2367 Ergo
700 2327 802 2359 facile
822 2328 961 2368 quidem

260 2373 412 2413 adparet,
437 2370 578 2402 tentoria
603 2376 738 2411 gravata
763 2378 795 2403 et
822 2372 963 2403 subruta

261 2422 295 2448 et
310 2415 455 2456 disjecta
469 2425 541 2446 esse
558 2415 706 2456 pondere
729 2420 761 2445 et
781 2426 880 2456 aqua,
898 2416 964 2447 mi-

260 2460 406 2501 litesque
428 2458 549 2490 misere
585 2458 860 2490 circumerrasse:
905 2461 963 2491 sed

264 2504 341 2546 ipsa
358 2503 463 2534 verba
478 2502 666 2543 scriptoris,
693 2502 767 2544 ipsa
782 2503 886 2534 series
906 2515 963 2544 pc-

262 2547 350 2580 riodi
368 2553 401 2578 et
414 2546 563 2588 syntaxis
574 2557 640 2577 non
656 2552 799 2578 constat.
830 2547 963 2579 Potuis-

265 2597 317 2624 set
341 2591 387 2623 ita
405 2591 565 2629 scribere,
591 2597 626 2621 ut
644 2590 731 2622 Oud.
756 2591 961 2632 suspicatur:

266 2637 445 2677 Itaque—
460 2637 614 2677 gyrat-atis
638 2635 784 2676 pondere
809 2638 966 2675 tentoriis,

263 2689 503 2721 aquarumque
523 2681 556 2710 vi
578 2680 725 2711 subrutis
749 2679 964 2720 disjectaque,

263 2733 375 2754 omnes
387 2729 532 2755 nocte—
544 2735 554 2755 .·
576 2733 618 2754 an
635 2723 682 2754 ita
698 2722 881 2764 scripserit,
905 2724 966 2753 du-

262 2765 432 2798 biumest.
458 2768 508 2798 M.

314 2811 426 2841 Subito
443 2812 557 2841 imbre.
590 2810 655 2842 Ed.
669 2817 735 2842 vet.
750 2812 874 2842 nimbo.
890 2810 967 2842 Cel-

266 2864 323 2886 sus
337 2854 467 2887 nimbus
485 2855 618 2898 lapideo
633 2856 736 2888 imbre
757 2854 895 2895 diffusus
910 2861 967 2889 est.

1066 1364 1221 1396 pilorum
1244 1364 1425 1395 cacumina
1445 1366 1613 1394 arserunt.
1648 1360 1728 1392 Fre-

1020 1418 1127 1449 quens
1160 1408 1260 1448 hujus
1288 1406 1447 1438 miraculi
1474 1406 1603 1438 mentio
1635 1405 1727 1447 apud

1022 1458 1162 1483 veteres.
1227 1451 1267 1481 V.
1300 1451 1378 1482 Liv.
1408 1454 1463 1488 92,
1494 1453 1548 1481 25.
1587 1451 1639 1486 33,
1671 1450 1724 1480 26.

1022 1495 1150 1527 Seneca
1167 1495 1242 1526 Nat.
1259 1494 1302 1532 Q.
1321 1496 1348 1533 l,
1364 1497 1389 1525 l.
1411 1493 1592 1526 Rationem
1606 1492 1725 1535 physi-

1022 1550 1097 1571 cam
1113 1550 1200 1571 nunc
1217 1539 1339 1579 vulgus
1355 1538 1462 1569 novit.

1071 1587 1195 1616 Contra
1210 1585 1344 1615 sitium.
1369 1582 1422 1623 Cf.
1438 1592 1468 1613 c.
1482 1585 1535 1613 25.
1559 1582 1609 1613 M.

1077 1630 1115 1659 Ut
1140 1638 1252 1659 secum
1268 1644 1312 1649 —
1337 1629 1491 1659 Caesaris.
1538 1624 1591 1656 Sic
1618 1623 1730 1656 edidit

1025 1672 1115 1703 Oud.
1131 1683 1206 1712 quae
1222 1670 1284 1701 etsi
1306 1676 1356 1701 est
1379 1670 1481 1702 lectio
1499 1679 1606 1710 neque
1625 1674 1729 1707 certa,

1025 1717 1117 1755 (nam
1143 1718 1209 1756 ipse
1233 1715 1330 1746 abest
1357 1725 1377 1746 a
1402 1713 1520 1745 codice
1546 1713 1659 1751 bono;
1692 1712 1726 1743 in

1025 1759 1110 1796 alio,
1125 1765 1158 1789 et
1175 1759 1248 1799 ipso
1267 1758 1370 1796 bono,
1388 1759 1435 1789 ad
1455 1762 1617 1788 terrorem
1642 1756 1727 1797 legi-

1026 1809 1100 1840 tur;
1128 1802 1161 1833 in
1178 1802 1283 1833 tribus
1299 1812 1365 1833 non
1382 1799 1572 1841 optimisac
1585 1801 1727 1835 terrore)

1026 1856 1134 1887 neque
1152 1845 1352 1887 perspicua;
1375 1851 1486 1876 tamen
1503 1843 1552 1874 vir
1569 1843 1625 1874 ille
1647 1844 1727 1874 doc-

1025 1896 1078 1921 tus
1107 1890 1213 1921 multo
1241 1889 1387 1929 pressius
1414 1893 1548 1919 secutus
1568 1894 1618 1918 est
1631 1887 1728 1918 codi-

1027 1944 1105 1965 cum
1132 1933 1286 1974 vcstigia,
1311 1943 1411 1973 quam
1440 1930 1541 1962 ceteri
1566 1931 1729 1970 editores,

1027 1978 1086 2019 qui
1112 1977 1203 2008 varie
1230 1976 1465 2017 interpolando
1496 1975 1581 2006 hanc
1612 1975 1730 2006 lectio-

1027 2032 1104 2053 nem
1124 2022 1366 2062 procuderant:
1390 2026 1427 2052 ut
1448 2022 1507 2057 sic,
1532 2029 1640 2061 quum
1663 2021 1731 2060 ipse

1028 2066 1162 2107 aliquid
1178 2067 1385 2096 auctoritatis
1410 2063 1552 2101 haberet,
1568 2066 1731 2095 exercitus

1031 2112 1159 2151 Scipion
1166 2111 1190 2139 is
1203 2120 1223 2139 a
1233 2114 1360 2140 terrore
1371 2109 1513 2139 Caesam‘s
1521 2107 1732 2145 liberaretur,

1029 2164 1107 2184 cum
1122 2153 1228 2184 tribus
1251 2169 1305 2183 —.
1334 2152 1486 2183 Fortasse
1503 2150 1570 2192 legi
1585 2150 1730 2192 poterit:

1028 2203 1064 2229 ut
1078 2208 1189 2229 secum
1200 2196 1332 2237 aliquid
1348 2197 1554 2227 auctoritatis
1566 2195 1733 2226 accederet

1022 2242 1181 2274 exercitui
1188 2242 1348 2281 Scipionis
1356 2239 1401 2270 acl
1411 2243 1570 2270 terrorem
1580 2240 1735 2270 Coesam's.

1027 2287 1079 2317 M.
1089 2285 1214 2315 Saltem
1221 2285 1266 2315 ad
1276 2282 1678 2316 terroremrestituendum
1684 2287 1737 2314 est

1028 2340 1069 2360 ex
1085 2330 1160 2359 cod.
1176 2328 1274 2360 Leid.
1295 2331 1322 2358 l.
1336 2328 1427 2368 quod
1443 2334 1475 2358 et
1487 2325 1728 2367 Oudendorpio

1029 2373 1153 2409 visum,
1167 2372 1229 2403 etsi
1246 2371 1394 2403 servarit.
1409 2381 1452 2402 ac
1467 2376 1640 2408 terrorem,
1670 2369 1730 2401 ubi

1029 2418 1128 2448 credo
1145 2416 1321 2457 legendum
1335 2415 1406 2446 fore
1423 2416 1640 2452 Caesar-imon
1658 2415 1731 2446 Cae-

1027 2463 1126 2493 saris.
1151 2461 1240 2491 Istud
1256 2460 1457 2491 liberaretur
1477 2457 1610 2489 intrusit
1624 2457 1731 2489 Bero-

1028 2505 1124 2536 aldus
1136 2504 1178 2535 ad
1191 2514 1325 2535 sensum
1340 2503 1598 2543 complendum.

1077 2549 1170 2580 Levis
1185 2553 1382 2579 armaturae.
1421 2547 1497 2577 Hoc
1517 2545 1603 2576 Oud.
1618 2556 1638 2576 e
1651 2545 1728 2578 cod.

1030 2591 1172 2624 Norvic.
1195 2591 1247 2622 Cf.
1263 2602 1294 2622 c.
1310 2593 1360 2622 14.
1376 2593 1428 2622 59.
1447 2592 1498 2621 69.
1525 2589 1635 2631 Vulgo
1648 2593 1729 2631 ejus.

1027 2637 1121 2668 nullo
1136 2645 1246 2667 sensu.

1078 2682 1226 2712 Coesaris.
1271 2680 1309 2711 ln
1339 2680 1439 2710 codd.
1468 2676 1673 2720 quibusdam
1697 2681 1731 2708 et

1032 2725 1109 2756 edd.
1127 2730 1192 2755 vet.
1210 2724 1298 2755 male
1318 2725 1491 2765 Scipionis.

1079 2770 1135 2805 Et,
1154 2769 1388 2809 e.cspectatiorae
1397 2784 1440 2789 -—
1453 2765 1729 2798 commovebatur.

1032 2812 1143 2854 Hujus
1157 2822 1295 2853 quoque
1321 2811 1387 2842 loci
1411 2810 1577 2852 scriptura
1601 2815 1730 2849 pertur-

1031 2856 1111 2889 bata
1137 2862 1199 2889 est.
1243 2855 1401 2898 Legerim
1416 2856 1523 2889 ductu
1546 2853 1705 2887 codicum
1720 2864 1730 2884 ι
