1946 3261
219 213 298 258 196
619 213 704 258 DE
738 212 942 257 BELLO
975 211 1284 257 GALLICo.·

212 339 484 383 Conantibus
498 337 698 383 auxiliari
711 341 812 392 suis,
833 349 862 369 ‘⁶
877 341 1099 395 Frustra‚”
1126 341 1286 399 inquit,
1310 348 1339 368 ‘⁶
1358 355 1463 384 meae
1482 339 1582 383 vitae
1593 340 1693 384 sub-

213 405 246 425 “
269 398 415 442 venire
437 399 664 449 conamini,
681 416 813 458 quem
821 401 909 460 jam
931 400 1102 459 sanguis
1122 401 1323 458 viresque
1341 399 1572 443 deficiunt:
1595 413 1695 457 pro-

214 464 246 484 “
268 456 369 500 inde
384 456 484 499 hinc
505 457 639 512 abite,
655 459 762 502 dum
782 468 846 502 est
867 460 1068 510 facultas,
1087 475 1251 517 vosque
1273 458 1327 501 ad
1351 459 1565 517 legionem
1589 457 1694 501 reci-

214 521 245 542 “
267 515 405 574 pite.''
424 515 495 559 Ita
504 532 703 576 pugnans
715 527 812 578 post
831 518 1079 578 paullulum
1090 519 1276 562 concidit
1292 535 1341 561 ac
1354 520 1439 561 suis
1448 517 1576 560 saluti
1592 517 1693 559 fuit.

269 574 343 616 51·
378 575 548 630 Nostri,
579 593 717 636 quum
737 578 930 637 undique
952 587 1268 636 premerentur,
1290 577 1439 620 XLVI
1464 575 1696 620 Centurio-

212 631 339 676 nibus
385 634 561 689 amissis,
595 635 755 695 dejecti
793 646 893 680 sunt
925 636 1042 680 loco:
1091 637 1166 680 sed
1199 636 1500 680 intolerantius
1546 635 1698 678 Gallos

207 691 482 751 insequentes
498 694 613 754 legio
630 696 671 739 X
690 695 896 749 tardavit,
915 712 1013 754 quae
1066 711 1115 738 ro
1130 695 1324 739 subsidio
1343 696 1493 755 paullo
1506 694 1696 752 aequiore

208 751 306 794 loco
326 753 595 798 constiterat.
646 755 773 798 Hanc
792 771 940 798 rursus
961 712 1073 798 xlii
1095 755 1275 814 legionis
1294 757 1499 798 cohortes
1515 769 1696 812 excepe-

211 818 331 862 runt,
351 828 468 870 quae,
481 829 535 856 ex
548 814 697 857 castris
713 814 952 859 minoribus
965 815 1147 864 eductae,
1167 830 1267 857 cum
1285 814 1338 856 T.
1358 814 1510 856 Sextio
1529 813 1699 871 Legato

209 879 417 928 ceperant
437 871 580 915 locum
598 873 881 932 superiorem.
908 873 1136 931 Legiones,
1155 874 1231 916 ubi
1256 873 1443 932 primum
1476 871 1700 931 planitiem

212 928 486 990 adtigerunt,
504 931 666 975 infestis
685 941 837 976 contra
858 933 999 976 hostes
1018 933 1147 991 signis
1169 932 1474 975 constiterunt.
1520 930 1699 973 Vercin-

211 991 387 1091 Ξεῐοτίκ
410 990 469 1033 ab
489 990 702 1035 radicibus
723 992 845 1035 collis
864 1008 962 1035 suos
979 992 1095 1035 intra
1115 991 1375 1034 munitiones
1396 989 1587 1033 reduxit.
1631 989 1698 1032 Eo

245 1048 284 1091 ie
304 1048 463 1092 milites
481 1058 582 1093 sunt
633 1050 752 1094 aullo
772 1050 913 1094 minus
936 1051 1063 1094 DCC
1085 1049 1334 1093 desiderati.

273 1107 346 1150 52.
381 1108 564 1152 Postero
584 1065 653 1152 (lie
676 1109 837 1160 Caesar,
859 1112 1061 1153 concione
1095 1108 1323 1160 advocata,
1359 1115 1387 1134 “
1410 1108 1700 1150 temeritatem

214 1172 246 1193 “
269 1167 641 1226 cupiditatemque
661 1169 851 1212 militum
873 1168 1171 1227 reprehendit,
1195 1167 1314 1224 quod
1335 1167 1417 1210 sibi
1440 1166 1518 1224 ipsi
1536 1166 1701 1225 judica-

214 1231 247 1252 “
271 1227 446 1276 vissent‚
479 1242 568 1284 quo
587 1228 926 1285 procedendum,
963 1235 1040 1269 aut
1071 1227 1178 1284 quid
1207 1226 1423 1283 agendum
1460 1225 1700 1273 videretur,

216 1290 249 1310 “
273 1301 325 1330 ne
360 1302 416 1328 ue
431 1284 553 1344 signo
573 1286 810 1343 recipiendi
832 1286 937 1329 dato
960 1286 1265 1337 constitissent,
1289 1300 1428 1342 neque
1450 1301 1475 1326 a
1497 1284 1702 1327 Tribunis

217 1349 249 1369 ‘⁶
273 1345 331 1388 mi
352 1345 464 1387 itum
503 1344 767 1402 Legatisque
808 1344 984 1386 retineri
1026 1344 1287 1402 potuissent:
1342 1343 1554 1401 exposito,
1594 1342 1701 1400 quid

217 1408 248 1428 “
272 1402 477 1461 iniquitas
512 1402 595 1445 loci
638 1412 797 1461 posset,
836 1402 942 1461 quid
987 1402 1077 1461 ipse
1114 1403 1170 1445 ad
1212 1402 1450 1444 Avaricum
1491 1402 1703 1451 sensisset,

216 1467 248 1487 “
272 1477 424 1521 quum,
455 1460 545 1504 sine
567 1460 676 1504 duee
694 1470 739 1505 et
759 1461 847 1504 sine
864 1462 1064 1519 equitatu
1089 1461 1364 1520 deprehensis
1385 1460 1597 1512 hostibus,
1630 1478 1702 1504 ex-

218 1526 250 1547 “
276 1521 492 1581 ploratam
513 1520 742 1563 victoriam
760 1520 1004 1569 dimisisset,
1043 1535 1094 1563 ne
1118 1537 1300 1579 parvum
1321 1521 1450 1563 modo
1470 1520 1702 1564 detrimen-

219 1584 251 1604 “
277 1589 371 1623 tum
408 1579 450 1622 in
488 1579 765 1623 contentione
808 1589 991 1646 propter
1029 1579 1303 1638 iniquitatem
1346 1579 1428 1622 loci
1469 1579 1701 1623 accideret.

218 1644 250 1664 ‘⁶
275 1638 453 1688 Quanto
466 1653 599 1697 opere
614 1653 766 1681 eorum
778 1639 906 1681 animi
920 1638 1261 1696 magnitudinem
1276 1638 1579 1687 admiraretur,
1596 1654 1704 1696 quos

219 1702 249 1723 “
273 1712 359 1740 non
379 1704 621 1739 castrorum
645 1697 919 1746 munitiones,
941 1712 1027 1740 non
1047 1697 1235 1740 altitudo
1257 1697 1427 1746 montis,
1450 1712 1534 1739 non
1555 1713 1705 1739 murus

218 1762 249 1781 “
273 1755 423 1814 oppidi
445 1755 618 1798 tardare
641 1756 875 1813 potuisset;
910 1765 1031 1798 tanto
1054 1772 1184 1814 opere
1217 1756 1432 1798 licentiam
1454 1755 1704 1813 adroganti-

218 1820 249 1840 “
273 1830 430 1872 amque
453 1814 786 1873 reprehendere,
809 1815 929 1873 quod
953 1815 1049 1873 plus
1070 1831 1128 1866 se,
1149 1831 1278 1872 quam
1308 1815 1628 1872 imperatorem,
1650 1815 1706 1858 de

219 1880 250 1900 “
275 1873 459 1917 victoria
479 1882 612 1930 atque
635 1873 757 1916 exitu
774 1890 922 1917 rerum
940 1874 1096 1916 sentire
1119 1874 1434 1916 existimarent:
1471 1889 1547 1916 nec
1566 1875 1706 1916 minus

221 1939 251 1959 “
274 1948 318 1975 se
358 1932 401 1975 in
433 1931 571 1974 milite
604 1932 859 1975 modestiam
897 1942 941 1975 et
975 1933 1299 1982 continentiam,
1336 1948 1465 1990 quam
1497 1933 1705 1976 virtutem

222 1998 252 2017 ‘⁶
275 1999 410 2048 atque
432 1990 561 2032 animi
583 1991 925 2049 magnitudinem
946 1991 1237 2034 desiderare.''

277 2050 351 2092 53.
387 2049 484 2092 Hac
504 2048 656 2091 habita
675 2050 878 2093 concione
909 2059 953 2093 et
984 2051 1037 2093 ad
1058 2059 1300 2094 extremum
1327 2052 1522 2094 oratione
1550 2050 1704 2093 confir-

221 2108 348 2152 matis
368 2107 595 2157 militibus,
621 2116 649 2133 ‘⁶
670 2124 722 2151 ne
744 2109 803 2151 ob
824 2108 931 2151 hanc
953 2125 1144 2152 caussam
1165 2111 1306 2152 animo
1329 2118 1706 2168 permoverentur,

222 2174 254 2194 ‘⁶
278 2182 379 2215 neu,
400 2165 520 2224 quod
542 2166 746 2223 iniquitas
779 2168 861 2211 loci
883 2168 1124 2221 adtulisset,
1157 2169 1199 2211 id
1222 2169 1375 2211 virtuti
1410 2169 1595 2211 hostium
1631 2169 1706 2211 tri—

222 2233 252 2253 ‘¹
274 2226 513 2272 bue1·ent;”
542 2225 689 2269 eadem
722 2226 776 2269 de
816 2227 1087 2293 profectione
1126 2228 1336 2286 cogitans,
1371 2244 1468 2285 quae
1486 2237 1585 2270 ante
1613 2243 1705 2269 sen-

221 2292 354 2333 serat,
386 2283 577 2342 legiones
613 2299 666 2327 ex
699 2293 847 2328 castris
870 2286 1022 2329 eduxit
1055 2285 1276 2344 aciemque
1313 2286 1463 2329 idoneo
1488 2286 1583 2328 loco
1605 2302 1703 2329 con-

220 2344 380 2388 stituit.
444 2342 592 2392 Quum
617 2343 951 2402 Vercingetorix
977 2344 1110 2389 nihilo
1141 2346 1275 2404 magis
1307 2345 1348 2387 in
1371 2361 1542 2403 aequum
1565 2345 1706 2388 locum

272 2460 521 2493 Incola-antius.
536 2457 594 2490 alii
611 2458 778 2500 cupidius.
1050 2462 1225 2494 Aca-hlaroe.
1249 2461 1303 2493 Sic
1324 2462 1415 2494 Oud.
1429 2472 1448 2493 e
1463 2463 1564 2494 codd.
1581 2468 1612 2494 et
1628 2463 1706 2494 edd.

275 2505 322 2535 Ab
338 2504 509 2535 radicibus
539 2519 583 2526 —-
611 2505 702 2535 intra
727 2506 936 2537 munitiones.
1003 2512 1068 2538 vet.
1098 2506 1207 2547 Vulgo
1224 2509 1392 2547 accimret.

228 2546 298 2581 vid.
314 2558 345 2579 c.
361 2549 416 2579 46.
447 2547 499 2578 M.
1056 2551 1162 2582 Tanto
1178 2562 1283 2591 ops-re.
1300 2551 1358 2582 alii
1382 2556 1562 2592 inrumpere.

276 2593 400 2623 Milites
428 2596 505 2623 sum
531 2607 576 2615 -—
602 2590 791 2623 desiderati.
837 2592 933 2624 Hanc
1054 2595 1121 2626 Nec
1132 2596 1252 2625 vll-inus.
1266 2594 1326 2625 alii
1342 2605 1403 2626 non
1423 2598 1546 2626 nimus.

228 2637 363 2668 cladem
391 2641 554 2667 memorat
583 2635 724 2669 Sueten.
751 2636 784 2667 in
814 2635 932 2668 Jul.c.
1054 2642 1135 2673 Quae
1165 2645 1241 2670 ame
1270 2644 1427 2670 senserat.
1484 2640 1537 2670 (Ὺ.
1564 2649 1639 2680 cap.
1667 2640 1709 2669 48

232 2684 286 2712 ¹25.
313 2681 483 2712 Davisius.
1007 2688 1089 2714 extr.
1115 2683 1262 2713 Nou-bat
1279 2682 1323 2714 ita
1339 2683 1527 2718 discedere,
1544 2690 1579 2714 ut
1595 2685 1708 2724 fugen-

280 2724 448 2765 Exposito,
476 2723 546 2755 i.e.
572 2723 729 2767 exposito
747 2723 846 2755 simul
866 2724 937 2756 illo.
1008 2727 1187 2758 videretur.
1212 2727 1263 2757 M.

233 2767 289 2799 Sic
319 2767 459 2808 quidam
496 2768 601 2800 codd.
641 2768 732 2809 iique
770 2768 939 2800 meliores.
1042 2771 1150 2801 Nilum»
1163 2772 1355 2811 maffimnon
1368 2770 1564 2811 magistunc
1577 2771 1716 2801 descen-

236 2811 361 2851 Vulgo,
373 2814 535 2853 exposuit.
562 2813 610 2843 M.
649 2812 761 2843 Etiam
778 2813 855 2844 cod.
873 2814 939 2843 An-
1007 2814 1119 2848 dobin,
1135 2824 1233 2855 quam
1251 2822 1349 2846 antea
1374 2816 1610 2846 descenderat:
1644 2815 1712 2846 hrr-

234 2854 335 2886 diuus
364 2858 516 2897 etposilo.
575 2856 627 2888 Cf.
657 2856 761 2888 Gron.
790 2857 833 2888 ad
864 2856 939 2888 Liv.
1009 2857 1126 2888 rebant
1141 2859 1231 2888 cuim
1248 2859 1337 2889 Galli
1357 2858 1389 2890 in
1403 2859 1525 2890 montis
1539 2859 1711 2899 superiore

237 2900 266 2938 l,
283 2901 337 2930 4¹.
1012 2908 1104 2942 parte
1122 2914 1129 2931 ι
1154 2902 1221 2932 vid.
1237 2913 1268 2932 c.
1286 2905 1326 2932 -Ηὶ
1344 2915 1350 2932 ;
1375 2910 1405 2934 ct
1420 2913 1624 2944 quamquam
1641 2904 1712 2933 uo-

282 2943 333 2975 Ad
362 2944 550 2976 Avaricum.
596 2943 695 2976 Cous.
719 2955 799 2986 cap.
822 2946 871 2983 18,
892 2947 939 2979 lt).
1012 2955 1129 2976 manos
1147 2945 1642 2986 insecutidescenderant.‹·ap.
1659 2949 1713 2980 51.

237 2987 287 3018 M.
1014 2997 1122 3020 nuncu
1140 2990 1170 3021 in
1188 2990 1394 3022 munitiones
1420 2997 1546 3021 luerunt
1573 2990 1714 3022 mincii.
