1946 3261
616 136 733 184 LIB.
767 137 851 183 ΙΙΙ.
914 139 1054 186 CAP.
1092 138 1274 184 16-19.
1628 138 1681 182 71

206 253 320 296 rant,
342 261 450 304 quos
464 263 559 306 spes
577 247 802 349 praedandi
823 248 1099 305 studiumque
1121 247 1314 295 bellandi
1333 247 1390 294 ab
1417 245 1688 307 agricultura

206 312 251 347 et
290 305 543 363 quotidiano
606 307 739 350 abore
779 307 1029 355 revocabat,
1074 307 1259 350 Sabinus
1297 307 1462 356 idoneo
1490 305 1688 351 omnibus

207 363 337 410 rebus
367 364 461 416 loca
479 366 630 414 castris
654 382 742 410 sese
764 366 956 414 tenebat,
991 380 1124 422 quum
1148 365 1381 409 Viridovix
1401 374 1552 410 contra
1586 380 1685 408 eum

206 422 341 470 duum
362 423 528 472 milium
548 424 690 483 spatio
707 423 965 470 consedisset
989 422 1273 480 quotidieque
1329 423 1521 469 roductis
1552 422 1688 482 copiis

207 482 431 540 pugnandi
451 492 713 542 potestatem
733 484 920 534 faceret;
952 491 1001 524 ut
1025 482 1115 539 jam
1143 496 1228 524 non
1257 440 1395 526 solum
1424 481 1617 525 hostibus
1641 481 1686 526 in

205 542 540 589 contemtionem
561 542 747 589 Sabinus
766 542 951 591 veniret,
969 540 1044 583 sed
1074 539 1205 585 etiam
1227 548 1473 582 nostrorum
1502 540 1689 586 militum

206 598 384 647 vocibus
420 616 504 646 non
526 599 632 642 nihil
657 609 940 659 carperetur:
975 608 1227 656 tantamque
1257 598 1504 657 opinionem
1522 598 1688 642 timoris

205 657 412 716 praebuit,
434 667 483 701 ut
508 659 595 718 jam
617 658 673 701 ad
696 659 858 702 vallum
886 667 1126 707 castrorum
1153 657 1295 700 hostes
1323 657 1528 700 accedere
1559 657 1687 700 aude-

205 725 318 766 rent.
383 716 434 758 Id
455 733 506 759 ea
525 717 581 762 de
602 734 746 763 caussa
770 718 973 767 faciebat,
1003 717 1122 778 quod
1151 732 1248 760 cum
1268 724 1390 761 tanta
1410 715 1690 759 multitudine

204 775 406 825 hostium,
432 777 671 836 praesertim
689 794 741 820 eo
759 777 953 827 absente,
980 777 1053 835 qni
1071 791 1278 822 summam
1313 775 1485 834 imperii
1506 783 1691 825 teneret,

204 834 282 878 nisi
303 850 427 893 aequo
462 835 574 885 loco,
610 845 686 878 aut
715 836 1047 896 obportunitate
1070 835 1215 893 aliqua
1236 833 1356 886 data,
1379 834 1548 894 Legato
1569 832 1692 876 dimi-

203 893 388 941 candum
408 910 492 938 non
508 894 797 940 existimabat.

269 953 333 996 18.
371 953 468 1001 Hac
486 953 737 999 confirmata
770 954 974 1014 opinione
1012 953 1194 1003 timoris,
1225 952 1430 998 idoneum
1458 952 1690 1010 quemdam

204 1011 420 1061 hominem
453 1022 498 1059 et
535 1013 740 1057 callidum
773 1015 957 1073 delegit,
999 1012 1192 1063 Gallum,
1227 1029 1280 1055 ex
1311 1012 1390 1061 his,
1439 1028 1515 1055 uos
1544 1011 1695 1054 auxilii

204 1087 347 1119 caussa
379 1088 522 1120 secum
551 1072 756 1116 habebat.
822 1074 939 1116 Huic
965 1071 1128 1131 magnis
1151 1071 1337 1131 praemiis
1367 1087 1424 1130 po
1446 1070 1693 1115 licitationi-

203 1130 369 1188 busque
393 1133 643 1190 persuadet,
676 1133 740 1176 uti
762 1132 817 1176 ad
838 1133 979 1177 hostes
1000 1141 1189 1175 transeat
1223 1140 1283 1180 et,
1311 1130 1417 1188 quid
1452 1129 1544 1173 fieri
1566 1129 1692 1180 velit,

204 1189 373 1236 edocet.
439 1191 542 1242 Qui,
566 1192 642 1236 ubi
665 1209 746 1253 pro
769 1192 956 1251 perfuga
972 1191 1027 1235 ad
1048 1207 1118 1235 eos
1140 1190 1278 1240 venit,
1300 1189 1501 1235 timorem
1534 1188 1694 1232 Roma-

205 1264 359 1295 norum
393 1251 629 1309 proponit:
666 1260 694 1277 ‘⁶
717 1252 875 1309 quibus
903 1268 956 1295 an
992 1250 1111 1299 ustiis
1144 1250 1235 1309 ipse
1275 1249 1417 1295 Caesar
1448 1265 1473 1292 a
1515 1248 1695 1292 Venetis

207 1315 236 1335 ‘⁶
261 1312 527 1368 prematur,''
557 1310 710 1353 docet:
747 1320 775 1337 “
800 1327 938 1368 neque
960 1269 1142 1368 {ongius
1162 1310 1324 1359 abesse,
1357 1308 1462 1366 quin
1492 1308 1694 1368 proxima

206 1375 236 1394 ‘⁶
260 1377 386 1413 nocte
410 1368 596 1412 Sabinus
613 1369 723 1413 clam
740 1386 793 1413 ex
813 1370 962 1413 castris
977 1369 1215 1411 exercitum
1237 1368 1394 1411 educat
1414 1376 1459 1410 et
1480 1367 1535 1410 ad
1555 1367 1694 1410 Caesa-

207 1433 236 1453 “
261 1443 351 1470 rem
370 1426 521 1470 auxilii
550 1427 718 1473 ferendi
748 1444 891 1471 caussa
910 1427 1250 1488 proficiscatur.'’
1314 1425 1444 1476 Quod
1473 1426 1550 1468 ubi
1572 1425 1694 1468 audi-

204 1494 298 1530 tum
317 1495 397 1536 est,
438 1486 706 1531 conclamant
725 1503 886 1536 omnes,
909 1487 1173 1531 occasionem
1195 1485 1359 1545 negotii
1378 1485 1488 1528 bene
1508 1483 1692 1543 gerendi

200 1544 483 1589 amittendam
502 1561 585 1589 non
606 1562 709 1595 esse,
740 1546 794 1588 ad
818 1555 955 1588 castra
990 1545 1042 1588 iri
1077 1553 1299 1603 oportere.
1365 1543 1522 1586 Multae
1543 1559 1610 1586 res
1631 1542 1689 1586 ad

200 1603 281 1648 hoc
309 1603 534 1649 consilium
571 1604 720 1648 Gallos
749 1604 1064 1648 hortabantur:
1099 1602 1374 1660 superiorum
1411 1600 1582 1644 dierum
1613 1602 1691 1644 Sa-

200 1662 292 1707 bini
314 1662 549 1711 cunctatio,
577 1664 774 1723 perfugae
807 1662 1094 1710 confirmatio,
1129 1660 1276 1719 inopia
1309 1660 1589 1708 cibariorum,
1619 1660 1689 1702 cui

200 1721 263 1765 rei
284 1738 437 1784 parum
455 1721 692 1780 diligenter
713 1723 769 1765 ab
790 1722 837 1764 iis
856 1731 949 1765 erat
1006 1721 1211 1769 rovisum,
1230 1736 1326 1778 spes
1347 1718 1545 1763 Venetici
1566 1718 1690 1769 belli,

199 1789 244 1824 et
265 1780 382 1839 quod
406 1781 496 1825 fere
518 1781 708 1826 libenter
729 1781 920 1824 homines
940 1739 1001 1831 itii
1022 1779 1141 1838 quod
1164 1778 1334 1829 volunt,
1355 1777 1553 1821 credunt.
1607 1778 1690 1821 His

199 1839 329 1883 rebus
358 1839 556 1890 adducti,
589 1857 672 1883 non
705 1841 825 1900 prius
858 1840 1156 1883 Viridovicem
1179 1837 1454 1895 reliquosque
1473 1837 1603 1881 duces
1635 1853 1689 1880 ex

199 1899 381 1942 concilio
403 1899 647 1949 dimittunt,
671 1917 799 1958 quam
823 1900 879 1942 ab
901 1899 962 1941 his
979 1899 1034 1941 sit
1060 1913 1320 1946 concessum,
1343 1912 1463 1939 arma
1484 1896 1547 1938 uti
1571 1896 1688 1955 capi-

201 1966 276 2001 ant
296 1967 341 2001 et
371 1958 425 2001 ad
447 1968 586 2002 castra
607 1959 886 2002 contendant.
953 1959 1048 2009 Qua
1082 1974 1127 2002 re
1158 1972 1368 2005 concessa,
1407 1955 1510 2004 laeti,
1545 1963 1595 1997 ut
1615 1971 1686 1997 ex-

200 2016 372 2075 plorata
392 2017 591 2068 victoria,
608 2018 833 2061 sarmentis
861 2017 1151 2075 virgultisque
1174 2015 1393 2064 conlectis,
1416 2014 1577 2072 quibus
1606 2014 1686 2058 fos-

199 2091 263 2118 sas
285 2076 580 2120 Romanorum
603 2077 866 2136 compleant,
892 2077 947 2119 ad
968 2086 1107 2119 castra
1127 2082 1332 2133 pergunt.

266 2135 329 2177 19.
368 2136 506 2178 Locus
537 2146 631 2179 erat
659 2146 898 2184 castrorum
929 2135 1071 2177 editus
1103 2144 1146 2176 et
1177 2132 1405 2192 paullatim
1424 2131 1480 2174 ab
1504 2130 1589 2175 imo
1611 2131 1685 2174 ad-

200 2192 336 2245 clivis,
359 2195 532 2237 circiter
559 2212 703 2253 passus
725 2195 840 2238 mile.
906 2195 1006 2238 Huc
1024 2207 1181 2251 magno
1203 2208 1330 2234 cursu
1351 2190 1686 2240 contenderunt,

202 2261 251 2294 ut
270 2269 399 2310 quam
419 2255 641 2299 minimum
663 2254 791 2314 spatii
815 2253 870 2296 ad
892 2271 933 2296 se
954 2251 1232 2310 conligendos
1250 2249 1565 2307 armandosque
1599 2249 1686 2291 Ro-

201 2313 334 2354 manis
363 2313 560 2363 daretur,
598 2313 916 2370 exanimatique
955 2318 1263 2370 pervenerunt.
1342 2308 1544 2358 Sabinus,
1594 2324 1689 2357 suos

202 2369 413 2422 hortatus,
435 2373 713 2431 cupientibus
739 2372 910 2429 signum
931 2371 1022 2413 dat.
1086 2369 1300 2428 Inpeditis
1328 2367 1524 2410 hostibus
1554 2384 1685 2426 prop-

202 2437 270 2471 ter
291 2446 356 2479 ea,
377 2447 471 2488 quae
492 2432 709 2481 ferebant,
732 2446 878 2480 onera,
896 2430 1042 2475 subito
1061 2429 1230 2472 duabus
1252 2427 1391 2486 portis
1408 2427 1683 2489 eruptionem

202 2487 296 2530 fieri
310 2489 450 2547 jubet.
497 2490 678 2534 Factum
699 2499 763 2533 est
785 2489 1119 2548 obportunitate
1139 2488 1239 2538 loci,
1261 2486 1448 2535 hostium
1468 2484 1690 2529 inscientia

250 2592 348 2623 Idon.
375 2594 529 2626 omnib-143
552 2595 663 2633 rebus,
689 2593 821 2626 ratione
837 2603 909 2625 om·
1029 2595 1110 2628 Spes
1147 2593 1254 2623 I‘enet.
1283 2591 1373 2627 belli,
1399 2587 1577 2629 sperabant
1603 2586 1689 2626 sore,

202 2634 297 2666 nium
315 2646 436 2667 rerum.
474 2638 525 2668 M.
979 2643 1015 2669 ut
1046 2637 1165 2668 Veneti
1191 2634 1338 2667 feliciter
1373 2638 1489 2664 contra
1520 2631 1688 2662 Caesarem

251 2681 368 2722 Neque
426 2682 559 2722 longius
611 2682 735 2720 abesse,
791 2692 908 2723 parum
979 2681 1110 2713 bellum
1146 2685 1316 2722 gererent:
1350 2675 1548 2712 nesciebant
1581 2674 1687 2714 enim,

201 2724 332 2756 abesse.
394 2725 477 2756 Ilaec
514 2731 563 2761 est
591 2726 644 2759 vis
676 2725 908 2768 comparativi
979 2725 1109 2758 bellum
1129 2724 1211 2755 illud
1227 2722 1418 2754 confectum
1430 2729 1516 2751 esse.
1548 2720 1598 2753 M.

200 2769 335 2808 lonqius
353 2768 386 2800 h.
404 2769 426 2799 l.
447 2769 495 2800 M.
1027 2770 1221 2802 [mezentio.
1274 2766 1329 2798 Sic
1355 2770 1387 2797 et
1412 2764 1446 2796 h.
1467 2763 1502 2812 ¹1.
1532 2762 1689 2809 plerique

216 2846 218 2849 ,
250 2813 368 2845 Multa²
384 2823 447 2851 rex,
462 2818 527 2845 etc.
572 2814 814 2846 Emendandus
830 2815 910 2847 hinc
979 2814 1078 2846 codd.
1117 2812 1208 2852 Ergo
1224 2816 1258 2842 et
1273 2811 1309 2841 h.
1325 2809 1348 2840 l.
1364 2807 1476 2846 critici
1501 2808 1688 2850 vulgatum,

203 2856 271 2893 Dio
308 2858 361 2895 39,
387 2860 441 2889 45.
480 2857 539 2899 qui
576 2869 595 2890 e
636 2857 802 2893 contrario
828 2859 909 2898 dicit
978 2859 1115 2895 inscitia,
1130 2856 1329 2897 rejecerunt,
1345 2852 1414 2884 vid.
1430 2862 1507 2897 cap.
1523 2854 1558 2884 9.
1588 2852 1690 2884 cete-

202 2901 279 2931 oraim
296 2901 355 2944 γὰρ
374 2915 416 2932 τοι
432 2899 567 2948 διακοξεῖς
593 2903 645 2937 καὶ
661 2903 713 2938 τῇς
739 2904 842 2948 τροφῆς
859 2904 911 2936 καὶ
980 2913 1054 2938 rum
1070 2906 1104 2932 et
1119 2900 1205 2931 hanc
1220 2896 1475 2931 dimicationem
1497 2895 1563 2931 Dio
1587 2895 1688 2930 cass·

205 2945 257 2978 τοῦ
271 2945 362 2978 ποτοῦ
371 2943 453 2981 ἦσαν,
982 2949 1035 2986 39,
1053 2948 1106 2978 45.
1121 2942 1296 2977 describit.
1320 2942 1370 2979 Me
