1946 3261
241 254 332 299 250
667 248 752 293 DE
784 245 989 292 BELLO
1022 243 1320 291 GALLICO.

244 380 394 425 vinciae
411 377 545 435 illius)
575 376 639 420 his
667 377 800 421 rebus
831 375 1050 426 confectis,
1084 373 1139 418 ad
1171 373 1364 434 legiones
1383 371 1428 418 in
1448 371 1653 433 Belgium
1681 387 1726 418 se

247 440 403 496 recipit
424 438 712 494 hibernatque
735 437 1083 480 Nemetocennae.
1656 492 1660 495 Ι

303 499 374 540 47.
413 496 482 539 Ibi
502 496 737 555 cognoscit,
761 496 1006 539 Commium
1029 494 1291 538 Atrebatem
1311 490 1470 553 proelio
1489 507 1588 534 cum
1607 491 1728 551 equi-

245 565 341 600 tatu
382 571 460 598 suo
501 555 784 598 contendisse.
865 555 996 603 Nam,
1037 570 1175 612 quum
1214 552 1433 596 Antonius
1467 551 1512 595 in
1549 550 1730 595 hiberna

244 616 427 659 venisset
445 615 687 673 civitasque
709 614 975 657 Atrebatum
1005 613 1047 656 in
1076 613 1218 656 officio
1245 619 1453 661 maneret,
1488 611 1728 661 Commius,

245 674 323 732 qui
356 682 457 733 post
495 673 610 717 illam
648 674 1009 723 vulnerationem,
1046 687 1176 731 quam
1212 687 1345 731 supra
1380 670 1728 721 commemoravi,

242 750 414 792 semper
434 732 488 776 ad
510 748 654 776 omnes
673 741 816 777 motus
849 741 1028 791 paratus
1060 732 1146 774 suis
1177 732 1344 775 civibus
1364 746 1451 773 esse
1471 738 1728 780 consuesset,

241 808 296 836 ne
315 792 490 835 consilia
510 792 617 835 belli
639 793 932 850 quaerentibus
948 800 1100 834 auctor
1120 807 1342 835 armorum
1359 790 1537 847 duxque
1548 788 1730 841 deesset,

242 859 422 911 parente
445 850 650 894 Romanis
671 851 864 901 civitate,
881 868 977 894 cum
995 851 1081 894 suis
1098 850 1320 908 equitibus
1335 866 1378 892 se
1395 863 1581 905 suosque
1599 848 1730 892 latro-

243 911 362 953 ciniis
382 910 545 960 alebat,
569 910 820 968 infestisque
843 911 1071 953 itineribus
1088 918 1350 953 commeatus
1370 907 1630 965 complures,
1653 909 1731 965 qui

241 969 634 1027 comportabantur
655 970 699 1012 in
718 969 900 1012 hiberna
919 969 1231 1018 Romanorum,
1254 966 1576 1025 intercipiebat.

300 1028 371 1070 48.
406 1029 516 1071 Erat
548 1028 801 1071 adtributus
824 1029 1017 1071 Antonio
1053 1028 1293 1071 Praefectus
1313 1026 1527 1084 equitum,
1563 1025 1616 1068 C.
1644 1026 1730 1070 Vo-

239 1087 412 1130 lusenus
436 1087 698 1137 Quadratus,
720 1088 797 1145 qui
818 1104 917 1130 cum
936 1103 986 1130 eo
1006 1087 1229 1130 hiemaret.
1289 1086 1421 1129 Hunc
1443 1085 1660 1128 Antonius
1676 1086 1732 1129 ad

241 1147 590 1205 persequendum
617 1145 804 1189 hostium
831 1147 1076 1205 equitatum
1102 1146 1253 1189 mittit.
1317 1145 1560 1187 Volusenus
1585 1152 1733 1188 autem

243 1205 297 1247 ad
318 1221 412 1248 eam
434 1205 660 1254 virtutem,
694 1221 792 1263 quae
813 1205 1044 1262 singularis
1063 1206 1106 1248 in
1128 1222 1179 1248 eo
1202 1212 1313 1254 erat,
1347 1218 1553 1261 magnum
1586 1204 1735 1246 odium

243 1263 430 1306 Commii
448 1263 732 1321 adjungebat,
753 1280 841 1322 quo
860 1265 1065 1308 libentius
1086 1265 1129 1306 id
1150 1265 1328 1312 faceret,
1350 1262 1469 1319 quod
1491 1262 1733 1319 imperaba-

242 1330 330 1365 tur.
400 1321 558 1380 Itaque
579 1323 794 1379 dispositis
816 1323 992 1371 insidiis,
1015 1323 1170 1379 saepius
1193 1323 1285 1379 ejus
1304 1321 1470 1377 equites
1488 1319 1734 1375 adgressus,

242 1380 429 1423 secunda
451 1379 608 1439 proelia
631 1380 833 1422 faciebat.
890 1380 1146 1429 Novissime,
1167 1394 1305 1437 quum
1323 1377 1617 1422 vehementius
1634 1395 1733 1424 con-

244 1439 499 1482 tenderetur
519 1455 568 1480 ac
603 1438 863 1488 Volusenus,
897 1438 1030 1496 ipsius
1056 1437 1362 1496 intercipiendi
1397 1437 1583 1480 Commii
1614 1439 1734 1498 cupi-

241 1499 396 1548 ditate,
446 1497 677 1540 ertinacius
695 1513 794 1540 eum
811 1513 908 1540 cum
932 1498 1078 1555 paucis
1098 1497 1314 1540 insecutus
1335 1505 1460 1546 esset,
1494 1496 1567 1539 ille
1587 1507 1735 1544 autem

241 1558 348 1616 fuga
368 1514 614 1600 vehementi
635 1557 904 1600 Volusenum
923 1556 1094 1614 longius
1115 1555 1413 1615 produxissem
1450 1565 1628 1615 repente
1646 1573 1733 1601 om-

242 1617 360 1659 nium
390 1632 567 1658 suorum
599 1616 773 1658 invocat
792 1615 923 1657 fidem
944 1624 1078 1674 atque
1108 1615 1334 1665 auxilium,
1365 1630 1418 1657 ne
1438 1631 1513 1658 sua
1535 1615 1732 1668 vulnera,

245 1674 427 1733 perfidia
466 1674 737 1732 interposita,
769 1683 1027 1732 paterentur
1059 1674 1222 1723 inulta;
1265 1689 1559 1734 conversoque
1601 1691 1732 1734 equo,

242 1750 286 1776 se
303 1749 329 1775 a
350 1734 505 1775 ceteris
527 1733 740 1775 incautius
763 1733 982 1791 permittit
1004 1733 1046 1774 in
1072 1733 1348 1776 Praefectum.
1412 1733 1597 1777 Faciunt
1617 1735 1732 1778 idem

242 1808 389 1835 omnes
411 1791 501 1849 ejus
522 1792 691 1848 equites
721 1807 970 1850 paucosque
1001 1801 1168 1834 nostros
1188 1801 1452 1835 convertunt
1474 1802 1606 1851 atque
1627 1794 1734 1838 inse-

243 1859 454 1908 quuntur.
519 1851 742 1893 Commius
772 1852 989 1893 incensum
1011 1851 1249 1893 calcaribus
1270 1867 1431 1909 equum
1450 1852 1597 1911 jungit
1619 1869 1734 1911 equo

245 1909 476 1959 Quadrati,
493 1909 727 1967 lanceaque
746 1909 901 1952 infesta
919 1909 1111 1952 medium
1126 1910 1265 1953 femur
1284 1911 1375 1968 ejus
1392 1912 1556 1969 magnis
1567 1911 1732 1956 viribus

243 1968 470 2026 transjicit.
536 1968 749 2012 Praefecto
771 1969 1016 2019 vulnerato,
1045 1984 1128 2011 non
1150 1970 1355 2012 dubitant
1377 1970 1512 2012 nostri
1536 1971 1732 2016 resistere

242 2035 288 2069 et
325 2027 519 2070 conversi
558 2027 724 2070 hostem
759 2027 937 2086 pellere.
1003 2027 1132 2078 Quod
1171 2028 1247 2071 ubi
1285 2029 1454 2078 accidit,
1487 2030 1734 2089 complures

242 2085 447 2136 hostium,
480 2102 636 2144 magno
667 2095 916 2129 nostrorum
947 2086 1098 2145 inpetu
1132 2087 1336 2146 perculsi,
1368 2088 1658 2132 vulnerantur
1687 2098 1734 2133 et

243 2145 405 2203 partim
448 2146 490 2188 in
521 2145 625 2203 fuga
655 2155 957 2204 proteruntur,
991 2146 1150 2206 partim
1180 2147 1535 2206 intercipiuntur.
1600 2148 1733 2198 Quod

294 2264 361 2295 His
375 2264 471 2295 rebus
487 2263 576 2304 conf.
624 2263 713 2295 Hinc
739 2264 827 2295 male
855 2270 960 2306 caput

249 2318 374 2340 novum
393 2307 566 2339 inchoant.
594 2308 746 2349 Respice
761 2309 803 2338 ad
822 2314 853 2345 5,
870 2313 924 2340 24.

295 2352 541 2393 Hibernarque.
559 2352 618 2383 alii
637 2353 900 2393 hiberum-itque.

294 2398 410 2437 Supra
426 2407 596 2427 commem.
620 2395 721 2427 Cous.
738 2406 816 2436 cap.
833 2399 887 2427 23.
905 2397 956 2428 M.

294 2441 442 2472 Parente
462 2441 634 2472 Romanis.
664 2438 725 2470 alii
740 2446 881 2480 parente
898 2442 958 2472 sibe·

249 2495 351 2515 omm.

296 2528 346 2559 Ad
361 2539 437 2559 eam
454 2530 621 2560 rit-tutem.
648 2527 710 2559 alii
728 2527 775 2559 ad
789 2538 863 2559 eam
875 2539 958 2569 pm·-

247 2577 314 2603 tem
329 2574 472 2610 winuli-⁸⁸,
495 2573 542 2604 ad
565 2583 639 2604 eam
658 2575 768 2614 partis
792 2574 957 2609 virtutem,

249 2617 295 2647 ad
311 2627 388 2647 eum
403 2622 545 2657 partam
564 2620 732 2648 virtutem.

294 2660 466 2701 Maynum
493 2661 618 2692 odium.
674 2659 773 2691 Conf.
801 2669 877 2701 cap.
904 2663 957 2691 23.

268 2788 274 2794 .
298 2749 368 2782 Quo
384 2749 549 2787 libenti-us,
575 2753 610 2779 ut
627 2748 714 2780 adeo
731 2753 824 2780 tanto
849 2747 958 2779 liben-

251 2795 318 2821 uus
333 2809 386 2822 —.
412 2793 463 2823 M.

299 2836 528 2867 produn-‘sset
557 2835 644 2868 Vide
664 2838 735 2869 lnd.

298 2879 446 2920 I’wfidc'a
477 2883 601 2923 interp.
665 2882 714 2914 lta
742 2888 777 2914 ut
810 2880 956 2914 Romani

1032 2265 1171 2307 perfidia
1195 2271 1382 2305 uterentur,
1407 2273 1443 2298 ut
1467 2274 1576 2300 essent
1601 2269 1735 2310 perfidi.

1030 2310 1084 2341 Sic
1118 2310 1236 2341 Latine
1267 2310 1335 2342 dici
1364 2322 1474 2353 posse,
1500 2323 1565 2344 non
1589 2313 1731 2346 dubito:

1029 2355 1090 2385 sed
1113 2366 1131 2385 e
1150 2354 1354 2395 quibusdam
1377 2355 1476 2387 libris
1493 2356 1595 2389 bonis
1611 2365 1731 2399 praetu-

1031 2398 1125 2429 lerim
1143 2409 1219 2429 cum
1239 2399 1375 2438 VossiQ
1397 2401 1545 2441 perfidia.
1561 2403 1634 2441 (aut
1654 2414 1733 2444 per-

1021 2444 1109 2483 fido)
1131 2445 1283 2484 inposita.
1310 2442 1332 2473 i.
1356 2453 1393 2474 e.
1418 2445 1555 2477 vulnera
1579 2445 1611 2477 ei
1634 2446 1732 2488 inpo-

1028 2487 1103 2523 sita,
1136 2486 1239 2517 inlata
1263 2494 1366 2526 erant,
1396 2488 1511 2520 fraude
1535 2495 1570 2521 et
1592 2491 1732 2532 perfidia

1031 2530 1208 2562 Voluseni.
1233 2530 1304 2562 vid.
1327 2541 1358 2562 c.
1382 2536 1435 2565 23.
1488 2534 1616 2566 Vulnus
1635 2538 1730 2577 inpo-

1026 2585 1106 2606 nere
1114 2576 1215 2606 alicui
1224 2575 1305 2615 quia
1319 2586 1384 2607 non
1395 2577 1584 2617 frequenter
1594 2578 1732 2618 dicitur,

1027 2619 1090 2650 etsi
1109 2619 1195 2650 bene
1211 2619 1258 2657 (v.
1281 2620 1424 2652 Ernestii
1441 2621 1539 2653 Clau.
1555 2622 1660 2662 Cic.)‚
1679 2622 1729 2654 vi·

1026 2663 1146 2694 dentur
1174 2667 1320 2695 mutasse
1353 2665 1466 2696 locum
1497 2665 1640 2698 librarii.
1678 2667 1728 2698 M.

1028 2707 1096 2737 Alii
1111 2707 1284 2749 perfidem.
1301 2708 1376 2740 scil.
1392 2709 1596 2742 simulatam.

1074 2753 1236 2783 Perculsi.
1262 2751 1341 2793 Leg.
1357 2755 1456 2794 ριιιεέ.
1472 2753 1499 2784 si
1516 2755 1570 2786 vel
1586 2754 1619 2785 in
1633 2754 1727 2786 nullo

1026 2796 1125 2826 codd.
1140 2801 1239 2826 esset.
1285 2795 1349 2827 Sed
1364 2805 1413 2829 est
1429 2797 1462 2828 in
1477 2798 1629 2839 optimis.
1654 2800 1705 2830 M.

1073 2841 1229 2881 Interco'p.
1240 2856 1283 2862 —-
1294 2843 1439 2873 evitavit.
1495 2842 1577 2883 Leg.
1599 2845 1730 2875 merca*-

1018 2885 1179 2926 piunmr:
1199 2885 1289 2926 quod
1300 2887 1434 2918 malum
1443 2886 1516 2920 dus
1529 2887 1571 2927 (ἰ.
1582 2897 1609 2920 e.
1624 2887 1728 2920 Com-
