<?xml version="1.0" encoding="UTF-8"?>
<!DOCTYPE html PUBLIC "-//W3C//DTD XHTML 1.0 Transitional//EN"
    "http://www.w3.org/TR/xhtml1/DTD/xhtml1-transitional.dtd">
<html xmlns="http://www.w3.org/1999/xhtml" xml:lang="en" lang="en">
 <head>
  <title>
</title>
<meta http-equiv="Content-Type" content="text/html;charset=utf-8" />
  <meta name='ocr-system' content='tesseract 3.04.00' />
  <meta name='ocr-capabilities' content='ocr_page ocr_carea ocr_par ocr_line ocrx_word'/>
</head>
<body>
  <div class='ocr_page' id='page_1' title='image "./commentariidebel00caesuoft_0578.png"; bbox 0 0 1946 3261; ppageno 0'>
   <div class='ocr_carea' id='block_1_1' title="bbox 190 534 1677 2724">
    <p class='ocr_par' dir='ltr' id='par_1_1' title="bbox 190 534 1677 2505">
     <span class='ocr_line' id='line_1_1' title="bbox 203 534 1677 578; baseline 0 -12"><span class='ocrx_word' id='word_1_1' title='bbox 203 535 224 567; x_wconf 90' lang='lat' dir='ltr'>J</span> <span class='ocrx_word' id='word_1_2' title='bbox 230 544 281 566; x_wconf 66' lang='lat' dir='ltr'>Ant</span> <span class='ocrx_word' id='word_1_3' title='bbox 310 534 462 568; x_wconf 83' lang='lat' dir='ltr'>Suetonii</span> <span class='ocrx_word' id='word_1_4' title='bbox 489 542 586 569; x_wconf 84' lang='lat' dir='ltr'>aetate</span> <span class='ocrx_word' id='word_1_5' title='bbox 619 538 744 571; x_wconf 87' lang='lat' dir='ltr'>lectum</span> <span class='ocrx_word' id='word_1_6' title='bbox 771 549 843 570; x_wconf 86' lang='lat' dir='ltr'>esse</span> <span class='ocrx_word' id='word_1_7' title='bbox 871 537 998 569; x_wconf 89' lang='lat' dir='ltr'>librum</span> <span class='ocrx_word' id='word_1_8' title='bbox 1028 538 1069 568; x_wconf 91' lang='lat' dir='ltr'>de</span> <span class='ocrx_word' id='word_1_9' title='bbox 1097 535 1189 568; x_wconf 88' lang='lat' dir='ltr'>bello</span> <span class='ocrx_word' id='word_1_10' title='bbox 1212 534 1446 578; x_wconf 84' lang='lat' dir='ltr'>Hispaniensi,</span> <span class='ocrx_word' id='word_1_11' title='bbox 1471 539 1600 567; x_wconf 87' lang='lat' dir='ltr'>certum</span> <span class='ocrx_word' id='word_1_12' title='bbox 1623 536 1677 566; x_wconf 81' lang='lat' dir='ltr'>est</span> 
     </span>
     <span class='ocr_line' id='line_1_2' title="bbox 199 588 1674 632; baseline 0 -12"><span class='ocrx_word' id='word_1_13' title='bbox 199 590 352 628; x_wconf 89' lang='lat' dir='ltr'>(Sueton.</span> <span class='ocrx_word' id='word_1_14' title='bbox 369 589 441 622; x_wconf 90' lang='lat' dir='ltr'>Jul.</span> <span class='ocrx_word' id='word_1_15' title='bbox 457 601 488 622; x_wconf 93' lang='lat' dir='ltr'>c.</span> <span class='ocrx_word' id='word_1_16' title='bbox 505 592 573 632; x_wconf 89' lang='grc'>56).</span> <span class='ocrx_word' id='word_1_17' title='bbox 629 591 804 624; x_wconf 80' lang='lat' dir='ltr'><strong>Credibile</strong></span> <span class='ocrx_word' id='word_1_18' title='bbox 820 591 922 623; x_wconf 88' lang='lat' dir='ltr'>etiam</span> <span class='ocrx_word' id='word_1_19' title='bbox 939 590 975 622; x_wconf 88' lang='lat' dir='ltr'>fit</span> <span class='ocrx_word' id='word_1_20' title='bbox 991 601 1010 622; x_wconf 88' lang='lat' dir='ltr'>e</span> <span class='ocrx_word' id='word_1_21' title='bbox 1026 591 1105 622; x_wconf 84' lang='lat' dir='ltr'>loco</span> <span class='ocrx_word' id='word_1_22' title='bbox 1121 589 1342 628; x_wconf 88' lang='lat' dir='ltr'>Suetoniano,</span> <span class='ocrx_word' id='word_1_23' title='bbox 1365 589 1466 632; x_wconf 82' lang='lat' dir='ltr'>hujus</span> <span class='ocrx_word' id='word_1_24' title='bbox 1482 588 1563 621; x_wconf 86' lang='lat' dir='ltr'>libri</span> <span class='ocrx_word' id='word_1_25' title='bbox 1577 598 1674 620; x_wconf 85' lang='lat' dir='ltr'>eum-</span> 
     </span>
     <span class='ocr_line' id='line_1_3' title="bbox 199 639 1673 686; baseline -0.001 -14"><span class='ocrx_word' id='word_1_26' title='bbox 199 641 276 673; x_wconf 84' lang='lat' dir='ltr'>dem</span> <span class='ocrx_word' id='word_1_27' title='bbox 296 641 399 674; x_wconf 82' lang='lat' dir='ltr'>fuisse</span> <span class='ocrx_word' id='word_1_28' title='bbox 421 648 607 683; x_wconf 85' lang='lat' dir='ltr'>auctorem,</span> <span class='ocrx_word' id='word_1_29' title='bbox 628 644 688 686; x_wconf 90' lang='lat' dir='ltr'>qui</span> <span class='ocrx_word' id='word_1_30' title='bbox 711 645 752 675; x_wconf 90' lang='lat' dir='ltr'>de</span> <span class='ocrx_word' id='word_1_31' title='bbox 776 644 867 676; x_wconf 90' lang='lat' dir='ltr'>bello</span> <span class='ocrx_word' id='word_1_32' title='bbox 891 642 1129 683; x_wconf 86' lang='lat' dir='ltr'>Alexandrino,</span> <span class='ocrx_word' id='word_1_33' title='bbox 1154 642 1325 681; x_wconf 78' lang='lat' dir='ltr'>Africano,</span> <span class='ocrx_word' id='word_1_34' title='bbox 1340 647 1375 673; x_wconf 89' lang='lat' dir='ltr'>et</span> <span class='ocrx_word' id='word_1_35' title='bbox 1391 643 1432 673; x_wconf 94' lang='lat' dir='ltr'>de</span> <span class='ocrx_word' id='word_1_36' title='bbox 1447 640 1572 674; x_wconf 82' lang='lat' dir='ltr'>Gallici</span> <span class='ocrx_word' id='word_1_37' title='bbox 1588 639 1673 672; x_wconf 88' lang='lat' dir='ltr'>belli</span> 
     </span>
     <span class='ocr_line' id='line_1_4' title="bbox 199 691 1671 737; baseline -0.001 -13"><span class='ocrx_word' id='word_1_38' title='bbox 199 693 359 726; x_wconf 78' lang='lat' dir='ltr'>extremis</span> <span class='ocrx_word' id='word_1_39' title='bbox 372 694 561 737; x_wconf 81' lang='lat' dir='ltr'><strong>scripserat.</strong></span> <span class='ocrx_word' id='word_1_40' title='bbox 608 695 671 728; x_wconf 85' lang='lat' dir='ltr'>Sed</span> <span class='ocrx_word' id='word_1_41' title='bbox 687 696 770 728; x_wconf 86' lang='lat' dir='ltr'>illud</span> <span class='ocrx_word' id='word_1_42' title='bbox 785 706 850 727; x_wconf 87' lang='lat' dir='ltr'>non</span> <span class='ocrx_word' id='word_1_43' title='bbox 868 694 1029 727; x_wconf 83' lang='lat' dir='ltr'>credibile</span> <span class='ocrx_word' id='word_1_44' title='bbox 1045 700 1108 733; x_wconf 89' lang='lat' dir='ltr'>est,</span> <span class='ocrx_word' id='word_1_45' title='bbox 1131 693 1255 726; x_wconf 90' lang='lat' dir='ltr'>librum</span> <span class='ocrx_word' id='word_1_46' title='bbox 1275 695 1317 725; x_wconf 92' lang='lat' dir='ltr'>de</span> <span class='ocrx_word' id='word_1_47' title='bbox 1336 693 1431 725; x_wconf 91' lang='lat' dir='ltr'>bello</span> <span class='ocrx_word' id='word_1_48' title='bbox 1451 691 1671 735; x_wconf 76' lang='lat' dir='ltr'>Hispaniensi</span> 
     </span>
     <span class='ocr_line' id='line_1_5' title="bbox 199 744 1676 788; baseline -0.001 -10"><span class='ocrx_word' id='word_1_49' title='bbox 199 755 291 785; x_wconf 86' lang='lat' dir='ltr'>eum,</span> <span class='ocrx_word' id='word_1_50' title='bbox 304 747 363 788; x_wconf 86' lang='lat' dir='ltr'>qui</span> <span class='ocrx_word' id='word_1_51' title='bbox 378 747 481 780; x_wconf 91' lang='lat' dir='ltr'>hodie</span> <span class='ocrx_word' id='word_1_52' title='bbox 495 748 741 787; x_wconf 77' lang='lat' dir='ltr'>circumfertur,</span> <span class='ocrx_word' id='word_1_53' title='bbox 756 749 817 788; x_wconf 86' lang='lat' dir='ltr'>sic,</span> <span class='ocrx_word' id='word_1_54' title='bbox 835 755 871 780; x_wconf 90' lang='lat' dir='ltr'>ut</span> <span class='ocrx_word' id='word_1_55' title='bbox 886 748 1130 786; x_wconf 84' lang='lat' dir='ltr'>circumfertur,</span> <span class='ocrx_word' id='word_1_56' title='bbox 1143 747 1187 780; x_wconf 90' lang='lat' dir='ltr'>ab</span> <span class='ocrx_word' id='word_1_57' title='bbox 1210 752 1348 778; x_wconf 89' lang='lat' dir='ltr'>auctore</span> <span class='ocrx_word' id='word_1_58' title='bbox 1363 751 1551 778; x_wconf 86' lang='lat' dir='ltr'>ceterorum</span> <span class='ocrx_word' id='word_1_59' title='bbox 1566 744 1676 777; x_wconf 85' lang='lat' dir='ltr'>libro·</span> 
     </span>
     <span class='ocr_line' id='line_1_6' title="bbox 200 796 1672 840; baseline -0.001 -11"><span class='ocrx_word' id='word_1_60' title='bbox 200 807 276 829; x_wconf 89' lang='lat' dir='ltr'>rum</span> <span class='ocrx_word' id='word_1_61' title='bbox 290 798 480 830; x_wconf 82' lang='lat' dir='ltr'>confectum</span> <span class='ocrx_word' id='word_1_62' title='bbox 495 810 568 831; x_wconf 82' lang='lat' dir='ltr'>esse</span> <span class='ocrx_word' id='word_1_63' title='bbox 583 813 589 832; x_wconf 93' lang='lat'>:</span> <span class='ocrx_word' id='word_1_64' title='bbox 620 806 710 833; x_wconf 87' lang='lat' dir='ltr'>tanta</span> <span class='ocrx_word' id='word_1_65' title='bbox 725 807 775 832; x_wconf 88' lang='lat' dir='ltr'>est</span> <span class='ocrx_word' id='word_1_66' title='bbox 791 799 1037 832; x_wconf 84' lang='lat' dir='ltr'>dissimilitudo</span> <span class='ocrx_word' id='word_1_67' title='bbox 1052 806 1086 831; x_wconf 86' lang='lat' dir='ltr'>et</span> <span class='ocrx_word' id='word_1_68' title='bbox 1101 798 1276 837; x_wconf 86' lang='lat' dir='ltr'>orationis,</span> <span class='ocrx_word' id='word_1_69' title='bbox 1291 804 1325 829; x_wconf 91' lang='lat' dir='ltr'>et</span> <span class='ocrx_word' id='word_1_70' title='bbox 1340 797 1445 836; x_wconf 89' lang='lat' dir='ltr'>modi,</span> <span class='ocrx_word' id='word_1_71' title='bbox 1457 808 1526 840; x_wconf 90' lang='lat' dir='ltr'>quo</span> <span class='ocrx_word' id='word_1_72' title='bbox 1541 796 1672 838; x_wconf 73' lang='lat' dir='ltr'>singula</span> 
     </span>
     <span class='ocr_line' id='line_1_7' title="bbox 202 851 1668 894; baseline 0 -14"><span class='ocrx_word' id='word_1_73' title='bbox 202 855 389 882; x_wconf 87' lang='lat' dir='ltr'>narrantur.</span> <span class='ocrx_word' id='word_1_74' title='bbox 435 851 577 883; x_wconf 80' lang='lat' dir='ltr'>Etiamsi</span> <span class='ocrx_word' id='word_1_75' title='bbox 593 852 684 884; x_wconf 91' lang='lat' dir='ltr'>enim</span> <span class='ocrx_word' id='word_1_76' title='bbox 702 852 827 894; x_wconf 86' lang='lat' dir='ltr'>passim</span> <span class='ocrx_word' id='word_1_77' title='bbox 846 851 1055 893; x_wconf 81' lang='lat' dir='ltr'>probabilior</span> <span class='ocrx_word' id='word_1_78' title='bbox 1070 851 1177 883; x_wconf 89' lang='lat' dir='ltr'>oratio</span> <span class='ocrx_word' id='word_1_79' title='bbox 1195 857 1258 889; x_wconf 87' lang='lat' dir='ltr'>est,</span> <span class='ocrx_word' id='word_1_80' title='bbox 1273 856 1307 881; x_wconf 90' lang='lat' dir='ltr'>ut</span> <span class='ocrx_word' id='word_1_81' title='bbox 1321 860 1352 881; x_wconf 89' lang='lat' dir='ltr'>c.</span> <span class='ocrx_word' id='word_1_82' title='bbox 1373 851 1410 880; x_wconf 85' lang='lat'>15</span> <span class='ocrx_word' id='word_1_83' title='bbox 1424 855 1457 881; x_wconf 88' lang='lat' dir='ltr'>et</span> <span class='ocrx_word' id='word_1_84' title='bbox 1475 851 1514 881; x_wconf 89' lang='grc'>17</span> <span class='ocrx_word' id='word_1_85' title='bbox 1529 861 1537 880; x_wconf 90' lang='lat'><strong>:</strong></span> <span class='ocrx_word' id='word_1_86' title='bbox 1558 854 1668 880; x_wconf 85' lang='lat' dir='ltr'>tamen</span> 
     </span>
     <span class='ocr_line' id='line_1_8' title="bbox 200 901 1671 947; baseline 0 -13"><span class='ocrx_word' id='word_1_87' title='bbox 200 903 358 945; x_wconf 89' lang='lat' dir='ltr'>pleraque</span> <span class='ocrx_word' id='word_1_88' title='bbox 371 905 455 936; x_wconf 88' lang='lat' dir='ltr'>adeo</span> <span class='ocrx_word' id='word_1_89' title='bbox 471 905 597 938; x_wconf 90' lang='lat' dir='ltr'>inculta</span> <span class='ocrx_word' id='word_1_90' title='bbox 614 914 702 945; x_wconf 90' lang='lat' dir='ltr'>sunt,</span> <span class='ocrx_word' id='word_1_91' title='bbox 719 913 754 937; x_wconf 91' lang='lat' dir='ltr'>ut</span> <span class='ocrx_word' id='word_1_92' title='bbox 769 911 956 944; x_wconf 78' lang='lat' dir='ltr'>auctorem,</span> <span class='ocrx_word' id='word_1_93' title='bbox 969 916 1070 947; x_wconf 89' lang='lat' dir='ltr'>quem</span> <span class='ocrx_word' id='word_1_94' title='bbox 1088 903 1179 936; x_wconf 90' lang='lat' dir='ltr'>Oud.</span> <span class='ocrx_word' id='word_1_95' title='bbox 1196 905 1239 936; x_wconf 87' lang='lat' dir='ltr'>ad</span> <span class='ocrx_word' id='word_1_96' title='bbox 1255 915 1286 936; x_wconf 90' lang='lat' dir='ltr'>c.</span> <span class='ocrx_word' id='word_1_97' title='bbox 1302 907 1356 935; x_wconf 74' lang='lat'>22.</span> <span class='ocrx_word' id='word_1_98' title='bbox 1375 903 1559 945; x_wconf 89' lang='lat' dir='ltr'>ineptulum</span> <span class='ocrx_word' id='word_1_99' title='bbox 1574 901 1671 940; x_wconf 79' lang='lat' dir='ltr'>dicit,</span> 
     </span>
     <span class='ocr_line' id='line_1_9' title="bbox 196 953 1673 998; baseline -0.001 -12"><span class='ocrx_word' id='word_1_100' title='bbox 196 963 257 986; x_wconf 88' lang='lat' dir='ltr'>aut</span> <span class='ocrx_word' id='word_1_101' title='bbox 270 965 336 987; x_wconf 90' lang='lat' dir='ltr'>non</span> <span class='ocrx_word' id='word_1_102' title='bbox 352 956 515 998; x_wconf 89' lang='lat' dir='ltr'>potuisse,</span> <span class='ocrx_word' id='word_1_103' title='bbox 530 963 588 989; x_wconf 88' lang='lat' dir='ltr'>aut</span> <span class='ocrx_word' id='word_1_104' title='bbox 604 958 752 989; x_wconf 85' lang='lat' dir='ltr'>noluisse</span> <span class='ocrx_word' id='word_1_105' title='bbox 773 958 859 989; x_wconf 89' lang='lat' dir='ltr'>bene</span> <span class='ocrx_word' id='word_1_106' title='bbox 881 957 1032 989; x_wconf 87' lang='lat' dir='ltr'>scribere</span> <span class='ocrx_word' id='word_1_107' title='bbox 1056 957 1228 998; x_wconf 75' lang='lat' dir='ltr'>adpareat.</span> <span class='ocrx_word' id='word_1_108' title='bbox 1273 957 1322 988; x_wconf 87' lang='lat' dir='ltr'>Ac</span> <span class='ocrx_word' id='word_1_109' title='bbox 1348 954 1511 988; x_wconf 90' lang='lat' dir='ltr'>minuitur</span> <span class='ocrx_word' id='word_1_110' title='bbox 1531 953 1673 996; x_wconf 86' lang='lat' dir='ltr'>quidem</span> 
     </span>
     <span class='ocr_line' id='line_1_10' title="bbox 195 1007 1671 1051; baseline -0.001 -13"><span class='ocrx_word' id='word_1_111' title='bbox 195 1007 347 1040; x_wconf 89' lang='lat' dir='ltr'>auctoris</span> <span class='ocrx_word' id='word_1_112' title='bbox 361 1009 463 1051; x_wconf 85' lang='lat' dir='ltr'>culpa</span> <span class='ocrx_word' id='word_1_113' title='bbox 478 1020 534 1048; x_wconf 89' lang='lat' dir='ltr'>eo,</span> <span class='ocrx_word' id='word_1_114' title='bbox 548 1010 638 1051; x_wconf 91' lang='lat' dir='ltr'>quod</span> <span class='ocrx_word' id='word_1_115' title='bbox 655 1009 740 1041; x_wconf 86' lang='lat' dir='ltr'>liber</span> <span class='ocrx_word' id='word_1_116' title='bbox 751 1010 837 1041; x_wconf 87' lang='lat' dir='ltr'>adeo</span> <span class='ocrx_word' id='word_1_117' title='bbox 854 1010 1054 1051; x_wconf 80' lang='lat' dir='ltr'>depravatus</span> <span class='ocrx_word' id='word_1_118' title='bbox 1071 1015 1134 1048; x_wconf 88' lang='lat' dir='ltr'>est,</span> <span class='ocrx_word' id='word_1_119' title='bbox 1156 1015 1193 1040; x_wconf 90' lang='lat' dir='ltr'>ut</span> <span class='ocrx_word' id='word_1_120' title='bbox 1210 1009 1369 1050; x_wconf 82' lang='lat' dir='ltr'>permulti</span> <span class='ocrx_word' id='word_1_121' title='bbox 1390 1007 1458 1039; x_wconf 90' lang='lat' dir='ltr'>loci</span> <span class='ocrx_word' id='word_1_122' title='bbox 1475 1007 1575 1049; x_wconf 90' lang='lat' dir='ltr'>plane</span> <span class='ocrx_word' id='word_1_123' title='bbox 1590 1015 1671 1045; x_wconf 88' lang='lat' dir='ltr'>non,</span> 
     </span>
     <span class='ocr_line' id='line_1_11' title="bbox 197 1059 1674 1104; baseline -0.001 -12"><span class='ocrx_word' id='word_1_124' title='bbox 197 1061 391 1103; x_wconf 87' lang='lat' dir='ltr'>complures</span> <span class='ocrx_word' id='word_1_125' title='bbox 404 1061 460 1093; x_wconf 81' lang='lat' dir='ltr'>vix</span> <span class='ocrx_word' id='word_1_126' title='bbox 477 1061 620 1103; x_wconf 84' lang='lat' dir='ltr'>intelligi</span> <span class='ocrx_word' id='word_1_127' title='bbox 635 1062 776 1103; x_wconf 83' lang='lat' dir='ltr'>possint,</span> <span class='ocrx_word' id='word_1_128' title='bbox 791 1062 880 1092; x_wconf 89' lang='lat' dir='ltr'>haud</span> <span class='ocrx_word' id='word_1_129' title='bbox 897 1072 1081 1104; x_wconf 90' lang='lat' dir='ltr'>paucorum</span> <span class='ocrx_word' id='word_1_130' title='bbox 1092 1062 1193 1094; x_wconf 91' lang='lat' dir='ltr'>lectio</span> <span class='ocrx_word' id='word_1_131' title='bbox 1206 1062 1344 1094; x_wconf 85' lang='lat' dir='ltr'>omnino</span> <span class='ocrx_word' id='word_1_132' title='bbox 1362 1061 1489 1093; x_wconf 82' lang='lat' dir='ltr'>incerta</span> <span class='ocrx_word' id='word_1_133' title='bbox 1503 1059 1559 1099; x_wconf 87' lang='lat' dir='ltr'>sit,</span> <span class='ocrx_word' id='word_1_134' title='bbox 1571 1065 1674 1102; x_wconf 80' lang='lat' dir='ltr'>atque</span> 
     </span>
     <span class='ocr_line' id='line_1_12' title="bbox 198 1110 1672 1156; baseline -0.001 -12"><span class='ocrx_word' id='word_1_135' title='bbox 198 1111 310 1144; x_wconf 90' lang='lat' dir='ltr'>Julius</span> <span class='ocrx_word' id='word_1_136' title='bbox 325 1112 456 1152; x_wconf 83' lang='lat' dir='ltr'>Celsus,</span> <span class='ocrx_word' id='word_1_137' title='bbox 476 1113 535 1154; x_wconf 92' lang='lat' dir='ltr'>qui</span> <span class='ocrx_word' id='word_1_138' title='bbox 552 1114 592 1144; x_wconf 94' lang='lat' dir='ltr'>de</span> <span class='ocrx_word' id='word_1_139' title='bbox 608 1113 678 1144; x_wconf 89' lang='lat' dir='ltr'>vita</span> <span class='ocrx_word' id='word_1_140' title='bbox 698 1112 841 1145; x_wconf 76' lang='lat' dir='ltr'>Caesaris</span> <span class='ocrx_word' id='word_1_141' title='bbox 857 1113 1004 1156; x_wconf 86' lang='lat' dir='ltr'>scripsit,</span> <span class='ocrx_word' id='word_1_142' title='bbox 1022 1113 1148 1155; x_wconf 88' lang='lat' dir='ltr'>passim</span> <span class='ocrx_word' id='word_1_143' title='bbox 1168 1112 1328 1155; x_wconf 82' lang='lat' dir='ltr'>expedire</span> <span class='ocrx_word' id='word_1_144' title='bbox 1351 1122 1387 1144; x_wconf 88' lang='lat' dir='ltr'>se</span> <span class='ocrx_word' id='word_1_145' title='bbox 1409 1121 1477 1144; x_wconf 91' lang='lat' dir='ltr'>non</span> <span class='ocrx_word' id='word_1_146' title='bbox 1505 1110 1672 1153; x_wconf 80' lang='lat' dir='ltr'>potuerit:</span> 
     </span>
     <span class='ocr_line' id='line_1_13' title="bbox 197 1163 1674 1207; baseline 0.001 -13"><span class='ocrx_word' id='word_1_147' title='bbox 197 1164 305 1195; x_wconf 83' lang='lat' dir='ltr'>multa</span> <span class='ocrx_word' id='word_1_148' title='bbox 318 1163 408 1195; x_wconf 89' lang='lat' dir='ltr'>enim</span> <span class='ocrx_word' id='word_1_149' title='bbox 424 1163 506 1195; x_wconf 91' lang='lat' dir='ltr'>vitio</span> <span class='ocrx_word' id='word_1_150' title='bbox 522 1163 723 1205; x_wconf 89' lang='lat' dir='ltr'>scriptorum</span> <span class='ocrx_word' id='word_1_151' title='bbox 741 1165 881 1197; x_wconf 68' lang='lat' dir='ltr'>contusa</span> <span class='ocrx_word' id='word_1_152' title='bbox 891 1165 948 1197; x_wconf 86' lang='lat' dir='ltr'>vix</span> <span class='ocrx_word' id='word_1_153' title='bbox 963 1165 1104 1207; x_wconf 82' lang='lat' dir='ltr'>intelligi</span> <span class='ocrx_word' id='word_1_154' title='bbox 1121 1176 1221 1206; x_wconf 87' lang='lat' dir='ltr'>posse</span> <span class='ocrx_word' id='word_1_155' title='bbox 1231 1164 1379 1206; x_wconf 90' lang='lat' dir='ltr'>queritur</span> <span class='ocrx_word' id='word_1_156' title='bbox 1394 1165 1447 1206; x_wconf 93' lang='lat' dir='ltr'>(p.</span> <span class='ocrx_word' id='word_1_157' title='bbox 1463 1165 1555 1204; x_wconf 77' lang='lat'>241),</span> <span class='ocrx_word' id='word_1_158' title='bbox 1565 1173 1674 1206; x_wconf 85' lang='lat' dir='ltr'>eaque</span> 
     </span>
     <span class='ocr_line' id='line_1_14' title="bbox 198 1215 1673 1260; baseline 0.001 -13"><span class='ocrx_word' id='word_1_159' title='bbox 198 1217 238 1248; x_wconf 90' lang='lat' dir='ltr'>de</span> <span class='ocrx_word' id='word_1_160' title='bbox 254 1226 376 1248; x_wconf 88' lang='lat' dir='ltr'>caussa</span> <span class='ocrx_word' id='word_1_161' title='bbox 390 1216 493 1247; x_wconf 88' lang='lat' dir='ltr'>multa</span> <span class='ocrx_word' id='word_1_162' title='bbox 511 1216 556 1248; x_wconf 90' lang='lat' dir='ltr'>ab</span> <span class='ocrx_word' id='word_1_163' title='bbox 573 1227 608 1248; x_wconf 86' lang='lat' dir='ltr'>se</span> <span class='ocrx_word' id='word_1_164' title='bbox 626 1217 793 1258; x_wconf 85' lang='lat' dir='ltr'>praeterita</span> <span class='ocrx_word' id='word_1_165' title='bbox 809 1228 882 1249; x_wconf 85' lang='lat' dir='ltr'>esse</span> <span class='ocrx_word' id='word_1_166' title='bbox 898 1217 1021 1250; x_wconf 84' lang='lat' dir='ltr'>fatetur</span> <span class='ocrx_word' id='word_1_167' title='bbox 1036 1218 1086 1260; x_wconf 90' lang='lat' dir='ltr'>(p.</span> <span class='ocrx_word' id='word_1_168' title='bbox 1102 1220 1193 1258; x_wconf 77' lang='lat'><strong>246).</strong></span> <span class='ocrx_word' id='word_1_169' title='bbox 1241 1217 1365 1250; x_wconf 82' lang='lat' dir='ltr'>Verum</span> <span class='ocrx_word' id='word_1_170' title='bbox 1383 1217 1431 1248; x_wconf 89' lang='lat' dir='ltr'>ibi</span> <span class='ocrx_word' id='word_1_171' title='bbox 1447 1227 1593 1258; x_wconf 90' lang='lat' dir='ltr'>quoque,</span> <span class='ocrx_word' id='word_1_172' title='bbox 1609 1215 1673 1248; x_wconf 82' lang='lat' dir='ltr'>ubi</span> 
     </span>
     <span class='ocr_line' id='line_1_15' title="bbox 195 1268 1675 1312; baseline 0 -12"><span class='ocrx_word' id='word_1_173' title='bbox 195 1269 366 1310; x_wconf 83' lang='lat' dir='ltr'>corruptio</span> <span class='ocrx_word' id='word_1_174' title='bbox 381 1269 475 1300; x_wconf 88' lang='lat' dir='ltr'>nulla</span> <span class='ocrx_word' id='word_1_175' title='bbox 491 1275 553 1307; x_wconf 88' lang='lat' dir='ltr'>est,</span> <span class='ocrx_word' id='word_1_176' title='bbox 568 1279 633 1300; x_wconf 90' lang='lat' dir='ltr'>non</span> <span class='ocrx_word' id='word_1_177' title='bbox 651 1280 773 1311; x_wconf 83' lang='lat' dir='ltr'>magna</span> <span class='ocrx_word' id='word_1_178' title='bbox 789 1269 963 1312; x_wconf 89' lang='lat' dir='ltr'>scriptoris</span> <span class='ocrx_word' id='word_1_179' title='bbox 977 1271 1122 1303; x_wconf 82' lang='lat' dir='ltr'>facultas</span> <span class='ocrx_word' id='word_1_180' title='bbox 1137 1271 1263 1302; x_wconf 88' lang='lat' dir='ltr'>elucet.</span> <span class='ocrx_word' id='word_1_181' title='bbox 1310 1270 1439 1300; x_wconf 85' lang='lat' dir='ltr'>Rursus</span> <span class='ocrx_word' id='word_1_182' title='bbox 1461 1268 1584 1300; x_wconf 86' lang='lat' dir='ltr'>modus</span> <span class='ocrx_word' id='word_1_183' title='bbox 1598 1277 1675 1300; x_wconf 80' lang='lat' dir='ltr'>nar·</span> 
     </span>
     <span class='ocr_line' id='line_1_16' title="bbox 195 1320 1673 1363; baseline 0.001 -12"><span class='ocrx_word' id='word_1_184' title='bbox 195 1320 287 1352; x_wconf 87' lang='lat' dir='ltr'>randi</span> <span class='ocrx_word' id='word_1_185' title='bbox 303 1326 353 1352; x_wconf 90' lang='lat' dir='ltr'>est</span> <span class='ocrx_word' id='word_1_186' title='bbox 368 1320 409 1359; x_wconf 88' lang='lat' dir='ltr'>is,</span> <span class='ocrx_word' id='word_1_187' title='bbox 425 1326 473 1360; x_wconf 91' lang='lat' dir='ltr'>ut,</span> <span class='ocrx_word' id='word_1_188' title='bbox 488 1321 700 1362; x_wconf 81' lang='lat' dir='ltr'>gravioribus</span> <span class='ocrx_word' id='word_1_189' title='bbox 717 1322 785 1353; x_wconf 84' lang='lat' dir='ltr'>sere</span> <span class='ocrx_word' id='word_1_190' title='bbox 802 1322 978 1363; x_wconf 80' lang='lat' dir='ltr'>neglectis,</span> <span class='ocrx_word' id='word_1_191' title='bbox 1003 1333 1054 1362; x_wconf 87' lang='lat' dir='ltr'>ea,</span> <span class='ocrx_word' id='word_1_192' title='bbox 1080 1333 1156 1363; x_wconf 85' lang='lat' dir='ltr'>quae</span> <span class='ocrx_word' id='word_1_193' title='bbox 1181 1321 1268 1353; x_wconf 82' lang='lat' dir='ltr'>scire</span> <span class='ocrx_word' id='word_1_194' title='bbox 1295 1331 1480 1362; x_wconf 89' lang='lat' dir='ltr'>paucorum</span> <span class='ocrx_word' id='word_1_195' title='bbox 1505 1320 1673 1358; x_wconf 79' lang='lat' dir='ltr'>intererat,</span> 
     </span>
     <span class='ocr_line' id='line_1_17' title="bbox 195 1371 1674 1415; baseline -0.001 -11"><span class='ocrx_word' id='word_1_196' title='bbox 195 1373 390 1414; x_wconf 79' lang='lat' dir='ltr'>consignata</span> <span class='ocrx_word' id='word_1_197' title='bbox 404 1372 612 1414; x_wconf 83' lang='lat' dir='ltr'>reperiantur</span> <span class='ocrx_word' id='word_1_198' title='bbox 627 1385 633 1403; x_wconf 92' lang='lat'>:</span> <span class='ocrx_word' id='word_1_199' title='bbox 659 1379 695 1403; x_wconf 91' lang='lat' dir='ltr'>ut</span> <span class='ocrx_word' id='word_1_200' title='bbox 710 1380 829 1405; x_wconf 84' lang='lat' dir='ltr'>auctor</span> <span class='ocrx_word' id='word_1_201' title='bbox 843 1373 1053 1405; x_wconf 79' lang='lat' dir='ltr'>existimasse</span> <span class='ocrx_word' id='word_1_202' title='bbox 1068 1373 1233 1413; x_wconf 77' lang='lat' dir='ltr'>videatur,</span> <span class='ocrx_word' id='word_1_203' title='bbox 1256 1383 1331 1415; x_wconf 83' lang='lat' dir='ltr'>quae</span> <span class='ocrx_word' id='word_1_204' title='bbox 1350 1372 1415 1414; x_wconf 90' lang='lat' dir='ltr'>ipsi</span> <span class='ocrx_word' id='word_1_205' title='bbox 1438 1377 1519 1405; x_wconf 80' lang='lat' dir='ltr'>nota</span> <span class='ocrx_word' id='word_1_206' title='bbox 1535 1371 1674 1413; x_wconf 79' lang='lat' dir='ltr'>fuerint,</span> 
     </span>
     <span class='ocr_line' id='line_1_18' title="bbox 194 1423 1673 1467; baseline 0 -12"><span class='ocrx_word' id='word_1_207' title='bbox 194 1425 312 1456; x_wconf 89' lang='lat' dir='ltr'>eadem</span> <span class='ocrx_word' id='word_1_208' title='bbox 326 1423 523 1462; x_wconf 85' lang='lat' dir='ltr'>lectoribus,</span> <span class='ocrx_word' id='word_1_209' title='bbox 539 1424 591 1455; x_wconf 87' lang='lat' dir='ltr'>vel</span> <span class='ocrx_word' id='word_1_210' title='bbox 609 1425 728 1465; x_wconf 86' lang='lat' dir='ltr'>procul</span> <span class='ocrx_word' id='word_1_211' title='bbox 745 1431 937 1465; x_wconf 86' lang='lat' dir='ltr'>monstrata,</span> <span class='ocrx_word' id='word_1_212' title='bbox 949 1427 1067 1457; x_wconf 80' lang='lat' dir='ltr'>eodeni</span> <span class='ocrx_word' id='word_1_213' title='bbox 1085 1427 1187 1457; x_wconf 82' lang='lat' dir='ltr'>inodo</span> <span class='ocrx_word' id='word_1_214' title='bbox 1206 1425 1385 1467; x_wconf 88' lang='lat' dir='ltr'>perspicua</span> <span class='ocrx_word' id='word_1_215' title='bbox 1400 1425 1493 1457; x_wconf 82' lang='lat' dir='ltr'>sore:</span> <span class='ocrx_word' id='word_1_216' title='bbox 1517 1429 1554 1455; x_wconf 83' lang='lat' dir='ltr'>ut</span> <span class='ocrx_word' id='word_1_217' title='bbox 1568 1423 1673 1466; x_wconf 71' lang='lat' dir='ltr'>digna</span> 
     </span>
     <span class='ocr_line' id='line_1_19' title="bbox 194 1475 1673 1520; baseline 0 -13"><span class='ocrx_word' id='word_1_218' title='bbox 194 1476 337 1518; x_wconf 88' lang='lat' dir='ltr'>denique</span> <span class='ocrx_word' id='word_1_219' title='bbox 352 1475 394 1508; x_wconf 92' lang='lat' dir='ltr'>sit</span> <span class='ocrx_word' id='word_1_220' title='bbox 409 1475 518 1508; x_wconf 86' lang='lat' dir='ltr'>oratio</span> <span class='ocrx_word' id='word_1_221' title='bbox 534 1481 617 1508; x_wconf 85' lang='lat' dir='ltr'>teste</span> <span class='ocrx_word' id='word_1_222' title='bbox 634 1484 667 1507; x_wconf 88' lang='lat' dir='ltr'>et</span> <span class='ocrx_word' id='word_1_223' title='bbox 682 1483 871 1518; x_wconf 77' lang='lat' dir='ltr'>spectatore</span> <span class='ocrx_word' id='word_1_224' title='bbox 887 1488 999 1509; x_wconf 88' lang='lat' dir='ltr'>rerum</span> <span class='ocrx_word' id='word_1_225' title='bbox 1016 1484 1196 1520; x_wconf 84' lang='lat' dir='ltr'>occupato.</span> <span class='ocrx_word' id='word_1_226' title='bbox 1211 1477 1270 1519; x_wconf 90' lang='lat' dir='ltr'>qui</span> <span class='ocrx_word' id='word_1_227' title='bbox 1289 1477 1324 1509; x_wconf 89' lang='lat' dir='ltr'>in</span> <span class='ocrx_word' id='word_1_228' title='bbox 1340 1476 1474 1509; x_wconf 76' lang='lat' dir='ltr'>tabulas</span> <span class='ocrx_word' id='word_1_229' title='bbox 1488 1485 1567 1508; x_wconf 79' lang='lat' dir='ltr'>suas</span> <span class='ocrx_word' id='word_1_230' title='bbox 1580 1481 1673 1508; x_wconf 83' lang='lat' dir='ltr'>retu-</span> 
     </span>
     <span class='ocr_line' id='line_1_20' title="bbox 194 1527 1675 1571; baseline 0 -11"><span class='ocrx_word' id='word_1_231' title='bbox 194 1528 268 1561; x_wconf 88' lang='lat' dir='ltr'>lerit</span> <span class='ocrx_word' id='word_1_232' title='bbox 289 1528 442 1571; x_wconf 83' lang='lat' dir='ltr'>quotidie</span> <span class='ocrx_word' id='word_1_233' title='bbox 466 1539 529 1568; x_wconf 87' lang='lat' dir='ltr'>res,</span> <span class='ocrx_word' id='word_1_234' title='bbox 553 1528 619 1561; x_wconf 87' lang='lat' dir='ltr'>sibi</span> <span class='ocrx_word' id='word_1_235' title='bbox 642 1529 883 1562; x_wconf 87' lang='lat' dir='ltr'>memorabiles</span> <span class='ocrx_word' id='word_1_236' title='bbox 907 1531 1013 1569; x_wconf 84' lang='lat' dir='ltr'>visas;</span> <span class='ocrx_word' id='word_1_237' title='bbox 1045 1536 1192 1562; x_wconf 86' lang='lat' dir='ltr'>ceterum</span> <span class='ocrx_word' id='word_1_238' title='bbox 1216 1529 1323 1562; x_wconf 88' lang='lat' dir='ltr'>casin</span> <span class='ocrx_word' id='word_1_239' title='bbox 1341 1529 1495 1561; x_wconf 89' lang='lat' dir='ltr'>ordinem</span> <span class='ocrx_word' id='word_1_240' title='bbox 1511 1527 1675 1570; x_wconf 80' lang='lat' dir='ltr'>redigere,</span> 
     </span>
     <span class='ocr_line' id='line_1_21' title="bbox 190 1578 1672 1626; baseline 0 -14"><span class='ocrx_word' id='word_1_241' title='bbox 190 1578 346 1623; x_wconf 89' lang='lat' dir='ltr'>justaque</span> <span class='ocrx_word' id='word_1_242' title='bbox 372 1581 538 1613; x_wconf 86' lang='lat' dir='ltr'>orationis</span> <span class='ocrx_word' id='word_1_243' title='bbox 566 1582 673 1614; x_wconf 82' lang='lat' dir='ltr'>forma</span> <span class='ocrx_word' id='word_1_244' title='bbox 699 1582 847 1617; x_wconf 75' lang='lat' dir='ltr'>induere.</span> <span class='ocrx_word' id='word_1_245' title='bbox 874 1593 939 1615; x_wconf 90' lang='lat' dir='ltr'>non</span> <span class='ocrx_word' id='word_1_246' title='bbox 967 1594 1077 1625; x_wconf 73' lang='lat' dir='ltr'>opera&gt;</span> <span class='ocrx_word' id='word_1_247' title='bbox 1105 1583 1251 1626; x_wconf 85' lang='lat' dir='ltr'>pretium</span> <span class='ocrx_word' id='word_1_248' title='bbox 1279 1582 1422 1615; x_wconf 80' lang='lat' dir='ltr'>duxerit.</span> <span class='ocrx_word' id='word_1_249' title='bbox 1472 1580 1563 1613; x_wconf 82' lang='lat' dir='ltr'>Fieri</span> <span class='ocrx_word' id='word_1_250' title='bbox 1591 1591 1672 1623; x_wconf 83' lang='lat' dir='ltr'>ergo</span> 
     </span>
     <span class='ocr_line' id='line_1_22' title="bbox 195 1631 1674 1677; baseline -0.001 -12"><span class='ocrx_word' id='word_1_251' title='bbox 195 1633 317 1675; x_wconf 87' lang='lat' dir='ltr'>potuit,</span> <span class='ocrx_word' id='word_1_252' title='bbox 331 1638 367 1664; x_wconf 91' lang='lat' dir='ltr'>ut</span> <span class='ocrx_word' id='word_1_253' title='bbox 380 1632 541 1674; x_wconf 90' lang='lat' dir='ltr'>antiquus</span> <span class='ocrx_word' id='word_1_254' title='bbox 558 1632 615 1665; x_wconf 84' lang='lat' dir='ltr'>ille</span> <span class='ocrx_word' id='word_1_255' title='bbox 631 1639 665 1665; x_wconf 90' lang='lat' dir='ltr'>et</span> <span class='ocrx_word' id='word_1_256' title='bbox 678 1634 845 1676; x_wconf 86' lang='lat' dir='ltr'>genuinus</span> <span class='ocrx_word' id='word_1_257' title='bbox 860 1636 901 1667; x_wconf 88' lang='lat' dir='ltr'>de</span> <span class='ocrx_word' id='word_1_258' title='bbox 916 1634 1136 1677; x_wconf 82' lang='lat' dir='ltr'>Hispaniensi</span> <span class='ocrx_word' id='word_1_259' title='bbox 1154 1635 1243 1667; x_wconf 85' lang='lat' dir='ltr'>bello</span> <span class='ocrx_word' id='word_1_260' title='bbox 1261 1635 1360 1673; x_wconf 86' lang='lat' dir='ltr'>liber,</span> <span class='ocrx_word' id='word_1_261' title='bbox 1375 1644 1477 1676; x_wconf 89' lang='lat' dir='ltr'>quem</span> <span class='ocrx_word' id='word_1_262' title='bbox 1492 1631 1674 1665; x_wconf 75' lang='lat' dir='ltr'>Suetonius</span> 
     </span>
     <span class='ocr_line' id='line_1_23' title="bbox 194 1683 1674 1727; baseline -0.001 -10"><span class='ocrx_word' id='word_1_263' title='bbox 194 1685 289 1727; x_wconf 86' lang='lat' dir='ltr'>legit,</span> <span class='ocrx_word' id='word_1_264' title='bbox 313 1685 358 1716; x_wconf 88' lang='lat' dir='ltr'>ab</span> <span class='ocrx_word' id='word_1_265' title='bbox 382 1684 496 1726; x_wconf 92' lang='lat' dir='ltr'>aliquo</span> <span class='ocrx_word' id='word_1_266' title='bbox 527 1683 559 1716; x_wconf 90' lang='lat' dir='ltr'>in</span> <span class='ocrx_word' id='word_1_267' title='bbox 592 1684 730 1717; x_wconf 88' lang='lat' dir='ltr'>brevem</span> <span class='ocrx_word' id='word_1_268' title='bbox 760 1696 927 1718; x_wconf 85' lang='lat' dir='ltr'>summam</span> <span class='ocrx_word' id='word_1_269' title='bbox 957 1692 1149 1718; x_wconf 84' lang='lat' dir='ltr'>contractus</span> <span class='ocrx_word' id='word_1_270' title='bbox 1179 1685 1422 1727; x_wconf 88' lang='lat' dir='ltr'>mutilatusque</span> <span class='ocrx_word' id='word_1_271' title='bbox 1450 1685 1493 1717; x_wconf 87' lang='lat' dir='ltr'>ad</span> <span class='ocrx_word' id='word_1_272' title='bbox 1522 1690 1674 1726; x_wconf 80' lang='lat' dir='ltr'>posteros</span> 
     </span>
     <span class='ocr_line' id='line_1_24' title="bbox 195 1735 1671 1781; baseline 0.001 -14"><span class='ocrx_word' id='word_1_273' title='bbox 195 1737 337 1768; x_wconf 85' lang='lat' dir='ltr'>veniret:</span> <span class='ocrx_word' id='word_1_274' title='bbox 370 1742 428 1767; x_wconf 88' lang='lat' dir='ltr'>aut</span> <span class='ocrx_word' id='word_1_275' title='bbox 450 1743 486 1767; x_wconf 92' lang='lat' dir='ltr'>ut</span> <span class='ocrx_word' id='word_1_276' title='bbox 509 1737 610 1779; x_wconf 86' lang='lat' dir='ltr'>plane</span> <span class='ocrx_word' id='word_1_277' title='bbox 636 1737 863 1777; x_wconf 83' lang='lat' dir='ltr'>intercideret,</span> <span class='ocrx_word' id='word_1_278' title='bbox 877 1746 911 1770; x_wconf 90' lang='lat' dir='ltr'>et</span> <span class='ocrx_word' id='word_1_279' title='bbox 926 1739 1013 1770; x_wconf 88' lang='lat' dir='ltr'>alius</span> <span class='ocrx_word' id='word_1_280' title='bbox 1028 1739 1202 1781; x_wconf 87' lang='lat' dir='ltr'>cujusdam</span> <span class='ocrx_word' id='word_1_281' title='bbox 1220 1737 1367 1769; x_wconf 88' lang='lat' dir='ltr'>hominis</span> <span class='ocrx_word' id='word_1_282' title='bbox 1384 1735 1616 1778; x_wconf 80' lang='lat' dir='ltr'>ephemerides</span> <span class='ocrx_word' id='word_1_283' title='bbox 1629 1737 1671 1768; x_wconf 90' lang='lat' dir='ltr'>de</span> 
     </span>
     <span class='ocr_line' id='line_1_25' title="bbox 196 1790 1673 1834; baseline -0.001 -10"><span class='ocrx_word' id='word_1_284' title='bbox 196 1792 261 1824; x_wconf 87' lang='lat' dir='ltr'>hoc</span> <span class='ocrx_word' id='word_1_285' title='bbox 279 1791 372 1823; x_wconf 88' lang='lat' dir='ltr'>bello</span> <span class='ocrx_word' id='word_1_286' title='bbox 388 1797 610 1824; x_wconf 77' lang='lat' dir='ltr'>servarentur.</span> <span class='ocrx_word' id='word_1_287' title='bbox 656 1791 743 1824; x_wconf 90' lang='lat' dir='ltr'>Cum</span> <span class='ocrx_word' id='word_1_288' title='bbox 766 1799 879 1825; x_wconf 79' lang='lat' dir='ltr'>autem</span> <span class='ocrx_word' id='word_1_289' title='bbox 903 1793 934 1825; x_wconf 90' lang='lat' dir='ltr'>in</span> <span class='ocrx_word' id='word_1_290' title='bbox 961 1793 1025 1825; x_wconf 88' lang='lat' dir='ltr'>hoc</span> <span class='ocrx_word' id='word_1_291' title='bbox 1049 1793 1151 1831; x_wconf 86' lang='lat' dir='ltr'>libro,</span> <span class='ocrx_word' id='word_1_292' title='bbox 1173 1792 1235 1834; x_wconf 87' lang='lat' dir='ltr'>qui</span> <span class='ocrx_word' id='word_1_293' title='bbox 1260 1801 1326 1823; x_wconf 93' lang='lat' dir='ltr'>non</span> <span class='ocrx_word' id='word_1_294' title='bbox 1350 1790 1518 1823; x_wconf 89' lang='lat' dir='ltr'>tironibus</span> <span class='ocrx_word' id='word_1_295' title='bbox 1538 1790 1580 1822; x_wconf 82' lang='lat' dir='ltr'>ad</span> <span class='ocrx_word' id='word_1_296' title='bbox 1602 1791 1673 1822; x_wconf 90' lang='lat' dir='ltr'>ele-</span> 
     </span>
     <span class='ocr_line' id='line_1_26' title="bbox 195 1841 1672 1885; baseline -0.001 -10"><span class='ocrx_word' id='word_1_297' title='bbox 195 1849 309 1875; x_wconf 90' lang='lat' dir='ltr'>menta</span> <span class='ocrx_word' id='word_1_298' title='bbox 338 1842 461 1884; x_wconf 85' lang='lat' dir='ltr'>linguae</span> <span class='ocrx_word' id='word_1_299' title='bbox 492 1841 662 1883; x_wconf 85' lang='lat' dir='ltr'>discenda,</span> <span class='ocrx_word' id='word_1_300' title='bbox 699 1844 759 1875; x_wconf 89' lang='lat' dir='ltr'>sed</span> <span class='ocrx_word' id='word_1_301' title='bbox 789 1842 1062 1885; x_wconf 85' lang='lat' dir='ltr'>provectioribus</span> <span class='ocrx_word' id='word_1_302' title='bbox 1089 1844 1131 1875; x_wconf 90' lang='lat' dir='ltr'>ad</span> <span class='ocrx_word' id='word_1_303' title='bbox 1167 1842 1444 1876; x_wconf 83' lang='lat' dir='ltr'>exercitationem</span> <span class='ocrx_word' id='word_1_304' title='bbox 1474 1841 1672 1884; x_wconf 62' lang='lat' dir='ltr'>diligentia,</span> 
     </span>
     <span class='ocr_line' id='line_1_27' title="bbox 191 1893 1674 1937; baseline -0.001 -11"><span class='ocrx_word' id='word_1_305' title='bbox 191 1893 318 1937; x_wconf 89' lang='lat' dir='ltr'>judicii</span> <span class='ocrx_word' id='word_1_306' title='bbox 339 1900 372 1925; x_wconf 90' lang='lat' dir='ltr'>et</span> <span class='ocrx_word' id='word_1_307' title='bbox 395 1893 520 1925; x_wconf 86' lang='lat' dir='ltr'>laboris</span> <span class='ocrx_word' id='word_1_308' title='bbox 543 1896 781 1936; x_wconf 89' lang='lat' dir='ltr'>proponendus</span> <span class='ocrx_word' id='word_1_309' title='bbox 804 1901 866 1935; x_wconf 87' lang='lat' dir='ltr'>est,</span> <span class='ocrx_word' id='word_1_310' title='bbox 889 1906 995 1937; x_wconf 85' lang='lat' dir='ltr'>neque</span> <span class='ocrx_word' id='word_1_311' title='bbox 1021 1896 1168 1928; x_wconf 89' lang='lat' dir='ltr'>lectores</span> <span class='ocrx_word' id='word_1_312' title='bbox 1185 1895 1335 1927; x_wconf 80' lang='lat' dir='ltr'>historiae</span> <span class='ocrx_word' id='word_1_313' title='bbox 1351 1893 1519 1926; x_wconf 84' lang='lat' dir='ltr'>studiosos</span> <span class='ocrx_word' id='word_1_314' title='bbox 1534 1903 1674 1936; x_wconf 76' lang='lat' dir='ltr'>magno-</span> 
     </span>
     <span class='ocr_line' id='line_1_28' title="bbox 197 1947 1673 1990; baseline -0.001 -11"><span class='ocrx_word' id='word_1_315' title='bbox 197 1959 278 1990; x_wconf 85' lang='lat' dir='ltr'>pere</span> <span class='ocrx_word' id='word_1_316' title='bbox 293 1954 350 1979; x_wconf 88' lang='lat' dir='ltr'>aut</span> <span class='ocrx_word' id='word_1_317' title='bbox 363 1947 507 1987; x_wconf 87' lang='lat' dir='ltr'>alliciet,</span> <span class='ocrx_word' id='word_1_318' title='bbox 524 1954 579 1979; x_wconf 87' lang='lat' dir='ltr'>aut</span> <span class='ocrx_word' id='word_1_319' title='bbox 597 1948 739 1987; x_wconf 83' lang='lat' dir='ltr'>tenebit,</span> <span class='ocrx_word' id='word_1_320' title='bbox 761 1950 820 1980; x_wconf 91' lang='lat' dir='ltr'>sed</span> <span class='ocrx_word' id='word_1_321' title='bbox 845 1960 921 1980; x_wconf 81' lang='lat' dir='ltr'>cuni</span> <span class='ocrx_word' id='word_1_322' title='bbox 942 1949 973 1980; x_wconf 90' lang='lat' dir='ltr'>in</span> <span class='ocrx_word' id='word_1_323' title='bbox 990 1949 1080 1981; x_wconf 86' lang='lat' dir='ltr'>libro</span> <span class='ocrx_word' id='word_1_324' title='bbox 1099 1949 1154 1981; x_wconf 84' lang='lat' dir='ltr'>tali</span> <span class='ocrx_word' id='word_1_325' title='bbox 1174 1949 1242 1980; x_wconf 77' lang='lat' dir='ltr'>sere</span> <span class='ocrx_word' id='word_1_326' title='bbox 1259 1959 1364 1979; x_wconf 89' lang='lat' dir='ltr'>unum</span> <span class='ocrx_word' id='word_1_327' title='bbox 1386 1947 1469 1979; x_wconf 89' lang='lat' dir='ltr'>illud</span> <span class='ocrx_word' id='word_1_328' title='bbox 1491 1952 1673 1989; x_wconf 73' lang='lat' dir='ltr'>quaeratur,</span> 
     </span>
     <span class='ocr_line' id='line_1_29' title="bbox 194 1998 1673 2042; baseline -0.001 -11"><span class='ocrx_word' id='word_1_329' title='bbox 194 1999 276 2042; x_wconf 86' lang='lat' dir='ltr'>quid</span> <span class='ocrx_word' id='word_1_330' title='bbox 301 2010 321 2031; x_wconf 86' lang='lat' dir='ltr'>a</span> <span class='ocrx_word' id='word_1_331' title='bbox 346 1999 520 2041; x_wconf 88' lang='lat' dir='ltr'>scriptoris</span> <span class='ocrx_word' id='word_1_332' title='bbox 549 2009 647 2031; x_wconf 86' lang='lat' dir='ltr'>manu</span> <span class='ocrx_word' id='word_1_333' title='bbox 674 2000 736 2040; x_wconf 87' lang='lat' dir='ltr'>sit;</span> <span class='ocrx_word' id='word_1_334' title='bbox 771 2011 829 2032; x_wconf 91' lang='lat' dir='ltr'>cur</span> <span class='ocrx_word' id='word_1_335' title='bbox 856 2001 891 2032; x_wconf 91' lang='lat' dir='ltr'>id</span> <span class='ocrx_word' id='word_1_336' title='bbox 917 2002 1125 2032; x_wconf 78' lang='lat' dir='ltr'>nesciamus:</span> <span class='ocrx_word' id='word_1_337' title='bbox 1150 2001 1209 2032; x_wconf 92' lang='lat' dir='ltr'>ubi</span> <span class='ocrx_word' id='word_1_338' title='bbox 1233 2000 1412 2032; x_wconf 87' lang='lat' dir='ltr'>codicibus</span> <span class='ocrx_word' id='word_1_339' title='bbox 1435 1998 1673 2039; x_wconf 71' lang='lat' dir='ltr'>destituamur5</span> 
     </span>
     <span class='ocr_line' id='line_1_30' title="bbox 194 2049 1672 2094; baseline -0.001 -11"><span class='ocrx_word' id='word_1_340' title='bbox 194 2057 306 2084; x_wconf 92' lang='lat' dir='ltr'>utrum</span> <span class='ocrx_word' id='word_1_341' title='bbox 321 2062 398 2092; x_wconf 89' lang='lat' dir='ltr'>spes</span> <span class='ocrx_word' id='word_1_342' title='bbox 414 2051 608 2083; x_wconf 82' lang='lat' dir='ltr'>inveniendi</span> <span class='ocrx_word' id='word_1_343' title='bbox 622 2052 811 2093; x_wconf 75' lang='lat' dir='ltr'>reliqua,an</span> <span class='ocrx_word' id='word_1_344' title='bbox 828 2053 968 2094; x_wconf 71' lang='lat' dir='ltr'>praecisa</span> <span class='ocrx_word' id='word_1_345' title='bbox 986 2053 1029 2084; x_wconf 90' lang='lat' dir='ltr'>sit</span> <span class='ocrx_word' id='word_1_346' title='bbox 1043 2065 1049 2083; x_wconf 78' lang='lat' dir='ltr'><strong><em>z</em></strong></span> <span class='ocrx_word' id='word_1_347' title='bbox 1066 2063 1185 2084; x_wconf 82' lang='lat' dir='ltr'>omnes</span> <span class='ocrx_word' id='word_1_348' title='bbox 1200 2052 1446 2094; x_wconf 82' lang='lat' dir='ltr'>propemodum</span> <span class='ocrx_word' id='word_1_349' title='bbox 1460 2049 1672 2082; x_wconf 83' lang='lat' dir='ltr'>animadver-</span> 
     </span>
     <span class='ocr_line' id='line_1_31' title="bbox 196 2101 1675 2147; baseline -0.001 -11"><span class='ocrx_word' id='word_1_350' title='bbox 196 2105 309 2136; x_wconf 88' lang='lat' dir='ltr'>siones</span> <span class='ocrx_word' id='word_1_351' title='bbox 323 2103 481 2135; x_wconf 90' lang='lat' dir='ltr'>lectionis</span> <span class='ocrx_word' id='word_1_352' title='bbox 497 2104 648 2136; x_wconf 79' lang='lat' dir='ltr'>varietati</span> <span class='ocrx_word' id='word_1_353' title='bbox 666 2104 843 2144; x_wconf 86' lang='lat' dir='ltr'>destinavi,</span> <span class='ocrx_word' id='word_1_354' title='bbox 860 2115 925 2137; x_wconf 89' lang='lat' dir='ltr'>non</span> <span class='ocrx_word' id='word_1_355' title='bbox 942 2106 1095 2147; x_wconf 82' lang='lat' dir='ltr'>neglecta</span> <span class='ocrx_word' id='word_1_356' title='bbox 1109 2113 1220 2136; x_wconf 84' lang='lat' dir='ltr'>tamen</span> <span class='ocrx_word' id='word_1_357' title='bbox 1237 2102 1459 2135; x_wconf 79' lang='lat' dir='ltr'>illustratione</span> <span class='ocrx_word' id='word_1_358' title='bbox 1476 2101 1526 2134; x_wconf 82' lang='lat' dir='ltr'>rei</span> <span class='ocrx_word' id='word_1_359' title='bbox 1539 2112 1581 2134; x_wconf 87' lang='lat' dir='ltr'>ex</span> <span class='ocrx_word' id='word_1_360' title='bbox 1594 2101 1675 2134; x_wconf 73' lang='lat' dir='ltr'>aliis</span> 
     </span>
     <span class='ocr_line' id='line_1_32' title="bbox 197 2153 1672 2199; baseline 0.001 -13"><span class='ocrx_word' id='word_1_361' title='bbox 197 2154 347 2187; x_wconf 89' lang='lat' dir='ltr'>historiae</span> <span class='ocrx_word' id='word_1_362' title='bbox 372 2155 614 2197; x_wconf 83' lang='lat' dir='ltr'>scriptoribus;</span> <span class='ocrx_word' id='word_1_363' title='bbox 647 2157 710 2188; x_wconf 89' lang='lat' dir='ltr'>etsi</span> <span class='ocrx_word' id='word_1_364' title='bbox 737 2167 866 2196; x_wconf 89' lang='lat' dir='ltr'>omnes,</span> <span class='ocrx_word' id='word_1_365' title='bbox 895 2163 1014 2199; x_wconf 80' lang='lat' dir='ltr'>praeter</span> <span class='ocrx_word' id='word_1_366' title='bbox 1044 2157 1189 2188; x_wconf 88' lang='lat' dir='ltr'>Dionem</span> <span class='ocrx_word' id='word_1_367' title='bbox 1221 2155 1393 2194; x_wconf 77' lang='lat' dir='ltr'>Cassium,</span> <span class='ocrx_word' id='word_1_368' title='bbox 1422 2154 1455 2186; x_wconf 91' lang='lat' dir='ltr'>in</span> <span class='ocrx_word' id='word_1_369' title='bbox 1487 2153 1542 2185; x_wconf 83' lang='lat' dir='ltr'>his</span> <span class='ocrx_word' id='word_1_370' title='bbox 1570 2153 1672 2187; x_wconf 78' lang='lat' dir='ltr'>rebus</span> 
     </span>
     <span class='ocr_line' id='line_1_33' title="bbox 196 2205 1674 2251; baseline -0.001 -12"><span class='ocrx_word' id='word_1_371' title='bbox 196 2206 371 2239; x_wconf 91' lang='lat' dir='ltr'>breviores</span> <span class='ocrx_word' id='word_1_372' title='bbox 384 2207 529 2239; x_wconf 84' lang='lat' dir='ltr'>suerunt.</span> <span class='ocrx_word' id='word_1_373' title='bbox 552 2209 743 2249; x_wconf 88' lang='lat' dir='ltr'>Intelligent</span> <span class='ocrx_word' id='word_1_374' title='bbox 755 2220 833 2251; x_wconf 74' lang='lat' dir='ltr'>ergo</span> <span class='ocrx_word' id='word_1_375' title='bbox 852 2209 969 2241; x_wconf 87' lang='lat' dir='ltr'>harum</span> <span class='ocrx_word' id='word_1_376' title='bbox 982 2220 1088 2241; x_wconf 77' lang='lat' dir='ltr'>rerum</span> <span class='ocrx_word' id='word_1_377' title='bbox 1101 2207 1256 2245; x_wconf 84' lang='lat' dir='ltr'>studiosi,</span> <span class='ocrx_word' id='word_1_378' title='bbox 1271 2207 1409 2239; x_wconf 82' lang='lat' dir='ltr'>codices</span> <span class='ocrx_word' id='word_1_379' title='bbox 1422 2206 1507 2238; x_wconf 82' lang='lat' dir='ltr'>duos</span> <span class='ocrx_word' id='word_1_380' title='bbox 1517 2205 1674 2249; x_wconf 81' lang='lat' dir='ltr'>antiquos</span> 
     </span>
     <span class='ocr_line' id='line_1_34' title="bbox 195 2258 1668 2301; baseline -0.002 -8"><span class='ocrx_word' id='word_1_381' title='bbox 195 2266 229 2293; x_wconf 88' lang='lat' dir='ltr'>et</span> <span class='ocrx_word' id='word_1_382' title='bbox 245 2260 367 2299; x_wconf 87' lang='lat' dir='ltr'>bonos,</span> <span class='ocrx_word' id='word_1_383' title='bbox 384 2260 601 2292; x_wconf 84' lang='lat' dir='ltr'>Petavianum</span> <span class='ocrx_word' id='word_1_384' title='bbox 627 2268 659 2292; x_wconf 89' lang='lat' dir='ltr'>et</span> <span class='ocrx_word' id='word_1_385' title='bbox 676 2262 927 2301; x_wconf 75' lang='lat' dir='ltr'>Norvicensem,</span> <span class='ocrx_word' id='word_1_386' title='bbox 942 2272 1008 2294; x_wconf 91' lang='lat' dir='ltr'>non</span> <span class='ocrx_word' id='word_1_387' title='bbox 1026 2263 1128 2294; x_wconf 88' lang='lat' dir='ltr'>modo</span> <span class='ocrx_word' id='word_1_388' title='bbox 1147 2261 1262 2293; x_wconf 89' lang='lat' dir='ltr'>ubinis</span> <span class='ocrx_word' id='word_1_389' title='bbox 1286 2260 1355 2292; x_wconf 83' lang='lat' dir='ltr'>sere</span> <span class='ocrx_word' id='word_1_390' title='bbox 1373 2258 1562 2292; x_wconf 82' lang='lat' dir='ltr'>consentire</span> <span class='ocrx_word' id='word_1_391' title='bbox 1579 2270 1588 2298; x_wconf 84' lang='lat'><em>3</em></span> <span class='ocrx_word' id='word_1_392' title='bbox 1610 2259 1668 2291; x_wconf 88' lang='lat' dir='ltr'>sed</span> 
     </span>
     <span class='ocr_line' id='line_1_35' title="bbox 195 2312 1671 2357; baseline 0 -13"><span class='ocrx_word' id='word_1_393' title='bbox 195 2318 229 2344; x_wconf 90' lang='lat' dir='ltr'>et</span> <span class='ocrx_word' id='word_1_394' title='bbox 242 2323 356 2344; x_wconf 87' lang='lat' dir='ltr'>veram</span> <span class='ocrx_word' id='word_1_395' title='bbox 373 2318 408 2344; x_wconf 90' lang='lat' dir='ltr'>ut</span> <span class='ocrx_word' id='word_1_396' title='bbox 424 2313 609 2354; x_wconf 91' lang='lat' dir='ltr'>plurimum</span> <span class='ocrx_word' id='word_1_397' title='bbox 626 2314 806 2347; x_wconf 86' lang='lat' dir='ltr'>lectionem</span> <span class='ocrx_word' id='word_1_398' title='bbox 823 2316 1006 2353; x_wconf 77' lang='lat' dir='ltr'>continere,</span> <span class='ocrx_word' id='word_1_399' title='bbox 1021 2327 1039 2346; x_wconf 88' lang='lat' dir='ltr'>e</span> <span class='ocrx_word' id='word_1_400' title='bbox 1054 2325 1121 2357; x_wconf 81' lang='lat' dir='ltr'>qua</span> <span class='ocrx_word' id='word_1_401' title='bbox 1145 2314 1317 2356; x_wconf 89' lang='lat' dir='ltr'>quomodo</span> <span class='ocrx_word' id='word_1_402' title='bbox 1342 2319 1460 2345; x_wconf 79' lang='lat' dir='ltr'>ceterae</span> <span class='ocrx_word' id='word_1_403' title='bbox 1483 2312 1671 2354; x_wconf 64' lang='lat' dir='ltr'>depravata</span> 
     </span>
     <span class='ocr_line' id='line_1_36' title="bbox 195 2364 1670 2410; baseline 0 -14"><span class='ocrx_word' id='word_1_404' title='bbox 195 2364 273 2403; x_wconf 87' lang='lat' dir='ltr'>sint,</span> <span class='ocrx_word' id='word_1_405' title='bbox 292 2364 456 2396; x_wconf 86' lang='lat' dir='ltr'>interdum</span> <span class='ocrx_word' id='word_1_406' title='bbox 472 2364 573 2398; x_wconf 79' lang='lat' dir='ltr'>facile</span> <span class='ocrx_word' id='word_1_407' title='bbox 588 2368 805 2408; x_wconf 81' lang='lat' dir='ltr'>cognoscitur</span> <span class='ocrx_word' id='word_1_408' title='bbox 819 2381 826 2398; x_wconf 88' lang='lat'>:</span> <span class='ocrx_word' id='word_1_409' title='bbox 862 2377 1063 2410; x_wconf 82' lang='lat' dir='ltr'>quamquam</span> <span class='ocrx_word' id='word_1_410' title='bbox 1079 2366 1164 2398; x_wconf 91' lang='lat' dir='ltr'>alibi</span> <span class='ocrx_word' id='word_1_411' title='bbox 1179 2371 1268 2397; x_wconf 78' lang='lat' dir='ltr'>tanta</span> <span class='ocrx_word' id='word_1_412' title='bbox 1288 2371 1338 2396; x_wconf 88' lang='lat' dir='ltr'>est</span> <span class='ocrx_word' id='word_1_413' title='bbox 1353 2364 1534 2396; x_wconf 81' lang='lat' dir='ltr'>diversitas</span> <span class='ocrx_word' id='word_1_414' title='bbox 1548 2364 1670 2397; x_wconf 86' lang='lat' dir='ltr'>horum</span> 
     </span>
     <span class='ocr_line' id='line_1_37' title="bbox 196 2417 1670 2461; baseline 0.001 -13"><span class='ocrx_word' id='word_1_415' title='bbox 196 2417 358 2449; x_wconf 88' lang='lat' dir='ltr'>codicum</span> <span class='ocrx_word' id='word_1_416' title='bbox 383 2428 423 2450; x_wconf 88' lang='lat' dir='ltr'>ac</span> <span class='ocrx_word' id='word_1_417' title='bbox 451 2423 652 2458; x_wconf 83' lang='lat' dir='ltr'>ceterorum,</span> <span class='ocrx_word' id='word_1_418' title='bbox 679 2425 715 2451; x_wconf 87' lang='lat' dir='ltr'>ut</span> <span class='ocrx_word' id='word_1_419' title='bbox 742 2420 830 2451; x_wconf 89' lang='lat' dir='ltr'>haud</span> <span class='ocrx_word' id='word_1_420' title='bbox 860 2420 964 2452; x_wconf 88' lang='lat' dir='ltr'>dubie</span> <span class='ocrx_word' id='word_1_421' title='bbox 993 2419 1121 2461; x_wconf 84' lang='lat' dir='ltr'>duplex</span> <span class='ocrx_word' id='word_1_422' title='bbox 1150 2418 1225 2451; x_wconf 75' lang='lat' dir='ltr'>sons</span> <span class='ocrx_word' id='word_1_423' title='bbox 1253 2417 1353 2450; x_wconf 83' lang='lat' dir='ltr'>fuisse</span> <span class='ocrx_word' id='word_1_424' title='bbox 1377 2417 1540 2456; x_wconf 79' lang='lat' dir='ltr'>videatur,</span> <span class='ocrx_word' id='word_1_425' title='bbox 1561 2427 1580 2449; x_wconf 89' lang='lat' dir='ltr'>e</span> <span class='ocrx_word' id='word_1_426' title='bbox 1602 2428 1670 2460; x_wconf 87' lang='lat' dir='ltr'>quo</span> 
     </span>
     <span class='ocr_line' id='line_1_38' title="bbox 198 2470 1016 2505; baseline 0.004 -4"><span class='ocrx_word' id='word_1_427' title='bbox 198 2470 322 2502; x_wconf 87' lang='lat' dir='ltr'>diversi</span> <span class='ocrx_word' id='word_1_428' title='bbox 338 2470 569 2503; x_wconf 87' lang='lat' dir='ltr'>recensionum</span> <span class='ocrx_word' id='word_1_429' title='bbox 586 2472 677 2503; x_wconf 89' lang='lat' dir='ltr'>velut</span> <span class='ocrx_word' id='word_1_430' title='bbox 693 2471 755 2504; x_wconf 92' lang='lat' dir='ltr'>rivi</span> <span class='ocrx_word' id='word_1_431' title='bbox 774 2472 940 2505; x_wconf 79' lang='lat' dir='ltr'>fluxerint.</span> <span class='ocrx_word' id='word_1_432' title='bbox 967 2474 1016 2505; x_wconf 84' lang='lat' dir='ltr'>M.</span> 
     </span>
    </p>

    <p class='ocr_par' dir='ltr' id='par_1_2' title="bbox 196 2521 1671 2724">
     <span class='ocr_line' id='line_1_39' title="bbox 240 2521 1671 2565; baseline 0.001 -13"><span class='ocrx_word' id='word_1_433' title='bbox 240 2521 420 2553; x_wconf 90' lang='lat' dir='ltr'>Suetonius</span> <span class='ocrx_word' id='word_1_434' title='bbox 443 2522 464 2554; x_wconf 94' lang='lat' dir='ltr'>l.</span> <span class='ocrx_word' id='word_1_435' title='bbox 488 2532 518 2554; x_wconf 94' lang='lat' dir='ltr'>c.</span> <span class='ocrx_word' id='word_1_436' title='bbox 543 2522 694 2565; x_wconf 89' lang='lat' dir='ltr'>Oppium</span> <span class='ocrx_word' id='word_1_437' title='bbox 719 2524 773 2555; x_wconf 87' lang='lat' dir='ltr'>vel</span> <span class='ocrx_word' id='word_1_438' title='bbox 799 2523 947 2555; x_wconf 85' lang='lat' dir='ltr'>Hirtium</span> <span class='ocrx_word' id='word_1_439' title='bbox 970 2531 1145 2557; x_wconf 82' lang='lat' dir='ltr'>auctorem</span> <span class='ocrx_word' id='word_1_440' title='bbox 1168 2523 1343 2555; x_wconf 85' lang='lat' dir='ltr'>nominat:</span> <span class='ocrx_word' id='word_1_441' title='bbox 1375 2521 1518 2554; x_wconf 77' lang='lat' dir='ltr'>Vossius</span> <span class='ocrx_word' id='word_1_442' title='bbox 1531 2522 1574 2553; x_wconf 84' lang='lat' dir='ltr'>de</span> <span class='ocrx_word' id='word_1_443' title='bbox 1591 2521 1671 2554; x_wconf 74' lang='lat' dir='ltr'>hist.</span> 
     </span>
     <span class='ocr_line' id='line_1_40' title="bbox 196 2572 1658 2617; baseline 0.001 -13"><span class='ocrx_word' id='word_1_444' title='bbox 196 2572 270 2605; x_wconf 85' lang='lat' dir='ltr'>Lat.</span> <span class='ocrx_word' id='word_1_445' title='bbox 293 2584 324 2605; x_wconf 87' lang='lat' dir='ltr'>c.</span> <span class='ocrx_word' id='word_1_446' title='bbox 354 2575 404 2605; x_wconf 88' lang='grc'>13.</span> <span class='ocrx_word' id='word_1_447' title='bbox 438 2574 546 2607; x_wconf 86' lang='lat' dir='ltr'>Balbo</span> <span class='ocrx_word' id='word_1_448' title='bbox 573 2575 626 2606; x_wconf 92' lang='lat' dir='ltr'>vel</span> <span class='ocrx_word' id='word_1_449' title='bbox 654 2574 770 2617; x_wconf 88' lang='lat' dir='ltr'>Oppio</span> <span class='ocrx_word' id='word_1_450' title='bbox 797 2575 922 2607; x_wconf 85' lang='lat' dir='ltr'>librum</span> <span class='ocrx_word' id='word_1_451' title='bbox 949 2575 1122 2608; x_wconf 84' lang='lat' dir='ltr'>adscribit.</span> <span class='ocrx_word' id='word_1_452' title='bbox 1146 2575 1324 2607; x_wconf 88' lang='lat' dir='ltr'>Goduinus</span> <span class='ocrx_word' id='word_1_453' title='bbox 1348 2575 1464 2606; x_wconf 77' lang='lat' dir='ltr'>Afrum</span> <span class='ocrx_word' id='word_1_454' title='bbox 1488 2583 1591 2616; x_wconf 87' lang='lat' dir='ltr'>quem</span> <span class='ocrx_word' id='word_1_455' title='bbox 1617 2584 1658 2606; x_wconf 89' lang='lat' dir='ltr'>ve</span> 
     </span>
     <span class='ocr_line' id='line_1_41' title="bbox 197 2624 1669 2670; baseline 0.003 -14"><span class='ocrx_word' id='word_1_456' title='bbox 197 2624 314 2666; x_wconf 85' lang='lat' dir='ltr'>Syrum</span> <span class='ocrx_word' id='word_1_457' title='bbox 328 2626 470 2658; x_wconf 87' lang='lat' dir='ltr'>militem</span> <span class='ocrx_word' id='word_1_458' title='bbox 482 2633 656 2659; x_wconf 90' lang='lat' dir='ltr'>auctorem</span> <span class='ocrx_word' id='word_1_459' title='bbox 669 2639 743 2660; x_wconf 89' lang='lat' dir='ltr'>esse</span> <span class='ocrx_word' id='word_1_460' title='bbox 756 2633 870 2670; x_wconf 78' lang='lat' dir='ltr'>putat5</span> <span class='ocrx_word' id='word_1_461' title='bbox 887 2629 943 2659; x_wconf 87' lang='lat' dir='ltr'>sed</span> <span class='ocrx_word' id='word_1_462' title='bbox 958 2629 1122 2661; x_wconf 85' lang='lat' dir='ltr'>Latinitas</span> <span class='ocrx_word' id='word_1_463' title='bbox 1136 2638 1219 2669; x_wconf 85' lang='lat' dir='ltr'>pura</span> <span class='ocrx_word' id='word_1_464' title='bbox 1234 2627 1359 2666; x_wconf 73' lang='lat' dir='ltr'>obstat,</span> <span class='ocrx_word' id='word_1_465' title='bbox 1371 2626 1484 2670; x_wconf 86' lang='lat' dir='ltr'>judice</span> <span class='ocrx_word' id='word_1_466' title='bbox 1500 2625 1669 2670; x_wconf 75' lang='lat' dir='ltr'>scaligero</span> 
     </span>
     <span class='ocr_line' id='line_1_42' title="bbox 199 2676 1521 2724; baseline 0.001 -12"><span class='ocrx_word' id='word_1_467' title='bbox 199 2676 232 2712; x_wconf 87' lang='lat' dir='ltr'>in</span> <span class='ocrx_word' id='word_1_468' title='bbox 250 2678 375 2720; x_wconf 83' lang='lat' dir='ltr'>proleg.</span> <span class='ocrx_word' id='word_1_469' title='bbox 392 2677 425 2711; x_wconf 90' lang='lat' dir='ltr'>in</span> <span class='ocrx_word' id='word_1_470' title='bbox 440 2677 636 2713; x_wconf 82' lang='lat' dir='ltr'>Manilium.</span> <span class='ocrx_word' id='word_1_471' title='bbox 661 2679 760 2714; x_wconf 83' lang='lat' dir='ltr'>Balbi</span> <span class='ocrx_word' id='word_1_472' title='bbox 776 2681 989 2722; x_wconf 72' lang='lat' dir='ltr'>ephemeridis</span> <span class='ocrx_word' id='word_1_473' title='bbox 1005 2680 1159 2714; x_wconf 83' lang='lat' dir='ltr'>meminit</span> <span class='ocrx_word' id='word_1_474' title='bbox 1175 2680 1330 2714; x_wconf 87' lang='lat' dir='ltr'>Sidonius</span> <span class='ocrx_word' id='word_1_475' title='bbox 1345 2691 1402 2724; x_wconf 82' lang='lat' dir='ltr'>ep.</span> <span class='ocrx_word' id='word_1_476' title='bbox 1417 2682 1450 2720; x_wconf 85' lang='lat'>9,</span> <span class='ocrx_word' id='word_1_477' title='bbox 1472 2681 1521 2713; x_wconf 74' lang='lat'>14.</span> 
     </span>
    </p>
   </div>
   <div class='ocr_carea' id='block_1_2' title="bbox 1867 44 1916 769">
    <p class='ocr_par' dir='ltr' id='par_1_3' title="bbox 1867 44 1916 769">
     <span class='ocr_line' id='line_1_43' title="bbox 1867 44 1916 769; baseline 0 2492"><span class='ocrx_word' id='word_1_478' title='bbox 1867 44 1916 769; x_wconf 95' lang='lat' dir='ltr'> </span> 
     </span>
    </p>
   </div>
   <div class='ocr_carea' id='block_1_3' title="bbox 1883 1265 1909 1468">
    <p class='ocr_par' dir='ltr' id='par_1_4' title="bbox 1883 1265 1909 1468">
     <span class='ocr_line' id='line_1_44' title="bbox 1883 1265 1909 1468; baseline 0 -16"><span class='ocrx_word' id='word_1_479' title='bbox 1883 1265 1909 1468; x_wconf 69' lang='grc' dir='ltr'><strong>ξ</strong></span> 
     </span>
    </p>
   </div>
  </div>
 </body>
</html>
