1992 3271
274 245 301 286 2
386 275 394 283 .
679 239 768 308 ΒΕ
803 235 1003 280 BELLo
1038 234 1329 279 GALLIoo.

276 366 448 414 fiumen,
463 380 487 406 a
507 362 651 419 Belgis
667 361 871 403 Matrona
883 369 927 402 et
944 361 1141 417 Sequana
1152 357 1321 401 dividit.
1363 356 1535 399 Horum
1552 354 1743 398 omnium

275 423 493 467 fortissimi
511 430 610 463 sunt
633 419 793 477 Belgae,
813 429 1046 477 propterea
1063 418 1178 476 quod
1212 434 1236 459 a
1258 416 1381 459 cultu
1400 424 1531 473 atque
1551 413 1743 456 humani-

276 492 364 524 tate
390 478 625 522 Provinciae
658 478 899 536 longissime
927 477 1099 525 absunt,
1127 476 1385 531 minimeque
1411 474 1465 516 ad
1490 488 1560 515 eos
1587 487 1745 514 merca-

277 550 390 582 tores
411 554 522 596 saepe
542 545 780 579 commeant
808 545 939 593 atque
960 551 1024 583 ea,
1054 549 1150 592 quae
1179 533 1232 575 ad
1259 532 1558 574 effeminandos
1584 530 1746 572 animos

310 597 511 645 ertinent,
533 595 794 653 important:
837 594 1109 652 proximique
1141 600 1241 634 sunt
1263 591 1503 639 Germanis,
1531 589 1608 647 qui
1629 597 1748 631 trans

322 655 476 696 henum
490 654 699 701 incolunt,
718 653 975 710 quibuscum
989 651 1264 693 continentur
1274 649 1439 692 bellum
1452 656 1629 706 gerunt:
1663 662 1750 704 qua

275 714 327 755 de
345 729 489 755 caussa
509 712 700 754 Helvetii
719 727 893 768 quoque
915 710 1104 767 reliquos
1128 709 1277 751 Gallos
1298 708 1462 750 virtute
1483 705 1749 765 praecedunt,

276 771 394 830 quod
412 772 498 813 fere
512 770 770 829 quotidianis
785 769 949 827 proeliis
961 784 1057 810 cum
1079 767 1304 810 Germanis
1322 767 1601 814 contendunt,
1615 779 1752 821 quum

276 839 354 872 aut
374 830 459 872 suis
475 829 632 871 finibus
647 844 717 870 eos
735 828 982 886 prohibent,
1000 835 1077 869 aut
1094 826 1176 884 ipsi
1193 826 1236 868 in
1252 840 1401 867 eorum
1414 824 1570 866 finibus
1586 822 1750 865 bellum

277 896 449 946 gerunt.
514 888 681 929 Eorum
702 902 786 928 una
808 902 922 944 pars,
949 901 1080 943 quam
1105 883 1254 926 Gallos
1275 883 1469 926 obtinere
1485 882 1648 923 dictum
1670 888 1749 929 est,

277 947 449 989 initium
483 946 600 1004 capit
628 961 653 987 a
686 945 857 987 flumine
881 944 1115 992 Rhodano;
1154 943 1398 985 continetur
1429 941 1651 982 Garumna
1673 938 1750 980 flu-

278 1005 407 1054 mine,
429 1005 615 1051 Oceano,
638 1002 795 1045 finibus
819 1003 1074 1060 Belgarum3
1108 1000 1295 1058 adtingit
1315 999 1444 1040 etiam
1465 998 1520 1040 ab
1544 996 1753 1055 Sequanis

277 1072 321 1106 et
344 1063 555 1104 Helvetiis
570 1062 726 1103 flumen
742 1061 962 1110 Rhenum;
994 1059 1137 1117 vergit
1154 1059 1207 1101 ad
1227 1056 1566 1116 septemtriones.
1606 1055 1754 1112 Belgae

280 1122 337 1163 ab
358 1121 556 1164 extremis
580 1119 735 1162 Galliae
757 1119 912 1162 finibus
934 1119 1156 1165 oriuntur;
1197 1116 1415 1175 pertinent
1435 1115 1489 1157 ad
1509 1114 1755 1156 inferiorem

281 1189 450 1238 partem
468 1179 652 1221 fluminis
671 1178 830 1225 Rheni3
865 1186 1061 1235 spectant
1079 1176 1121 1218 in
1139 1174 1463 1233 septemtriones
1483 1181 1527 1215 et
1548 1172 1756 1215 orientem

280 1238 426 1280 solem.
488 1236 725 1294 Aquitania
753 1252 777 1277 a
809 1237 1032 1277 Garumna
1060 1234 1233 1275 flumine
1261 1232 1315 1274 ad
1346 1232 1572 1290 Pyrenaeos
1592 1239 1758 1273 montes

279 1306 323 1339 et
341 1313 433 1338 eam
452 1305 621 1354 partem
636 1294 811 1343 Oceani,
826 1308 922 1350 quae
935 1301 998 1334 est
1015 1291 1068 1334 ad
1085 1291 1354 1348 Hispaniam,
1369 1290 1574 1347 pertinet,
1591 1296 1759 1347 spectat

279 1355 392 1397 inter
410 1369 603 1396 occasum
624 1352 723 1394 solis
743 1361 788 1393 et
807 1350 1149 1408 septemtriones.

340 1414 382 1454 2.
420 1411 555 1468 Apud
593 1410 819 1452 Helvetios
855 1410 981 1465 longe
1014 1407 1301 1450 nobilissimus
1336 1415 1380 1449 et
1414 1405 1644 1448 ditissimus
1677 1403 1763 1447 fuit

285 1469 537 1528 Orgetorix.
602 1467 644 1510 Is
679 1468 745 1510 M.
783 1467 969 1508 Messala
999 1473 1044 1508 et
1078 1465 1144 1507 Μ.
1183 1465 1335 1508 Pisone
1363 1481 1466 1507 coss.
1490 1464 1612 1523 regni
1640 1463 1761 1522 cupi*

282 1528 418 1571 ditate
460 1527 675 1575 inductus,
717 1525 1056 1583 conjurationem
1097 1523 1336 1567 nobilitatis
1372 1523 1474 1566 fecit
1515 1532 1560 1565 et
1596 1521 1762 1566 civitati

284 1586 513 1644 persuasit,
531 1593 581 1626 ut
597 1585 649 1627 de
666 1584 823 1626 finibus
840 1584 925 1625 suis
946 1599 1043 1624 cum
1062 1583 1259 1624 omnibus
1280 1582 1415 1640 copiis
1434 1580 1620 1623 exirent:
1665 1595 1761 1639 per-

283 1644 408 1687 facile
437 1660 538 1692 esse,
570 1659 707 1700 quum
738 1643 902 1684 virtute
931 1641 1127 1683 omnibus
1150 1648 1419 1698 praestarent,
1449 1639 1584 1682 totius
1606 1638 1762 1681 Galliae

285 1702 469 1761 imperio
504 1701 654 1760 potiri.
717 1699 769 1743 Id
800 1700 881 1743 hoc
909 1699 1076 1742 facilius
1104 1699 1162 1741 eis
1184 1699 1411 1757 persuasit,
1434 1697 1553 1756 quod
1575 1696 1763 1756 undique

283 1812 360 1838 runt
385 1804 579 1836 Perizonius
597 1804 638 1835 ad
662 1804 728 1835 AEl.
747 1804 789 1834 V.
806 1803 850 1834 H.
871 1805 921 1841 12,
937 1804 990 1834 23.

286 1855 321 1881 et
332 1849 486 1881 Frickius
497 1850 537 1880 de.
551 1847 696 1885 Druidis,
715 1859 747 1888 p.
761 1851 815 1885 23,
829 1846 888 1887 qui
905 1847 992 1877 mul-

288 1900 339 1925 tos
363 1893 446 1925 alios
469 1893 645 1933 scriptores
675 1892 716 1922 de
744 1891 907 1931 ampliore
932 1900 991 1920 no-

290 1937 390 1969 minis
405 1937 573 1968 Celtarum
598 1934 839 1976 significatione
855 1944 993 1965 enume-

288 1987 349 2012 rat.
385 1981 433 2011 M.
459 1980 620 2011 Omnium
646 1979 746 2009 instar
768 1985 818 2009 est
841 1978 992 2018 Schoep-

292 2024 392 2056 flinus
407 2030 544 2061 nostras,
559 2022 617 2064 qui
642 2022 673 2053 in
692 2022 815 2053 Alsatia
833 2021 992 2054 illustrata

290 2076 314 2099 t.
338 2071 364 2099 l.
381 2079 414 2108 p.
430 2070 501 2098 110.
526 2072 559 2097 et
575 2065 680 2097 fusius
695 2065 726 2096 in
741 2065 995 2097 VindiciisCel-

288 2111 365 2142 ticis
377 2115 407 2142 4.
419 2112 551 2151 Argent.
567 2112 659 2141 1754.
670 2109 883 2147 docuit,solis
892 2108 994 2140 Gallis

291 2154 427 2197 proprie
443 2164 563 2185 nomen
579 2153 746 2184 Celtarum
762 2152 950 2184 convenire.

341 2200 532 2230 Provinciae.
568 2198 629 2228 Est
644 2208 683 2227 ca
699 2207 771 2238 pars
781 2197 995 2237 Galliae‚quae

296 2242 354 2273 illo
366 2241 590 2282 tempor-ojani
603 2240 633 2270 in
644 2241 804 2272 Romanae
816 2239 995 2282 provinciae

294 2286 435 2317 formam
454 2285 585 2315 redacta
601 2289 681 2315 erat.
706 2285 756 2314 M.

342 2330 563 2369 Prooeimique.
610 2329 654 2358 lta
672 2328 769 2357 codd.
789 2332 821 2357 et
838 2328 913 2358 edd.
929 2333 996 2358 vet.

296 2372 387 2405 Male
398 2371 544 2412 Scaliger
557 2370 825 2412 conjunctionem
839 2370 974 2402 delevit.

345 2419 419 2451 Qua
441 2416 481 2446 de
503 2415 779 2446 caussa—bellum
795 2420 924 2455 yerunt.
971 2414 996 2445 l.

294 2459 334 2491 C.
353 2460 398 2490 H.
416 2458 447 2489 in
465 2457 765 2490 Emendationibus
787 2457 924 2496 criticis,
949 2457 996 2488 in-

296 2503 393 2535 sertis
407 2501 633 2533 Miscellaneis
643 2501 876 2542 Lipsiensibus
891 2501 997 2539 novis,

296 2550 328 2578 8.
352 2546 447 2588 Lips.
463 2547 544 2577 1743
559 2556 606 2586 sq.
626 2545 703 2576 Vol.
714 2549 743 2576 2.
761 2556 795 2585 p.
808 2548 882 2576 304.
896 2545 998 2576 verba

298 2590 360 2621 ista
391 2600 449 2631 pro
483 2589 682 2629 glossemate
713 2589 817 2619 habet
840 2594 873 2619 et
903 2589 996 2630 rejici

290 2633 399 2675 jubet,
438 2632 536 2673 idque
579 2643 620 2663 eo
665 2631 774 2673 magis
815 2633 904 2673 quod
949 2632 996 2663 ibi

297 2678 384 2708 male
401 2676 568 2708 Helvetiis
582 2676 778 2714 tribuantur,
792 2686 866 2716 quae
884 2676 996 2714 Belgis

296 2720 362 2751 sint
387 2721 572 2757 tribuenda,
591 2721 750 2760 quodque
781 2720 894 2760 paullo
922 2727 997 2760 post

296 2774 371 2804 cap.
388 2768 419 2794 2.
437 2764 477 2794 de
493 2763 658 2794 Heln-tiis
682 2764 779 2804 plane
798 2763 996 2794 contrarium

296 2807 437 2841 dicatur,
451 2817 558 2847 neque
575 2808 640 2838 ulla
655 2806 869 2844 sitrati0,cur
884 2807 937 2837 hic
955 2808 996 2837 de

296 2849 464 2881 Helvetiis
491 2850 643 2891 loquatur
665 2850 787 2890 Caesar,
808 2851 850 2880 de
872 2850 996 2891 quibus

296 2893 408 2934 capite
445 2893 595 2934 sequenti
626 2893 747 2935 agitur.
800 2893 995 2934 conjectura

296 2937 368 2969 haec
386 2936 493 2968 critici
510 2937 588 2968 satis
604 2943 653 2968 cst
669 2948 745 2968 vero
762 2936 893 2968 similis.

342 2982 491 3012 Helvetii.
536 2981 580 3012 Et
599 2980 633 3011 hi
649 2981 737 3012 Galli
751 2987 853 3019 erant,
868 2980 995 3024 quippe

297 3023 382 3057 intra
399 3024 554 3057 Rhenum
571 3024 729 3058 contenti.
776 3026 896 3058 Cellar.

1104 1804 1241 1834 Proeliis.
1288 1803 1355 1834 Alii
1371 1803 1457 1834 bellis
1469 1803 1664 1843 proeliisque.

1106 1848 1241 1878 Eorum.
1272 1846 1292 1877 i.
1309 1857 1350 1886 e.,
1374 1846 1562 1887 Belgarum,
1576 1845 1760 1884 Gallorum,

1060 1890 1311 1931 Aquitanorum.
1373 1890 1520 1922 Oudend.
1584 1888 1763 1920 Monuerat

1057 1934 1159 1965 etiam
1175 1933 1386 1965 Ciacconius.
1431 1934 1482 1964 M.

1107 1980 1242 2015 Oceano,
1258 1979 1380 2018 finibus
1398 1978 1490 2018 Belq.
1511 1976 1599 2008 male
1612 1976 1672 2008 alii
1691 1977 1763 2008 Ooe-

1059 2032 1175 2061 anmn,
1190 2022 1326 2053 relatum
1342 2022 1384 2052 ad
1399 2021 1537 2052 verbum
1552 2021 1704 2062 adtinqit.

1107 2066 1267 2097 Orientem
1278 2068 1385 2097 sotem.
1408 2064 1657 2106 Codd.quidam
1665 2064 1762 2096 solem

1062 2118 1128 2140 non
1151 2109 1285 2143 habent.
1301 2115 1384 2140 teste
1404 2109 1535 2141 Ursino.
1580 2108 1643 2139 Sed
1658 2112 1765 2140 exstat

1063 2153 1095 2185 in
1111 2153 1188 2183 aliis
1202 2158 1235 2183 et
1249 2154 1323 2184 edd.
1339 2158 1405 2184 vet.

1109 2199 1189 2232 Quoe
1203 2202 1246 2229 est
1261 2198 1305 2229 cul
1324 2198 1372 2228 H.
1397 2197 1470 2227 Hoc
1482 2201 1537 2235 est,
1547 2196 1648 2237 vulgo
1660 2194 1763 2226 omis-

1062 2251 1148 2278 sum,
1167 2251 1209 2271 ex
1223 2241 1320 2271 codd.
1337 2245 1369 2271 et
1384 2239 1530 2271 editione
1549 2240 1648 2271 Rom.
1665 2244 1698 2270 et
1715 2238 1764 2270 in-

1062 2289 1203 2325 terprete
1218 2284 1336 2315 Graeco
1348 2284 1434 2315 bene
1446 2283 1589 2314 restituit
1604 2282 1735 2314 Clarke.

1109 2330 1234 2368 Spectat
1247 2329 1345 2359 incer.
1391 2327 1532 2358 Videtur
1548 2329 1584 2358 in
1603 2336 1664 2367 pro
1678 2328 1764 2358 inter

1063 2371 1249 2411 legendum,
1278 2376 1312 2401 ut
1338 2371 1453 2411 paullo
1476 2375 1564 2402 ante.
1608 2369 1764 2411 Lege-rim

1062 2416 1175 2453 etiam,
1191 2420 1220 2446 et
1233 2420 1362 2455 spectat.
1407 2415 1457 2446 M.

1108 2459 1204 2499 Apud
1220 2458 1531 2489 Helvetios—Hanc
1545 2465 1678 2488 omnem
1694 2466 1767 2488 nar-

1063 2503 1226 2534 rationem
1251 2502 1290 2533 de
1308 2500 1538 2533 Helvetiorum
1553 2500 1662 2538 bellis,
1687 2510 1765 2532 cum

1063 2546 1191 2578 Caesare
1206 2545 1317 2586 gestis,
1334 2552 1525 2586 prosecutus
1539 2550 1588 2575 est
1603 2544 1669 2575 Dio
1685 2542 1766 2575 Cas-

1063 2590 1131 2621 sius
1143 2592 1195 2628 38,
1209 2591 1260 2620 31.
1274 2589 1347 2620 T.l.
1360 2599 1392 2630 p.
1406 2591 1475 2620 174.
1488 2588 1767 2627 ita,utcommen-

1064 2634 1165 2665 tarios
1183 2632 1324 2664 Caesaris
1340 2632 1425 2663 haud
1441 2632 1543 2663 dubie
1556 2637 1631 2663 ante
1647 2631 1765 2663 oculos

1065 2677 1236 2709 habuerit:
1262 2686 1338 2707 nam
1352 2676 1464 2707 onmia
1473 2676 1674 2716 conspirant.
1692 2675 1741 2706 M.

1109 2723 1207 2753 Mess.
1227 2726 1257 2751 et
1283 2721 1351 2752 Pis.
1375 2722 1459 2752 Coss.
1504 2719 1578 2750 Fuit
1601 2728 1706 2749 annus
1720 2717 1764 2749 ab

1064 2765 1146 2795 urbe
1165 2764 1298 2795 condita
1324 2766 1397 2795 603.
1444 2764 1495 2795 Μ.
1539 2762 1601 2793 Ed.
1619 2763 1718 2793 Rom.
1733 2766 1766 2792 et

1063 2808 1198 2847 quidam
1214 2807 1311 2839 codd.
1339 2808 1380 2839 P.
1397 2808 1446 2838 M.
1461 2808 1586 2839 Pisone.
1601 2805 1659 2836 alii
1678 2804 1765 2837 Pub-

1061 2853 1103 2883 lio
1121 2853 1235 2883 Marco
1253 2852 1380 2882 Pisone.
1396 2850 1472 2881 inde
1487 2849 1638 2881 Oudend.
1653 2848 1763 2889 leg-en-

1064 2895 1142 2925 dum
1163 2900 1255 2936 putat
1272 2895 1376 2935 Pupio
1393 2895 1442 2925 M.
1459 2894 1586 2925 Pisone.

1109 2939 1261 2979 Imperio.
1306 2938 1340 2968 ln
1363 2936 1531 2967 nonnullis
1550 2936 1647 2967 codd.
1663 2935 1765 2966 deest.

1063 2982 1184 3012 Paullo
1205 2987 1282 3013 ante
1302 2980 1408 3014 codex
1427 2989 1512 3012 unus
1529 2979 1631 3013 habet
1643 2988 1765 3012 omnes.

1062 3034 1129 3058 non
1145 3026 1243 3059 male.
