1946 3261
241 359 340 404 luce
364 353 614 413 Pompeiani
634 353 866 404 exercitus,
887 369 1110 412 novusque
1131 369 1281 398 eorum
1300 352 1514 396 adventus
1535 353 1729 402 exstitit;

245 416 372 461 simul
409 431 463 456 ex
494 413 677 457 navibus
709 412 988 456 circumvecti
1009 413 1166 456 milites
1197 413 1237 456 in
1269 412 1528 456 exteriorem
1561 411 1728 457 vallum

245 476 335 519 tela
350 473 585 533 jaciebant,
609 472 817 530 fossaeque
846 487 1005 530 aggere
1027 472 1387 530 complebantur:
1421 479 1466 514 et
1487 471 1731 529 legionarii,

244 532 462 577 interioris
503 531 752 575 munitionis
791 531 1049 581 defensores,
1089 531 1212 575 scalis
1252 530 1452 580 admotis,
1501 530 1730 573 tormentis

245 593 456 652 cujusque
489 591 658 650 generis
693 590 877 648 telisque
912 591 1162 634 terrebant:
1215 607 1282 633 ma
1317 606 1459 647 naque
1493 589 1732 632 multitudo

241 650 570 711 sagittariorum
592 650 650 693 ab
670 659 858 706 utraque
880 657 1005 708 parte
1025 607 1478 693 circumfunffebatnr.
1534 649 1730 691 Multum

246 721 392 755 autem
411 711 469 763 ab
489 709 580 753 ictu
602 709 814 768 lapidum,
836 709 954 766 quod
976 725 1109 753 unum
1131 709 1285 752 nostris
1306 718 1402 752 erat
1423 709 1580 757 telum,
1613 707 1736 750 vimi-

245 785 327 815 nea
359 769 601 828 tegimenta
633 768 768 827 galeis
802 768 989 826 inposita
1019 768 1326 812 defendebant.
1390 767 1562 826 Itaque,
1594 782 1731 825 quum

245 828 448 874 omnibus
483 828 614 871 rebus
648 827 783 870 nostri
814 837 1116 886 premerentur
1147 836 1280 886 atque
1315 842 1430 886 aegre
1462 827 1731 875 resisterent,

244 887 591 939 animadversum
635 895 700 930 est
739 886 894 929 vitium
931 887 1196 937 munitionis,
1232 886 1352 944 quod
1388 900 1522 943 supra
1558 885 1736 928 demon-

244 955 432 992 stratum
466 956 547 997 est,
577 954 711 1004 atque
745 945 859 988 inter
896 946 1005 989 duos
1037 946 1189 995 vallos,
1222 962 1312 1003 qua
1347 946 1592 1003 perfectum
1624 959 1735 1002 opus

245 1022 333 1056 non
354 1014 466 1057 erat,
498 1021 576 1064 per
597 1021 714 1047 mare
746 1005 928 1048 navibus
959 1006 1144 1064 expositi
1176 1006 1218 1048 in
1249 1004 1454 1048 adversos
1475 1013 1645 1047 nostros
1673 1002 1734 1045 in-

245 1074 400 1126 petum
431 1065 630 1108 fecerunt
662 1073 795 1122 atque
823 1081 876 1107 ex
906 1073 1094 1123 utraque
1127 1063 1366 1108 munitione
1387 1062 1577 1121 dejectos
1605 1071 1733 1120 terga

246 1134 420 1170 vertere
441 1131 696 1182 coegerunt.

306 1183 376 1226 64.
414 1183 512 1226 Hoc
533 1181 729 1224 tumultu
751 1181 971 1232 nunciato,
1012 1181 1297 1225 Marcellinus
1324 1179 1526 1224 cohortes
1544 1177 1735 1223 subsidio

244 1243 404 1290 nostris
424 1240 724 1284 laborantibus
751 1241 996 1284 submittit:
1032 1257 1128 1299 quae
1150 1257 1202 1284 ex
1223 1241 1372 1283 castris
1392 1240 1609 1298 fugientes
1635 1253 1736 1281 con-

243 1301 434 1359 spicatae,
458 1315 602 1357 neque
623 1299 720 1342 illos
740 1315 816 1342 suo
832 1299 1023 1343 adventu
1040 1299 1295 1342 confirmare
1313 1306 1572 1356 potuerunt,
1594 1312 1621 1340 n
1681 1312 1735 1339 ue

244 1360 345 1418 ipsae
365 1359 553 1402 hostium
577 1359 773 1415 inpetum
795 1358 1009 1401 tulerunt.
1074 1358 1245 1416 Itaque,
1267 1357 1572 1417 quodcumque
1604 1355 1661 1400 ad
1693 1371 1736 1400 e·

244 1419 377 1462 batur
398 1417 607 1467 subsidio,
630 1416 674 1458 id
696 1425 961 1476 conruptum
982 1416 1139 1460 timore
1158 1417 1436 1476 fugientium,
1459 1426 1672 1460 terrorem
1693 1422 1738 1457 et

245 1477 489 1537 periculum
516 1493 569 1519 au
605 1476 727 1519 ebat:
762 1475 981 1519 hominum
1004 1477 1116 1519 enim
1141 1476 1424 1520 multitudine
1452 1484 1654 1534 receptus
1676 1475 1738 1517 in-

245 1536 521 1596 pediebatur.
568 1493 618 1579 Ign
639 1552 690 1579 eo
715 1535 889 1594 proelio,
912 1552 1048 1593 quum
1070 1536 1193 1595 gravi
1216 1536 1397 1579 vulnere
1413 1544 1524 1578 esset
1538 1534 1739 1578 adfectus

244 1595 452 1654 aquilifer
472 1603 518 1637 et
536 1610 561 1636 a
583 1595 749 1638 viribus
767 1595 1046 1644 deficeretur,
1068 1596 1342 1654 conspicatus
1363 1595 1530 1652 equites
1550 1603 1736 1644 nostros,

245 1662 276 1682 “
300 1655 410 1699 hanc
428 1655 556 1712 eg0‚”
579 1653 738 1711 inquit,
762 1662 790 1679 ‘⁶
815 1663 860 1697 et
882 1655 1006 1696 vivus
1028 1655 1187 1698 inultos
1212 1671 1290 1713 per
1309 1670 1442 1697 annos
1461 1669 1618 1712 inagna
1638 1651 1736 1696 dili-

245 1721 276 1742 “
300 1712 449 1772 gentia
466 1711 654 1762 defendi,
675 1721 720 1755 et
742 1728 854 1756 nunc
875 1714 1058 1757 moriens
1078 1714 1227 1757 eadem
1250 1713 1333 1757 fide
1355 1713 1514 1757 Caesari
1535 1712 1734 1755 restituo.

245 1780 277 1802 “
304 1772 474 1822 Nolite,
496 1771 693 1821 obsecro,
716 1772 1002 1821 committere,
1016 1772 1135 1830 quod
1157 1782 1258 1815 ante
1277 1773 1319 1816 in
1337 1772 1533 1817 exercitu
1556 1771 1737 1814 Caesaris

245 1839 276 1860 ‘⁴
300 1847 386 1876 non
417 1830 592 1883 accidit,
629 1839 680 1874 ut
715 1831 775 1874 rei
813 1831 1012 1874 militaris
1042 1830 1230 1874 dedecus
1256 1832 1541 1878 admittatur:
1572 1830 1735 1873 incolu-

245 1899 276 1921 “
301 1906 504 1949 memque
532 1890 587 1933 ad
620 1906 719 1933 eum
754 1891 960 1934 referte-'⁹
1022 1889 1120 1933 Hoc
1150 1907 1249 1933 casu
1271 1890 1417 1949 aquila
1437 1899 1737 1938 conservatur,

244 1950 446 1994 omnibus
482 1948 634 2009 primae
669 1948 859 1994 cohortis
902 1949 1242 1994 Centurionibus
1281 1949 1536 2000 interfectis,
1578 1958 1739 2007 praeter

247 2009 494 2069 Principem
515 2008 722 2068 priorem.

295 2181 486 2216 Exercitus.
524 2183 623 2217 Hanc
639 2192 759 2214 vocem
783 2182 882 2214 uncis
911 2181 961 2213 in-

1031 2189 1200 2225 ponuntur
1230 2183 1407 2223 leqimmriu·
1435 2181 1522 2215 levis
1558 2186 1734 2214 armatum

249 2225 354 2260 clusit
380 2226 505 2268 Scalig.
532 2228 705 2269 sequentia
722 2227 826 2258 verba
843 2238 962 2258 norm-

1030 2227 1212 2259 militibus.
1240 2226 1282 2258 V.
1299 2239 1330 2259 c.
1348 2229 1401 2259 69.

251 2282 318 2314 que
331 2281 449 2306 eorum
464 2270 588 2302 absunt
604 2283 623 2303 a
647 2271 750 2302 variis
770 2272 869 2303 codd.
901 2281 961 2303 noc

252 2316 408 2358 adparet,
433 2314 518 2356 quid
545 2314 612 2347 sibi
644 2315 719 2347 heic
748 2315 828 2347 velit
845 2326 962 2347 not-m.

254 2358 347 2393 Oud.
371 2358 562 2401 suspicatur
576 2360 642 2400 leg.
666 2363 894 2401 exercitusque
911 2363 960 2391 in-

253 2407 376 2448 opinus
390 2404 471 2436 adt.
488 2407 620 2436 exstitit.
659 2403 835 2435 Bentleius
861 2405 962 2436 Pom-

250 2451 369 2491 peiam'
384 2454 488 2491 atque
504 2458 547 2485 221²
559 2450 732 2489 inopinato
747 2459 861 2480 eorum
880 2449 960 2480 adr.

301 2493 424 2531 Simul.
451 2491 521 2524 Alii
536 2493 705 2534 simulque
720 2493 872 2524 nat-ihus.

303 2537 348 2568 In
374 2540 580 2569 exteriorem.
618 2536 729 2568 Codd.
759 2536 899 2576 quidam
928 2544 963 2570 et

254 2581 334 2612 edd.
349 2587 418 2614 vet.
432 2584 470 2613 in
484 2583 685 2613 maiorem.
714 2582 800 2611 undo
819 2580 962 2612 Faernus

253 2624 338 2659 fecit
365 2628 402 2657 in
427 2627 640 2662 aruerint-em,
665 2625 756 2665 quc-d
781 2625 880 2661 vulgo
911 2636 961 2656 re-

255 2675 409 2711 ceptum.
434 2670 470 2701 ld
488 2669 599 2710 rejicit
612 2668 783 2700 Cellarius
809 2668 840 2699 in
870 2669 961 2701 curis

257 2719 347 2755 post.
365 2724 400 2755 p.
421 2715 493 2745 175.
508 2720 542 2744 et
556 2726 575 2745 e
590 2714 666 2745 cod.
696 2712 813 2744 Ciacc.
832 2713 887 2744 dat
902 2725 960 2745 ‹nr-

255 2762 425 2790 tet-iorem.
456 2757 589 2789 firmant
621 2758 654 2790 id
686 2757 788 2788 codd.
816 2756 889 2790 alii.
918 2758 958 2789 V.

257 2801 348 2834 Oud.
363 2808 395 2833 et
411 2802 453 2833 cs.
470 2802 621 2834 Gronov.
639 2800 782 2834 Observ.
801 2803 832 2838 3,
852 2803 900 2832 is.

304 2845 502 2886 Leqe'mwrie'
516 2845 710 2888 (Pompeii)
721 2846 888 2877 tem—ebant
903 2846 959 2877 ale-

249 2886 402 2930 semores
448 2889 701 2931 (Caesarianos).
774 2888 830 2921 Sic
867 2890 960 2930 cepit

254 2932 424 2968 Clarkius.
445 2936 498 2969 M.
521 2933 653 2971 Etsana
665 2933 753 2968 satio
769 2933 881 2967 docet.
896 2944 962 2978 op·

1075 2272 1116 2304 In
1137 2272 1305 2304 adversos.
1340 2271 1400 2304 alii
1422 2274 1458 2302 in
1477 2279 1620 2308 aversos,
1640 2268 1731 2311 quod

1027 2316 1258 2358 recepitOud.

1075 2362 1240 2393 Gnlmrtes.
1279 2359 1432 2391 Jurinius
1448 2359 1526 2391 addi
1539 2358 1639 2401 jubet
1654 2363 1731 2390 tres.

1028 2415 1093 2437 nou
1112 2405 1211 2436 video
1230 2406 1317 2436 unde
1331 2405 1498 2436 desumat.

1073 2452 1098 2481 A
1127 2450 1252 2481 vir-dms
1275 2449 1482 2488 deficeretur.
1529 2446 1642 2489 Vulgo
1658 2448 1736 2479 visi·

1027 2494 1088 2527 bus
1103 2494 1263 2534 defioeree.
1286 2493 1374 2525 Scal.
1387 2494 1514 2525 wir-'buu
1525 2493 1734 2532 deficeretur.

1027 2537 1306 2579 Pur-positionem
1345 2538 1473 2569 addunt
1514 2536 1597 2568 boni
1632 2535 1733 2567 codd.

1026 2583 1156 2624 recepit
1176 2582 1245 2624 jam
1261 2581 1441 2620 Cellarius,
1454 2590 1557 2623 quem
1573 2587 1733 2622 sequutus

1022 2626 1113 2658 Oud.

1074 2671 1223 2703 Dedecus
1239 2670 1452 2703 ntlma'uamr.
1492 2667 1636 2700 voa-im
1658 2678 1732 2699 sus·

1027 2715 1157 2757 picatur
1171 2714 1238 2757 leg.
1250 2715 1349 2747 decus
1365 2717 1553 2747 (induatur.
1578 2713 1613 2745 ld
1629 2711 1731 2744 habet

1024 2760 1104 2791 cod.
1154 2759 1292 2791 Non'ic.
1323 2760 1381 2791 sed
1411 2759 1583 2797 vulgatum
1608 2755 1726 2798 reliqui

1023 2803 1123 2835 codd.
1141 2810 1173 2835 et
1189 2804 1265 2834 edd.
1282 2809 1352 2835 vet.
1398 2802 1448 2833 De.
1462 2812 1504 2833 eo
1520 2801 1683 2832 dedecooe
1699 2807 1735 2832 et

1023 2848 1148 2879 delicto
1166 2847 1234 2880 vid.
1259 2847 1352 2889 Lips.
1367 2848 1409 2879 de
1425 2846 1497 2878 mil.
1525 2845 1624 2876 Rom.

1070 2893 1228 2935 Princepe
1240 2895 1336 2934 prior
1348 2903 1367 2923 e
1380 2888 1548 2923 sententia
1562 2888 1671 2931 Lipsii
1685 2889 1729 2920 de

1024 2935 1097 2971 mil.
1129 2936 1234 2971 Rom.
1251 2939 1331 2979 2,8.
1344 2943 1398 2972 est
1418 2932 1579 2970 Centurio
1601 2933 1728 2978 prioris
