1946 3261
605 190 724 236 ΜΒ.
759 191 840 237 v1.
904 192 1044 237 cAP.
1082 194 1120 245 1,
1152 195 1198 236 2.
1572 173 1652 238 13⁴5

167 313 431 358 Proconsule
453 315 584 375 petit,
620 315 826 374 quoniam
857 315 950 375 ipse
971 315 1027 358 ad
1049 315 1205 358 urbem
1225 330 1325 359 cum
1351 314 1537 375 imperio
1567 315 1653 359 rei-

165 373 354 433 publicae
375 391 521 418 caussa
542 385 800 425 remaneret,
823 391 933 434 quos
952 390 1006 417 ex
1028 375 1259 433 Cisalpinae
1282 374 1430 418 Gallia
1451 375 1656 420 Consulis

163 444 427 478 sacramento
462 436 714 494 rogavisset,
743 435 799 478 ad
821 435 941 494 signa
961 434 1193 477 convenire
1215 443 1261 478 et
1281 436 1337 479 ad
1357 452 1401 478 se
1438 435 1656 495 proficisci

159 491 361 551 juberet:
395 495 540 554 magni
578 495 782 538 interesse
811 495 942 538 etiam
969 494 1012 536 in
1041 492 1260 551 reliquum
1287 503 1461 554 tempus
1482 494 1538 538 ad
1562 495 1658 554 opi-

164 552 335 596 nionem
357 553 514 597 Galliae
532 553 792 604 existimans,
826 562 968 597 tantas
985 552 1125 596 videri
1148 552 1286 596 Italiae
1307 554 1554 605 facultates,
1587 562 1656 605 ut,

164 611 198 654 si
237 612 345 669 quid
379 621 490 656 esset
521 614 564 656 in
601 613 721 656 bello
758 613 1011 656 detrimenti
1046 621 1296 671 acceptum,
1331 628 1418 656 non
1443 614 1575 657 modo
1609 613 1658 656 id·

164 670 287 714 brevi
311 679 399 714 tem
435 688 510 715 ore
543 672 707 723 sarciri,
729 673 804 715 sed
839 673 972 716 etiam
1002 671 1240 731 majoribus
1275 671 1485 731 adaugeri
1524 673 1660 732 copiis

165 738 323 787 posset.
388 688 518 780 {uod
559 748 697 789 quum
735 732 970 792 Pompeius
1005 740 1052 774 et
1089 731 1344 791 reipublicae
1383 740 1428 774 et
1460 731 1660 776 amicitiae

165 788 403 837 tribuisset,
441 790 643 833 celeriter
679 792 880 835 confecto
909 808 991 851 per
1022 808 1121 834 suos
1157 791 1340 841 dilectu,
1383 790 1526 834 tribus
1562 799 1662 834 ante

166 856 362 890 exactam
382 847 567 891 hiemem
588 857 633 890 et
655 852 904 894 constitutis
925 860 969 893 et
998 851 1198 894 adductis
1219 849 1480 910 legionibus,
1517 849 1664 908 dupli-

166 915 352 964 catoque
390 923 542 950 earum
588 906 837 952 cohortium
870 926 1066 960 numero,
1103 925 1212 967 quas
1247 923 1349 951 cum
1386 907 1442 957 Q.
1487 907 1665 952 Titurio

164 965 381 1015 amiserat,
404 975 449 1008 et
469 966 692 1009 celeritate
713 974 757 1008 et
778 970 913 1025 copiis
932 970 1100 1019 docuit,
1138 967 1247 1027 quid
1280 966 1444 1028 Populi
1477 966 1665 1012 Romani

162 1023 391 1083 disciplina
410 1033 545 1083 atque
566 1041 670 1084 opes
692 1034 882 1084 possent.

225 1083 268 1125 2.
304 1083 542 1127 Interfecto
572 1083 890 1134 Indutiomaro,
928 1091 980 1127 ut
1009 1082 1254 1136 docuimus,
1291 1085 1348 1130 ad
1374 1087 1467 1147 ejus
1487 1086 1666 1146 propin-

167 1159 277 1202 quos
297 1159 323 1186 a
344 1143 537 1187 Treviris
557 1144 788 1204 imperium
810 1142 1026 1185 defertur.
1078 1144 1150 1187 Illi
1168 1144 1390 1189 finitumos
1426 1147 1671 1190 Germanos

166 1203 402 1246 sollicitare
443 1212 490 1246 et
530 1203 757 1262 pecuniam
800 1202 1000 1260 polliceri
1043 1217 1129 1244 non
1170 1193 1404 1247 desistunt:
1440 1219 1579 1261 quum
1611 1207 1667 1252 ab

169 1263 377 1321 proximis
397 1263 631 1321 impetrare
652 1277 737 1305 non
756 1269 947 1321 possent,
971 1260 1204 1303 ulteriores
1223 1269 1413 1305 tentant.
1476 1261 1671 1308 Inventis

170 1321 390 1366 nonnullis
409 1321 678 1370 civitatibus,
706 1319 995 1379 jurejurando
1027 1320 1142 1361 inter
1163 1336 1205 1362 se
1227 1320 1490 1366 confirmant
1510 1324 1672 1368 obsidi-

169 1381 342 1439 busque
378 1380 434 1423 de
473 1380 657 1439 pecunia
694 1388 874 1422 cavent:
920 1378 1223 1436 Ambiorigem
1259 1380 1343 1423 sibi
1379 1382 1586 1426 societate
1626 1391 1672 1427 et

170 1439 335 1483 foedere
357 1439 620 1498 adjungunt.
687 1439 862 1488 Quibus
899 1438 1028 1480 rebus
1061 1438 1262 1494 cognitis,
1326 1439 1487 1490 Caesar,
1531 1458 1672 1499 quum

168 1499 364 1557 undique
385 1498 553 1541 bellum
574 1497 722 1556 parari
744 1497 932 1547 videret,
973 1495 1178 1546 Nervios,
1213 1497 1486 1549 Advatucos‚
1519 1500 1673 1545 Mena-

169 1559 279 1618 pios,
303 1558 519 1618 adjunctis
540 1556 799 1600 cisrhenanis
821 1556 1022 1599 omnibus
1046 1555 1294 1605 Germanis,
1332 1572 1419 1599 esse
1452 1557 1496 1600 in
1526 1561 1671 1612 armis,

173 1619 366 1662 Senones
383 1616 441 1659 ad
463 1617 726 1674 imperatum
749 1631 837 1658 non
859 1615 1008 1658 venire
1036 1622 1081 1657 et
1102 1630 1199 1657 cum
1236 1615 1508 1658 Carnutibus
1528 1617 1675 1662 finitu-

171 1677 337 1736 misque
374 1675 629 1720 civitatibus
662 1675 842 1718 concilia
885 1673 1220 1725 communicare,
1258 1690 1284 1717 a
1323 1673 1519 1718 Treviris
1563 1677 1678 1721 Ger.

169 1752 319 1782 manos
347 1735 512 1780 crebris
531 1735 826 1795 legationibus
847 1733 1099 1786 sollicitari3
1130 1734 1347 1779 maturius
1366 1734 1450 1779 sibi
1481 1734 1538 1779 de
1558 1735 1678 1785 bello

169 1795 449 1857 cogitandum
471 1796 667 1857 putavit.
890 1814 894 1818 -

169 1947 288 1982 civilis
309 1947 396 1980 lianc
420 1946 594 1990 legionem
621 1945 701 1979 satis
722 1945 848 1979 callide
865 1957 887 1980 a

170 1993 301 2026 Caesare
309 1991 465 2031 abduxit,
475 2003 546 2034 quo
560 1990 673 2023 Caesar
684 2002 751 2023 non
766 2002 885 2034 parum

169 2038 322 2072 offensus
345 2043 409 2076 est,
429 2037 528 2078 quasi
551 2036 740 2078 Pompeius
770 2037 886 2078 ipsum

170 2082 345 2116 militibus
359 2088 393 2114 et
416 2081 548 2124 opibus
568 2082 767 2123 exspoliare
783 2082 887 2114 vellet

171 2127 258 2168 (vid.
285 2126 371 2159 infra
395 2126 436 2157 de
466 2125 547 2157 bell.
579 2126 668 2158 Gall.
702 2129 734 2165 8,
768 2129 821 2158 54.
851 2133 886 2160 et

172 2170 327 2214 Appian.
342 2170 384 2202 de
405 2171 445 2202 B.
462 2168 501 2201 C.
519 2181 554 2212 p.
572 2173 647 2203 446.
663 2171 718 2202 ed.
736 2170 885 2213 Steph.),

168 2216 300 2259 fuitque
330 2216 403 2248 haec
432 2225 498 2254 ree,
533 2222 571 2248 ut
602 2215 887 2257 prudentissimus

171 2261 379 2294 Plutarchus
404 2259 456 2300 (in
479 2259 567 2293 Caes.
595 2271 627 2292 c.
651 2262 711 2300 25)
736 2261 886 2300 monuit,

170 2305 262 2339 haud
277 2307 353 2338 leve
369 2311 581 2338 momentum
593 2305 636 2337 ad
649 2305 790 2337 exordia
800 2305 885 2338 belli

168 2350 296 2383 civilis.
321 2350 372 2382 M.

220 2397 431 2429 Remanent.
454 2393 509 2428 Sic
521 2395 613 2428 Oud.
630 2406 650 2427 e
667 2394 885 2437 codd.vulgo

172 2444 339 2475 maneret.

222 2484 372 2518 Consulis
384 2490 606 2524 sacramento,
632 2483 662 2517 si
686 2495 765 2517 vera
779 2483 885 2517 lectio

172 2535 237 2569 est,
280 2527 488 2570 significabit
517 2535 778 2569 sacramentum,
814 2541 884 2572 quo

173 2574 305 2606 Consul
329 2572 436 2615 adigit
461 2573 604 2613 milites,
632 2586 702 2617 quo
730 2585 790 2606 eos
821 2575 886 2607 ob-

172 2617 322 2661 stringit.
354 2617 419 2649 Sed
434 2617 578 2651 libenter
593 2620 721 2650 accedo
741 2618 797 2658 iis,
823 2619 885 2661 qui

175 2664 302 2696 Comae
322 2661 393 2704 legi
408 2662 540 2695 volunt.
585 2663 773 2706 Pompeius
799 2664 887 2695 Con-

172 2710 227 2741 sul
251 2708 414 2740 dilectum
441 2707 608 2739 habuerat
631 2713 667 2739 et
688 2707 820 2739 milites
833 2718 888 2739 ro-

172 2759 266 2795 garat
291 2757 500 2784 sacramento
518 2751 735 2794 interposito,
751 2763 794 2784 an
812 2753 885 2784 vel-

175 2798 246 2829 lent
275 2796 413 2828 nomina
434 2797 512 2828 dare
526 2795 676 2828 militiae.
722 2798 883 2830 Ceterum

171 2843 218 2874 cf.
254 2843 327 2874 lnd.
357 2841 392 2873 in
420 2847 680 2874 sacramentum.
721 2842 771 2873 M.
819 2842 882 2874 Ph.

175 2886 356 2919 Rubenius
379 2886 522 2918 volebat
548 2887 671 2918 Consul
693 2888 723 2918 is
745 2885 884 2919 divisim

176 2931 287 2965 Elect.
308 2934 337 2971 1,
357 2933 407 2962 15.
431 2931 492 2962 sed
504 2930 646 2962 Tacitus
660 2929 765 2962 etiam
782 2931 885 2964 habet

172 2976 268 3020 adiqz·
298 2981 507 3010 sacramento
535 2976 723 3015 Qesamm,
754 2976 884 3017 Vitellii,

964 1947 1168 1990 Vespasiani.
1183 1946 1255 1980 vid.
1272 1946 1364 1980 Hist.
1385 1948 1416 1988 l,
1431 1948 1487 1982 ¹16.
1510 1947 1678 1983 advocare

954 1998 1175 2026 sacramento.
1194 1991 1242 2023 ib.
1257 2002 1288 2024 c.
1307 1997 1360 2024 55.

957 2039 1145 2114 MSarct'rae'.
1194 2036 1358 2078 Plerique
1380 2036 1480 2069 codd.
1503 2039 1676 2071 resarciri.

1001 2126 1190 2168 Adauqeri.
1214 2124 1301 2158 alias
1317 2127 1451 2168 anyer-i.

1007 2172 1047 2202 Ut
1062 2171 1248 2203 docuimus.
1268 2169 1340 2202 vid.
1362 2174 1393 2209 5,
1410 2172 1464 2203 58.
1489 2169 1541 2203 M.

1002 2216 1080 2247 Non
1093 2215 1264 2248 desistant.
1279 2214 1351 2247 vid.
1370 2218 1402 2254 5,
1419 2219 1475 2248 55.
1500 2215 1552 2247 M.

1003 2259 1210 2294 Civitatibus.
1259 2259 1317 2292 Sic
1346 2258 1438 2292 Oud.
1462 2259 1596 2294 ecodd.
1611 2258 1676 2296 alii

952 2306 1110 2338 cit-itate&

1004 2351 1057 2381 De
1075 2351 1226 2392 pecunia
1250 2354 1379 2383 cat-ent.
1405 2349 1431 2382 i.
1456 2359 1487 2382 e.
1510 2359 1547 2381 se
1570 2360 1675 2393 pecu-

954 2393 1048 2425 niam
1076 2395 1224 2428 daturos.
1280 2394 1414 2427 Frustra
1459 2393 1601 2427 Ursinus
1641 2398 1676 2426 et

950 2439 1117 2472 Ciaccon.
1139 2445 1170 2472 et
1182 2442 1339 2484 pecunia.

1003 2485 1160 2518 Omnebus
1190 2486 1382 2518 Germanis.
1430 2482 1501 2523 Qui
1534 2482 1615 2522 sint,
1636 2493 1674 2514 v.

954 2532 987 2570 2,
1014 2533 1044 2562 4.
1069 2529 1162 2562 Male
1188 2529 1368 2562 Goduinus
1399 2527 1566 2570 intelligit
1594 2525 1673 2558 Tri-

953 2574 1095 2614 boccos,
1108 2575 1281 2614 Nemetes,
1292 2574 1510 2618 Vangiones;
1530 2571 1565 2604 hi
1577 2570 1669 2603 enim

953 2621 1107 2651 nondum
1161 2620 1321 2653 videntur
1372 2625 1445 2652 tum
1510 2617 1671 2650 Rhenum

953 2665 1127 2698 transisse.

999 2711 1312 2742 Senones—venire.
1337 2708 1391 2740 Cf.
1409 2711 1440 2746 5,
1459 2706 1514 2738 54.
1539 2704 1591 2736 Μ.
1622 2704 1670 2739 ad

950 2755 1162 2796 imperatum.
1188 2754 1324 2786 Sallust.
1336 2753 1470 2794 Jugurt.
1484 2761 1517 2782 c.
1534 2750 1588 2780 62.
1605 2749 1668 2781 ha-

951 2797 1010 2830 bet
1026 2800 1074 2832 ad
1087 2799 1328 2842 imperandum
1344 2796 1472 2829 roc-'are-
1497 2794 1591 2837 quod
1613 2799 1666 2825 est

950 2843 1163 2884 ambiguum,
1208 2843 1295 2874 unde
1332 2849 1515 2883 perperam
1544 2844 1578 2871 et
1607 2837 1664 2871 hic

951 2887 1067 2929 placet
1091 2888 1126 2921 id
1142 2886 1344 2931 gerundium
1360 2885 1486 2919 Ursino
1503 2889 1538 2919 et
1561 2882 1664 2917 Ciac-

949 2942 1052 2966 como
