1946 3261
614 286 733 330 LIB.
796 285 935 330 CAP.
969 282 1160 332 55—57.
1551 288 1636 334 509

193 412 266 455 55.
302 412 466 456 Gaetuli
487 413 658 457 interim
679 415 894 472 perfugae,
917 429 1023 470 quos
1041 430 1139 456 cum
1156 414 1312 458 litteris
1331 413 1634 474 mandatisque

134 488 160 514 a
183 473 353 516 Caesare
374 473 518 516 missos
550 489 681 531 supra
715 472 954 523 docuimus,
987 472 1042 514 ad
1072 489 1169 515 suos
1201 474 1313 516 cives
1346 476 1627 533 perveniunt;

136 547 324 588 quorum
357 532 618 575 auctoritate
653 532 776 573 facile
809 530 1000 580 adducti,
1037 531 1302 589 Caesarisque
1336 534 1505 577 nomine
1535 550 1636 592 per-

135 590 262 641 suasi,
297 607 322 632 a
345 591 467 648 Rege
489 591 517 632 J
523 591 609 632 uba
644 589 885 632 desciscunt
918 590 1207 648 celeriterque
1240 593 1386 634 cuncti
1419 609 1539 635 arma
1569 609 1637 635 ca-

136 649 265 707 piunt
286 658 524 706 contraque
548 648 717 705 Regem
738 648 879 691 facere
909 664 992 691 non
1025 648 1245 691 dubitant.
1312 651 1482 699 Quibus
1505 653 1636 695 rebus

136 708 333 765 cognitiS‚
356 707 385 749 J
392 708 491 757 uba,
515 707 728 749 distentus
751 707 915 765 triplici
930 707 1065 757 bello,
1088 707 1424 765 necessitateque
1448 719 1637 761 coactus,

138 766 192 808 de
214 766 298 808 suis
320 766 468 823 copiis,
503 782 610 822 quas
643 772 794 808 eontra
818 766 1032 808 Caesarem
1052 766 1311 816 adduxerat,
1347 783 1419 809 sex
1440 768 1638 811 cohortes

137 824 183 866 in
202 824 307 867 fines
328 824 470 882 Regni
491 825 557 866 sui
577 824 728 874 mittit,
752 841 847 882 quae
869 834 1007 867 essent
1028 825 1228 883 praesidio
1250 833 1402 869 contra
1426 828 1635 870 Gaetulos.

197 883 269 926 56.
305 884 465 932 Caesar,
496 882 682 926 brachiis
706 884 924 942 perfectis,
957 885 1253 942 promotisque
1285 901 1421 942 usque
1449 902 1517 936 eo,
1551 902 1638 943 quo

138 941 275 984 telum
297 959 351 985 ex
372 941 537 1000 oppido
557 941 685 1000 adjici
708 959 792 985 non
810 951 965 1001 posset,
985 951 1125 985 castra
1143 943 1304 985 munit:
1340 944 1507 987 balistis
1524 960 1639 988 scor—

138 1001 428 1059 pionibusque
439 1001 603 1043 crebris
613 1010 713 1044 ante
724 1002 911 1045 frontem
921 1011 1162 1045 castrorum
1171 1012 1412 1061 contraque
1427 1003 1642 1062 oppidum

140 1060 389 1109 conlocatis,
422 1059 666 1102 defensores
695 1061 807 1103 muri
836 1061 1058 1103 deterrere
1082 1077 1168 1104 non
1189 1062 1464 1104 intermittit:
1500 1079 1640 1121 eoque

140 1119 334 1176 quinque
353 1119 543 1177 legiones
564 1136 616 1161 ex
637 1119 936 1177 superioribus
958 1121 1106 1163 castris
1125 1120 1316 1162 deducit.
1383 1122 1481 1171 Qua
1504 1122 1642 1164 facul-

141 1186 233 1220 tate
266 1178 431 1228 oblata,
466 1178 736 1220 inlustriores
766 1179 1060 1236 notissimique
1095 1188 1374 1237 conspectum
1404 1181 1643 1224 amicorum

142 1237 581 1294 propinquarumque
593 1236 894 1295 efflagitabant
910 1246 1043 1295 atque
1062 1238 1175 1280 inter
1189 1255 1231 1280 se
1246 1239 1641 1296 conloquebantur.

148 1295 257 1344 Quae
275 1311 342 1337 res
359 1295 468 1353 quid
487 1295 689 1337 utilitatis
708 1295 904 1345 haberet,
927 1297 1139 1339 Caesarem
1158 1313 1245 1339 non
1262 1297 1456 1340 fallebat.
1507 1299 1644 1341 Nam-

145 1370 230 1411 que
255 1354 419 1396 Gaetuli
452 1370 506 1397 ex
537 1355 738 1411 equitatu
768 1353 910 1412 Regio
940 1355 1188 1405 nobiliores,
1220 1356 1505 1414 equitumque
1535 1374 1644 1416 prae-

145 1412 264 1462 fecti,
303 1428 492 1470 quorum
524 1421 668 1471 patres
709 1429 808 1455 cum
845 1413 991 1455 Mario
1023 1422 1124 1456 ante
1160 1423 1426 1464 meruerant,
1463 1417 1645 1473 ejusque

145 1471 356 1514 beneficio
391 1471 507 1530 agris
540 1471 783 1529 finibusque
817 1471 979 1521 donati,
1016 1481 1116 1530 post
1152 1473 1286 1515 Sullae
1306 1474 1531 1517 victoriam
1564 1476 1646 1519 sub

152 1530 413 1588 Hiempsalis
438 1530 570 1587 Regis
592 1540 716 1572 erant
737 1538 954 1588 potestate
977 1530 1086 1579 dati,
1104 1532 1322 1574 occasione
1341 1541 1482 1590 capta,
1503 1542 1646 1585 nocte,

145 1589 233 1647 jam
265 1589 501 1631 luminibus
524 1590 725 1638 accensis,
756 1606 853 1631 cum
874 1589 995 1646 equis
1027 1591 1336 1648 calonibusque
1369 1592 1453 1633 suis
1474 1592 1647 1635 circiter

151 1647 253 1689 mile
295 1648 552 1706 perfugiunt
601 1648 644 1690 in
687 1648 865 1690 Caesaris
905 1657 1060 1699 castra,
1103 1666 1201 1707 quae
1241 1657 1364 1691 erant
1408 1650 1451 1692 in
1493 1667 1646 1710 campo

152 1707 349 1764 proxime
373 1707 515 1749 Uzitae
536 1706 692 1749 locata.

212 1765 283 1817 57.
320 1766 451 1814 Quod
471 1773 703 1823 postquam
727 1765 892 1823 Scipio,
925 1766 1089 1824 quique
1120 1781 1220 1808 cum
1241 1783 1293 1809 eo
1322 1775 1463 1818 erant,
1494 1784 1650 1826 cogno-

153 1831 329 1873 verunt,
363 1839 500 1880 quum
520 1824 723 1866 commoti
745 1840 797 1866 ex
820 1825 894 1866 tali
916 1825 1186 1867 incommodo
1208 1834 1362 1874 essent,
1393 1827 1483 1869 fere
1506 1844 1585 1886 per
1607 1828 1652 1870 id

152 1891 325 1941 tempus
345 1883 410 1924 M.
430 1882 669 1939 Aquinium
687 1899 786 1925 cum
805 1883 858 1925 C.
877 1884 1061 1926 Saserna
1079 1884 1410 1942 conloquentem
1426 1886 1650 1929 viderunt.

156 1941 302 1999 Scipio
322 1941 458 1983 mittit
486 1941 543 1983 ad
567 1942 825 1999 Aquinium,
850 1949 878 1968 “
899 1942 1004 1984 nihil
1027 1943 1236 1993 adtinere,
1261 1960 1360 1986 eum
1381 1961 1479 1987 cum
1501 1946 1652 1988 adver-

155 2008 185 2026 “
206 2000 326 2043 sariis
346 2000 594 2057 conloqui.’'
639 2001 784 2049 Quum
804 2000 937 2042 nihilo
955 2001 1094 2043 minus
1111 2003 1201 2059 ejus
1218 2018 1455 2046 sermonem
1472 2006 1652 2046 nuncius

156 2059 211 2101 ad
228 2075 271 2101 se
286 2058 485 2108 referret,
507 2066 537 2084 ‘⁶
553 2057 627 2100 sed
646 2067 822 2111 restare,
835 2068 884 2102 ut
902 2060 1083 2117 reliqua,
1098 2075 1195 2116 quae
1208 2060 1357 2111 vellet,
1372 2071 1603 2121 perageret
1615 2065 1653 2113 ;”

208 2162 406 2192 Docuimas.
430 2170 507 2202 cap.
526 2162 579 2191 32.
605 2161 656 2191 M.

211 2206 479 2245 Necessitateque.
527 2204 582 2235 Sic
609 2205 709 2235 codd.

164 2248 322 2280 enclitica
340 2249 445 2279 deest.

994 2163 1185 2193 Sermonem
1199 2165 1341 2194 nuncius
1356 2164 1402 2195 cul
1415 2175 1459 2196 se.
1500 2165 1653 2197 Nuncius

947 2204 1102 2246 Scipioni
1126 2206 1223 2237 refert
1245 2217 1431 2239 sermonem
1449 2210 1589 2250 Aquinii
1611 2211 1654 2242 ad

947 2260 996 2287 se,
1025 2250 1067 2280 ad
1097 2249 1206 2289 ipsum
1244 2250 1340 2282 illum
1379 2253 1555 2285 nuncium.
1617 2254 1652 2285 Si

760 2204 873 2247 Vulgo

212 2293 274 2331 Eo,
291 2303 368 2334 quo.
415 2292 470 2323 Sic
491 2292 609 2324 Davis.
627 2303 646 2324 e
662 2293 763 2324 codd.
801 2292 873 2325 Alii

163 2348 199 2369 eo
214 2341 252 2367 ut
268 2337 321 2367 vel
338 2347 373 2367 eo
391 2336 489 2376 quod.

214 2380 334 2421 Adjici.
379 2379 488 2411 Codd.
513 2386 546 2411 et
569 2381 644 2411 edd.
671 2386 737 2412 vet.
762 2382 874 2423 abjici,

168 2424 271 2455 male.
300 2424 353 2454 Cf.
368 2423 410 2454 G.
427 2427 458 2462 4,
474 2425 529 2454 23.

215 2469 433 2508 Hiempsalis.
478 2467 545 2498 Hic
570 2467 746 2509 Hiempsal
768 2469 809 2499 II.
826 2474 876 2499 est

171 2511 269 2542 Jubae
288 2511 395 2551 Regis
413 2516 515 2551 pater.
542 2513 667 2543 Cellar.

216 2556 380 2586 potestate
399 2556 480 2593 dati,
503 2566 607 2586 occas·
623 2561 732 2596 capta.
777 2554 874 2586 Leid.

178 2601 204 2629 1.
220 2599 315 2629 eted.
345 2598 433 2629 Flor.
447 2604 598 2639 accepta.
635 2599 725 2630 Oud.
738 2599 878 2640 conjicit

170 2642 333 2683 scriptum
349 2642 454 2673 fuisse
469 2642 553 2673 <lata
570 2645 750 2680 occasione,
771 2649 876 2674 nocte.

174 2686 227 2717 Sic
245 2692 278 2717 et
295 2686 403 2716 Bentl.
458 2686 493 2716 In
511 2685 657 2717 lectione
672 2686 811 2726 vulgata
829 2687 877 2717 le-

171 2731 321 2772 gendum
338 2730 422 2760 foret
434 2734 636 2770 potestatem.

219 2776 377 2806 Proxime
400 2774 502 2804 Uzttae
512 2775 631 2805 locata.
668 2774 704 2804 In
718 2773 877 2805 omnibus

173 2819 269 2849 codd.
282 2824 344 2856 est,
357 2819 508 2859 proasime
522 2819 628 2848 locum
646 2819 763 2848 Uze’toe.
798 2817 878 2848 For-

173 2867 260 2893 tasse
292 2861 422 2893 Hirtius
459 2860 545 2891 nihil
585 2860 774 2901 scripserat,
811 2861 877 2892 nisi

173 2909 344 2947 prooeima,
368 2911 400 2936 et
422 2911 535 2936 cetera
560 2904 794 2945 interpolendo
817 2906 877 2936 ad-

173 2949 245 2980 dita
264 2955 349 2988 sunt,
373 2960 392 2980 e
411 2949 536 2990 quibus
552 2948 697 2980 editores
715 2948 762 2988 id,
785 2950 878 2990 quod

175 3003 264 3026 nunc
282 2993 316 3026 in
331 2999 425 3026 textu
440 2998 504 3032 est,
525 2992 752 3025 efformarunt.
782 2995 833 3025 M.

947 2292 1059 2324 verbis
1087 2293 1185 2325 aliter
1216 2294 1335 2335 positis
1366 2296 1544 2337 legeretur,
1576 2309 1653 2330 cum

948 2338 1018 2368 nili.
1034 2349 1080 2368 m.
1098 2341 1169 2377 ejus
1184 2349 1369 2370 sermonem
1395 2342 1441 2372 cul
1461 2352 1493 2372 se
1510 2345 1653 2374 nuncius

947 2381 1095 2421 referret,
1120 2382 1235 2413 omnia
1262 2383 1369 2414 forent
1395 2386 1509 2425 plana.
1556 2386 1654 2417 Vidit

948 2435 1083 2456 sensum
1097 2424 1263 2457 Clarkius.
1286 2428 1336 2459 M.

996 2470 1062 2500 Sed
1077 2476 1203 2501 restare
1213 2487 1257 2492 —
1264 2476 1452 2513 pmvyeret.
1484 2475 1563 2505 Haec
1577 2480 1653 2506 sunt

950 2513 1024 2554 ipsa
1051 2514 1153 2545 verba
1184 2514 1337 2555 Aquinii.
1384 2515 1480 2548 Dixit
1520 2517 1652 2558 itaque:

948 2558 1002 2588 secl
1018 2559 1142 2589 restabo
1155 2575 1199 2580 -——
1210 2559 1366 2600 ——quasi
1392 2561 1495 2592 vellet
1520 2560 1630 2593 dicere
1645 2574 1652 2593 ε

950 2600 1102 2639 Mandet‚
1113 2602 1195 2642 quid
1208 2603 1303 2641 velit,
1316 2603 1449 2644 Scipio;
1474 2615 1542 2635 non
1558 2615 1652 2644 curo,

950 2646 1007 2675 sed
1025 2645 1198 2686 persistam
1214 2652 1246 2677 et
1264 2647 1411 2678 manebo
1428 2648 1498 2686 hic,
1525 2654 1559 2679 ut
1574 2650 1654 2681 reli-

948 2699 1014 2729 qua
1046 2700 1204 2730 peragam
1233 2690 1266 2721 in
1296 2691 1491 2732 conloquio.
1522 2694 1654 2726 Ouden-

948 2734 1042 2774 dorp.
1105 2734 1142 2764 In
1174 2734 1249 2765 edd.
1280 2735 1371 2774 vulg.
1402 2741 1467 2766 est:
1507 2736 1653 2777 referret,

948 2780 1161 2817 restaretque.
1187 2777 1250 2808 Sed
1266 2778 1421 2809 Oudend.
1432 2779 1540 2810 bonos
1553 2782 1655 2814 codd.

950 2827 1087 2851 secutus
1103 2826 1164 2858 est,
1182 2822 1232 2851 M.
1256 2822 1313 2852 sed
1331 2827 1467 2862 res-care,
1490 2829 1538 2856 ut.
1583 2825 1653 2856 Alii

948 2865 1134 2905 diceretque
1150 2870 1197 2903 ut,
1213 2865 1268 2895 vel
1282 2870 1485 2908 restam-etque
1497 2873 1543 2900 ut.
1576 2869 1652 2901 Hoc

948 2908 1267 2949 Cellariusrecepit,
1278 2909 1342 2940 hoc
1355 2921 1469 2942 sensu:
1493 2917 1653 2953 tanquam

948 2951 1125 2993 Scipionis
1141 2954 1336 2984 mandatum
1350 2955 1493 2986 nuncius
1505 2957 1652 2997 Aquinio

949 2995 1117 3036 adtulerit,
1144 3002 1181 3030 ut
1207 3003 1344 3030 restaret
1376 3004 1406 3032 et
1425 3001 1554 3042 reliqua
1574 3013 1656 3043 per-
