1946 3261
667 158 789 217 Lm.
820 171 926 218 vn.
991 172 1131 218 CAP.
1164 173 1356 218 84-87.
1669 175 1757 219 217

253 297 309 342 ad
327 297 518 343 animum
541 301 750 353 occurrit,
787 318 924 346 unum
956 300 1068 344 illud
1098 317 1187 345 esse
1224 310 1417 364 tempus,
1451 318 1542 362 quo
1571 302 1758 348 maxime

255 359 459 402 contendi
483 361 729 406 conveniat.
796 362 932 412 Galli,
966 360 1046 404 nisi
1069 361 1366 421 perfregerint
1384 363 1664 414 munitiones,
1701 364 1757 407 de

255 418 372 461 omni
407 419 544 464 salute
580 421 841 480 desperant:
877 420 1082 469 Romani,
1114 419 1146 462 si
1178 436 1270 463 rem
1307 422 1596 474 obtinuerint,
1627 423 1756 467 finem

255 477 458 522 laborum
480 481 671 523 omnium
693 489 962 540 exspectant.
1029 479 1226 522 Maxime
1247 479 1303 522 ad
1333 482 1579 540 superiores
1614 482 1758 527 muni-

256 536 395 579 tiones
431 538 676 588 laboratur,
716 555 803 598 quo
838 538 1220 607 Vergasillaunum
1246 539 1421 583 missum
1443 540 1758 586 demonstravi-

254 611 364 638 mus.
428 596 649 657 Exiguum
665 599 750 642 loci
767 598 823 642 ad
840 598 1140 642 declivitatem
1158 598 1380 656 fastigium
1398 615 1606 658 magnum
1621 600 1758 646 habet

255 664 540 699 momentum.
604 657 697 700 Alii
730 657 821 701 tela
852 658 1117 718 conjiciunt;
1151 657 1225 700 alii
1259 657 1482 701 testudine
1511 659 1628 703 facta
1655 661 1758 705 sub-

253 721 388 763 eunt;
432 714 686 775 defatigatis
720 717 762 760 in
797 717 935 761 vicem
971 716 1130 776 integri
1172 717 1423 760 succedunt.
1490 718 1659 777 Agger,
1700 720 1758 764 ab

253 773 466 817 universis
497 775 539 818 in
561 777 846 820 munitionem
869 778 1107 836 conjectuS‚
1131 785 1175 820 et
1206 776 1462 820 adscensum
1496 775 1574 819 dat
1598 778 1756 830 Gallis,

252 841 298 874 et
320 849 385 882 ea,
425 850 522 892 quae
544 835 586 878 in
623 844 785 879 terram
818 837 1149 881 occultaverant
1181 835 1386 888 Romani,
1424 836 1646 896 contegit:
1682 853 1759 882 nec

247 891 337 950 jam
359 909 481 936 arma
501 895 676 946 nostris,
699 911 777 939 nec
800 897 914 939 vires
935 896 1193 955 subpetunt.

312 952 384 994 86.
422 953 504 995 His
529 954 660 997 rebus
693 955 896 1011 cognitis,
933 956 1079 998 Caesar
1103 954 1346 997 Labienum
1379 971 1479 996 cum
1502 954 1759 1000 cohortibus

252 1027 327 1053 sex
363 1013 558 1056 subsidio
595 1014 901 1055 laborantibus
936 1015 1100 1055 mittit:
1137 1013 1342 1070 imperat,
1378 1012 1410 1054 si
1441 1015 1652 1058 sustinere
1671 1031 1759 1059 non

250 1069 404 1129 possit,
427 1070 628 1113 deductis
657 1070 912 1113 cohortibus
934 1071 1168 1128 eruptione
1192 1078 1386 1129 pugnet;
1421 1071 1482 1122 id,
1518 1073 1598 1117 nisi
1617 1090 1758 1118 neces-

249 1128 380 1178 sario,
421 1145 474 1171 ne
513 1129 658 1172 faciat.
725 1129 825 1189 Ipse
860 1129 954 1172 adit
986 1130 1205 1187 reliquos;
1239 1129 1513 1181 cohortatur,
1541 1148 1593 1175 ne
1615 1133 1760 1178 labori

251 1189 562 1238 succumbant;
597 1189 791 1232 omnium
828 1189 1107 1248 superiorum
1142 1188 1472 1233 dimicationum
1497 1192 1691 1236 fructum
1714 1194 1757 1237 in

251 1263 303 1290 eo
329 1246 400 1290 die
429 1257 563 1305 atque
602 1248 709 1292 hora
742 1248 874 1291 docet
910 1248 1161 1292 consistere.
1228 1248 1481 1300 Interiores,
1515 1250 1758 1311 desperatis

249 1308 569 1365 campestribus
591 1307 698 1351 locis
728 1316 916 1367 propter
937 1307 1283 1367 magnitudinem
1315 1309 1624 1361 munitionum,
1660 1312 1759 1355 loca

253 1375 482 1426 praerupta
522 1384 576 1410 ex
616 1367 797 1410 adsensu
844 1376 1041 1410 tentant:
1107 1366 1190 1409 huc
1232 1383 1297 1416 ea,
1338 1383 1434 1425 quae
1475 1381 1756 1427 paraverant,

251 1426 503 1468 conferunt:
555 1426 837 1469 multitudine
880 1427 1069 1469 telorum
1101 1442 1154 1468 ex
1188 1426 1387 1470 turribus
1421 1439 1756 1488 propugnantes

250 1485 519 1529 deturbant:
553 1502 716 1544 aggere
751 1495 797 1528 et
819 1486 1011 1528 cratibus
1031 1486 1162 1529 fossas
1184 1485 1381 1544 explent,
1405 1486 1553 1531 aditus
1575 1489 1755 1549 expedi-

249 1553 352 1587 unt:
387 1545 573 1588 falcibus
593 1545 760 1587 vallum
782 1562 831 1587 ac
854 1545 1032 1587 loricam
1054 1544 1322 1587 rescindunt.

308 1604 380 1645 87.
417 1604 563 1647 Caesar
585 1604 726 1647 mittit
762 1604 891 1646 ‚rimo
917 1605 1106 1647 Brutum
1129 1603 1456 1647 adoloscentem
1478 1621 1578 1649 cum
1601 1605 1754 1651 cohor-

247 1663 367 1706 tibus
387 1680 476 1713 seX,
494 1672 592 1724 post
610 1680 709 1707 cum
722 1621 816 1706 aliis
844 1673 1013 1723 septem
1033 1663 1085 1706 C.
1106 1663 1294 1706 Fabium
1315 1663 1531 1723 Legatum
1550 1680 1559 1706 :
1586 1674 1754 1724 postre-

245 1739 316 1767 mo
330 1723 437 1782 ipse,
454 1740 592 1782 quum
606 1723 905 1766 vehementius
920 1732 1186 1782 pugnarent,
1203 1722 1395 1781 integros
1411 1724 1604 1767 subsidio
1616 1725 1700 1769 add
1709 1744 1755 1770 u-

246 1782 322 1825 cit.
372 1783 596 1826 Restituto
617 1783 776 1842 proelio
794 1800 844 1826 ac
865 1783 1051 1842 repulsis
1071 1782 1285 1832 hostibus,
1309 1800 1377 1832 eo,
1400 1799 1491 1841 quo
1511 1783 1754 1830 Labienum

246 1842 438 1893 miserat,
461 1843 714 1892 contendit;
747 1842 950 1886 cohortes
972 1851 1163 1901 quatuor
1195 1859 1248 1885 ex
1267 1843 1467 1901 proximo
1482 1844 1660 1887 castello
1681 1846 1755 1889 de-

245 1902 392 1954 ducit;
426 1903 626 1962 equitum
648 1920 691 1948 se
711 1911 883 1962 partem
905 1902 1045 1962 sequi,
1066 1910 1241 1962 partem
1264 1903 1496 1946 circumire
1514 1904 1758 1949 exteriores

247 2033 389 2074 ciderat,
415 2045 434 2066 e
452 2033 622 2076 metaphr.
646 2033 756 2066 Grave.
774 2038 807 2064 et
822 2032 966 2075 quibus-

247 2080 325 2111 dam
342 2080 444 2111 codd.
483 2079 603 2111 Davis.
629 2085 664 2110 et
692 2078 850 2109 Oudend.
873 2084 963 2110 recte

249 2123 481 2157 restituerunt.
521 2125 570 2156 M.
616 2122 668 2154 Cf.
703 2123 877 2155 Drakenb.
920 2123 964 2154 ad

249 2169 312 2201 Liv
343 2171 375 2208 6,
388 2171 417 2199 6.

301 2215 460 2256 Tempta.
495 2214 576 2244 Post
593 2212 661 2244 hoc
679 2211 824 2244 verbum
843 2211 965 2243 frustra

249 2258 385 2292 additur
399 2259 501 2297 vulgo
515 2258 693 2299 praedae'cat.
731 2258 782 2288 M.

298 2304 472 2341 Contendi,
503 2301 551 2333 sic
569 2307 661 2333 amat
678 2306 806 2340 noster,
832 2305 870 2332 ut
895 2301 967 2332 hie-

248 2350 349 2385 mari,
365 2349 528 2390 puynari,
546 2348 665 2378 veniri.

296 2392 747 2432 {Cadmeam—momentum.
765 2389 848 2420 Ilaec
862 2388 968 2420 verba

245 2447 311 2469 non
324 2433 966 2475 intelligo‚etsivideo‚describilocum

245 2483 288 2513 de
298 2492 367 2523 quo
379 2491 410 2511 c.
428 2476 470 2511 83
487 2480 637 2512 dixerat:
652 2485 725 2511 erae
737 2480 827 2510 collis
841 2488 968 2510 —cas-

247 2532 302 2558 tra
318 2524 487 2565 fecerant.
533 2523 704 2566 Legerim,
723 2524 888 2564 Iniquum
903 2523 967 2554 Ioci

246 2572 421 2611 fastign'um
435 2580 482 2600 m.
500 2569 581 2600 hab.
597 2579 697 2600 mom.
737 2568 855 2599 Exstat
871 2566 964 2598 enim

237 2606 402 2656 „iniquum
419 2613 452 2645 in
469 2613 572 2644 codd.
589 2613 657 2644 fere
669 2612 832 2644 omnibus
845 2615 879 2641 et
894 2621 965 2642 me-

244 2659 357 2701 taphr.
382 2658 440 2690 Gr.
473 2657 528 2689 Sic
537 2657 716 2698 fastiqefum
731 2662 780 2687 est
796 2654 896 2687 collis
908 2656 967 2686 de-

244 2704 398 2740 clivitas,
420 2709 454 2734 et
476 2701 551 2733 haec
566 2701 744 2732 declivitas
759 2699 886 2731 dicitur
900 2702 967 2732 ini-

247 2759 328 2791 qua,
349 2754 387 2778 ut
407 2757 484 2788 cap.
510 2748 563 2777 83.
611 2745 702 2783 Quia
716 2756 798 2788 ergo
814 2744 964 2776 Romani

250 2793 285 2825 in
301 2791 428 2824 declivi
448 2791 595 2832 ideoque
627 2790 744 2832 iniquo
770 2795 804 2820 et
829 2788 964 2820 difficili

247 2837 327 2869 loco
342 2842 448 2869 erant.
477 2845 639 2877 magnum
656 2835 730 2867 haec
747 2845 801 2866 res
817 2832 966 2866 habebat

247 2888 475 2919 momentum,
496 2885 532 2911 ut
563 2878 614 2911 ibi
632 2880 731 2912 valde
760 2878 964 2910 laborarent.

251 2926 365 2958 Verba
382 2927 430 2958 ad
458 2926 682 2957 declivitatem
713 2929 796 2966 puto
825 2928 899 2954 orta
923 2933 966 2954 ex

249 2969 544 3014 interpretatione,
564 2979 644 3003 cum
657 2969 736 3014 quis
751 2967 855 3002 vellet
870 2966 965 3002 fasti-e

1035 2031 1128 2073 gium
1158 2032 1347 2074 explicare,
1377 2038 1411 2064 et
1434 2034 1604 2067 declivitas
1621 2035 1754 2067 adscri-

1036 2076 1145 2108 ben-t:
1173 2076 1207 2108 id
1239 2077 1361 2109 deinde
1379 2084 1559 2117 mutatum,
1579 2085 1754 2121 aptatum-

1033 2132 1101 2163 que
1115 2121 1360 2154 constructioni
1381 2128 1579 2165 utcumque,
1605 2123 1752 2166 irrepsit.

1036 2167 1100 2197 Sed
1134 2172 1246 2198 utatur
1273 2166 1418 2208 quisque
1451 2179 1513 2199 suo
1541 2178 1652 2200 sensu.
1700 2170 1752 2201 Μ.

1036 2209 1194 2242 Oudend.
1228 2211 1361 2252 praefert
1387 2213 1563 2252 eaifflmm.
1604 2213 1752 2256 Utraque

1035 2255 1143 2286 lectio
1177 2255 1306 2287 bonum
1333 2265 1469 2288 sensum
1502 2257 1626 2289 obfert.
1666 2257 1750 2291 Utra

1036 2299 1079 2331 sit
1096 2299 1257 2339 auctoris,
1271 2300 1427 2332 dubium.

1083 2345 1206 2387 quer,
1224 2350 1310 2376 terra
1329 2351 1505 2387 congesta,
1519 2348 1750 2379 accumulata.

1035 2387 1090 2419 Sic
1107 2395 1141 2420 et
1157 2399 1236 2430 cap.
1255 2392 1295 2421 57
1311 2395 1345 2421 et
1361 2392 1417 2421 86.
1439 2391 1674 2434 ayqerefossas
1690 2401 1750 2423 ex-

1030 2434 1136 2475 plent.
1179 2435 1230 2466 M.

1083 2479 1164 2512 Quae
1178 2480 1213 2510 in
1229 2484 1354 2511 terram
1368 2495 1413 2501 ·—-
1430 2484 1508 2511 sunt
1532 2477 1606 2511 lilia
1627 2484 1661 2510 et
1686 2478 1749 2511 sti-

1034 2522 1133 2554 muli.
1157 2522 1228 2554 vid.
1244 2533 1319 2564 cap.
1338 2525 1391 2555 73.
1417 2524 1467 2555 Μ.

1080 2568 1226 2608 Puqnet.
1265 2567 1338 2600 Alii
1354 2572 1538 2609 puynaret.

1081 2611 1270 2644 Imeriores.
1295 2611 1365 2644 vid.
1380 2622 1411 2643 c.
1427 2615 1482 2643 82.
1507 2612 1558 2643 M.

1081 2657 1201 2688 Fossas
1234 2657 1376 2698 explent.
1429 2657 1512 2687 Haec
1547 2655 1666 2695 verba,
1702 2656 1752 2689 ab

1032 2698 1112 2731 aliis
1127 2700 1266 2739 omissa,
1289 2700 1378 2732 Oud.
1405 2710 1424 2731 e
1448 2698 1623 2743 plerisque
1647 2702 1749 2734 codd.

1033 2750 1126 2776 recte
1145 2744 1302 2776 restituit.
1328 2745 1379 2776 M.

1083 2789 1255 2821 Loricam·
1278 2787 1348 2820 vid.
1365 2799 1396 2820 c.
1412 2788 1467 2820 72.
1493 2790 1542 2821 Μ.

1084 2834 1245 2866 Brutum.
1282 2832 1454 2875 Metaphr.
1492 2834 1630 2868 Graecus
1661 2846 1748 2880 prae-

1034 2877 1143 2909 mittit
1161 2888 1354 2918 praenomen
1373 2877 1482 2909 Δέκιον.

1081 2923 1236 2957 Deducit.
1273 2921 1345 2956 Alii
1359 2922 1482 2956 educit.
