1946 3261
242 287 333 332 304
704 285 788 328 DE
821 284 1024 329 BELLO
1060 283 1273 328 CIVILI.

241 418 575 463 antecesserant,
594 410 780 470 desuper
800 427 896 456 suos
913 412 1219 456 adscendentes
1239 410 1543 472 protegebant.
1581 412 1728 462 Quum

241 470 367 515 vallis
387 478 465 512 aut
487 469 608 512 locus
628 470 807 514 declivis
828 471 1020 521 suberat,
1055 488 1195 529 neque
1217 472 1262 521 ii,
1293 471 1369 528 qui
1397 479 1729 520 antecesserant,

242 528 512 571 morantibus
544 544 671 587 opem
694 530 806 573 ferre
829 538 1046 587 poterant,
1080 530 1251 588 equites
1273 545 1377 573 vero
1410 546 1463 572 ex
1483 529 1579 573 loeo
1600 545 1726 588 supe-

239 587 356 631 riore
375 587 419 630 in
439 603 611 631 aversos
631 589 718 631 tela
735 589 1041 647 conjiciebant:
1077 598 1170 631 tum
1187 605 1342 647 magno
1363 597 1457 631 erat
1473 588 1515 631 in
1534 587 1730 647 periculo

240 661 324 688 res.
388 646 755 705 Relinquebatur,
793 657 858 698 ut,
898 664 1034 705 quum
1067 648 1275 704 ejusmodi
1307 647 1409 690 locis
1441 656 1551 690 esset.
1571 648 1728 707 adpro-

240 705 519 771 pinquatum‚
562 706 778 764 legionum
813 707 935 765 signa
974 707 1201 750 consistere
1239 707 1447 765 juberent
1482 722 1730 764 magnoque

239 773 392 822 mpetu
425 763 673 822 equitatum
706 765 989 823 1·epe‘llerent;
1022 782 1072 808 eo
1102 767 1319 816 submoto,
1352 774 1532 824 repente
1562 765 1728 808 incitati

240 837 372 866 eursu
389 839 476 865 sese
493 823 537 867 in
555 824 688 866 valles
706 824 895 867 universi
913 823 1197 867 demitterent
1213 824 1362 883 atque,
1380 825 1441 866 ita
1458 824 1729 883 transgressi,

239 896 392 925 rursus
428 881 472 925 in
495 882 598 925 locis
629 883 924 941 superioribus
959 883 1255 926 consisterent.
1320 884 1435 927 Nam
1469 892 1641 926 tantum
1672 882 1731 926 ab

238 941 439 999 equitum
472 956 646 984 suorum
686 942 855 984 auxiliis
884 942 1082 991 aberant,
1117 957 1306 999 quorum
1343 958 1569 985 numerum
1601 941 1730 984 habe-

239 999 346 1042 bant
382 1015 601 1058 magnum,
639 1009 689 1042 ut
721 1017 808 1050 eos,
848 1001 1144 1059 superioribus
1182 1001 1437 1059 perterritos
1475 1000 1654 1059 proeliis,
1686 1000 1729 1043 in

239 1057 431 1101 medium
452 1059 696 1117 reciperent
727 1075 880 1117 agmen
915 1060 1121 1117 ultroque
1151 1075 1220 1101 eos
1255 1069 1504 1102 tuerentur:
1539 1075 1730 1117 quorum

239 1117 349 1160 nulli
383 1133 436 1160 ex
467 1118 621 1161 itinere
647 1119 850 1162 excedere
880 1119 1054 1170 licebat,
1088 1118 1194 1177 quin
1228 1119 1284 1162 ab
1316 1118 1516 1177 equitatu
1548 1118 1731 1162 Caesaris

240 1176 557 1234 exciperentur.

297 1235 370 1278 80.
402 1235 500 1278 Tali
521 1235 625 1278 dum
649 1245 871 1294 pugnatur
894 1237 1037 1285 modo,
1069 1236 1184 1279 lente
1216 1246 1349 1294 atque
1378 1236 1607 1294 paullatim
1628 1252 1728 1295 pro-

237 1294 411 1338 ceditur
446 1294 707 1352 crebroque‚
743 1304 792 1337 ut
820 1296 904 1338 sint
938 1295 1100 1338 auxilio
1132 1295 1233 1344 suis,
1264 1295 1525 1338 subsistunt:
1562 1304 1611 1337 ut
1632 1304 1728 1338 tum

235 1353 408 1396 accidit.
474 1352 599 1395 Milia
621 1353 733 1395 enim
759 1355 974 1411 progressi
997 1363 1204 1410 quatuor,
1229 1353 1608 1412 vehementiusque
1630 1369 1728 1413 per-

235 1412 392 1470 agitati
426 1411 483 1454 ab
519 1411 737 1468 equitatu,
775 1421 964 1455 montem
1002 1412 1216 1455 excelsum
1249 1412 1429 1471 capiunt
1461 1413 1611 1480 ibique
1642 1427 1729 1456 una

236 1471 384 1514 fronte
418 1478 569 1513 contra
592 1469 757 1512 hostem
788 1479 928 1513 castra
951 1472 1167 1521 muniunt,
1202 1487 1341 1529 neque
1371 1471 1578 1529 jumentis
1598 1487 1729 1516 onera

234 1530 477 1588 deponunt.
542 1529 634 1573 Ubi
671 1529 849 1572 Caesaris
885 1539 1025 1572 castra
1063 1531 1201 1588 posita
1235 1530 1604 1589 tabernaculaque
1629 1545 1728 1575 con-

234 1588 407 1642 stituta,
438 1597 484 1631 et
505 1588 697 1631 dimissos
729 1589 896 1645 equites
930 1589 1166 1647 pabulandi
1200 1605 1345 1632 caussa
1365 1589 1728 1633 animum-adver-

232 1655 406 1697 terunt,
428 1662 518 1689 sese
539 1646 685 1689 subito
705 1647 957 1704 proripiunt
977 1647 1083 1690 hora
1104 1647 1276 1691 circiter
1294 1657 1413 1690 sexta
1433 1648 1623 1707 ejusdem
1644 1648 1728 1691 diei

233 1714 299 1758 et,
320 1721 441 1765 spem
463 1704 576 1748 nacti
597 1720 743 1755 morae,
771 1704 954 1750 discessu
978 1716 1223 1750 nostrorum
1243 1707 1458 1764 equitum,
1481 1708 1564 1750 iter
1586 1707 1728 1752 facere

1017 1851 1048 1875 et
1067 1846 1098 1878 3,
1124 1847 1171 1876 16.
1193 1846 1245 1876 78.
1264 1846 1319 1876 93.
1365 1845 1419 1877 Al.
1443 1847 1496 1877 20.
1544 1843 1656 1888 Vulgo
1676 1849 1727 1879 in-

1018 1892 1114 1920 citato
1121 1913 1127 1919 .

287 1843 446 1883 Desuper
473 1841 601 1874 hubent
630 1842 765 1883 quidem
796 1843 951 1883 codices3

238 1886 300 1919 sed
317 1892 368 1917 est
383 1886 592 1926 tautologia:
616 1887 759 1927 desuper
769 1893 953 1929 profanet-e.

239 1935 277 1961 et
291 1940 333 1960 eoe
346 1930 424 1962 locis
439 1932 662 1972 superioribus
678 1936 764 1971 prot.
783 1937 831 1962 est
850 1932 950 1962 idem.
1068 1934 1280 1964 omitterent
1305 1949 1349 1956 —
1375 1935 1593 1966 contestarent.
1637 1935 1727 1967 Scal.

241 1974 332 2015 Ergo
357 1974 496 2016 desuper
525 1982 573 2005 est
605 1975 951 2016 interpretamentum.

242 2018 295 2050 M.
332 2017 496 2050 Restituit
513 2018 671 2050 Oudcnd.
684 2029 800 2051 vocem
817 2030 835 2050 ο
849 2020 948 2051 codd.

242 2067 276 2093 et
293 2063 409 2094 suadet
424 2072 498 2095 suos
514 2062 605 2103 ejici.

290 2107 426 2147 Equites
456 2106 673 2145 (Caesal'iuni)
709 2119 780 2139 ewra
812 2118 852 2138 es·
882 2109 949 2138 loro

239 2151 412 2192 superiore
457 2150 723 2189 (descendentes.
767 2151 951 2183 insecuturi

239 2193 387 2233 hostem,
402 2194 460 2234 qui
474 2200 551 2225 antc-
566 2195 796 2234 descenderat)
808 2197 839 2226 e'n
854 2205 951 2227 arer-

238 2247 290 2269 sos
315 2236 500 2278 (fugientes
518 2238 735 2279 Afranianus)
759 2241 822 2271 tela
849 2242 952 2281 conji-

237 2280 381 2313 ciebant.
418 2281 454 2313 In
467 2282 565 2314 codd.
580 2283 733 2314 adt-ersm-
746 2283 829 2315 fulsa
846 2284 950 2316 lectio

238 2330 304 2363 est,
320 2331 356 2356 ut
373 2325 441 2357 fere
457 2336 575 2357 omues
600 2325 793 2368 interpretes
810 2339 950 2360 monue-

240 2374 332 2401 runt.
356 2369 407 2401 M.

289 2414 562 2455 Relinquebatur.

235 2456 370 2499 jectura
401 2457 655 2499 Oudendorpii3
694 2465 799 2490 exstat
836 2466 948 2492 tamen

242 2501 316 2532 haec
346 2500 450 2533 lectio
482 2502 553 2543 jam
587 2502 619 2534 in
651 2504 705 2533 ed.
739 2503 948 2536 Cenat-iana.

241 2545 328 2576 Edd.
351 2546 441 2586 vulg.
469 2545 606 2583 habent,
628 2552 699 2578 non.
726 2549 948 2588 inquirelnmt.

240 2588 350 2621 Codd.
367 2588 530 2622 exhibent
555 2590 719 2621 lectiones
745 2591 816 2622 sine
838 2602 947 2626 sensu.

241 2639 362 2674 praeter
393 2644 506 2672 unam,
538 2636 777 2676 requirebatur,
807 2645 880 2676 quae
916 2637 948 2667 in

240 2677 377 2708 duobus
398 2683 519 2712 exstat.
547 2684 579 2709 et
604 2678 680 2710 ferri
696 2680 948 2719 quodaminodo

241 2726 364 2762 potest.
382 2722 432 2752 M.
470 2721 564 2753 Eruit
579 2721 736 2753 Oudvnd.
748 2734 766 2754 e
782 2732 947 2764 conrupu»

240 2765 319 2795 cod.
358 2763 455 2796 Leid.
498 2767 812 2807 &linquit-chanlito·
850 2778 946 2798 Suum

240 2803 524 2849 Relinquebatur,
550 2810 641 2850 quod
673 2817 788 2843 nostro
821 2810 946 2842 tritum.

243 2850 326 2883 vid.
342 2852 382 2882 G.
402 2853 430 2889 1,
449 2855 499 2884 ιε).
517 2854 555 2884 C.
575 2855 601 2891 1,
619 2856 671 2885 99.
691 2857 720 2893 3,
738 2858 790 2886 42.
811 2856 884 2886 109.

289 2895 433 2930 Incitati.
479 2896 532 2931 Sic
551 2897 650 2930 codd.
669 2904 698 2932 et
716 2900 790 2932 cdd.
807 2904 874 2932 vet.
901 2899 945 2933 im

609 2413 703 2446 Felix
720 2421 768 2447 ost
784 2415 853 2446 haec
871 2428 952 2448 cou-

1012 2724 1129 2759 Γὶνηιίυ.

1004 2759 1127 2807 :st-onte.
1144 2768 1200 2799 ubi
1221 2768 1254 2798 τὸ
1270 2780 1338 2800 una
1356 2779 1415 2810 pro
1427 2769 1588 2802 adverbio
1604 2769 1721 2802 sumit.

1017 1978 1106 2007 male
1139 1977 1310 2008 demittere
1338 1995 1380 2000 —-
1409 1981 1582 2009 consistere
1611 1985 1726 2011 contra

1017 2021 1112 2052 codd.
1129 2027 1162 2051 et
1178 2021 1255 2051 edd.
1272 2029 1339 2053 vet.

1068 2065 1175 2095 Taum
1182 2076 1209 2095 m
1231 2082 1274 2087 —
1289 2065 1442 2101 aberam,
1457 2071 1586 2097 tantum
1598 2065 1730 2107 aberat,

1018 2114 1052 2140 ut
1072 2115 1206 2149 possent
1224 2108 1377 2150 equitum
1395 2109 1534 2141 auxiliis
1550 2110 1612 2142 uti.
1637 2112 1688 2143 M.

1069 2154 1145 2184 'I'rili
1160 2152 1239 2184 dum
1257 2152 1340 2193 (leg.
1354 2155 1730 2195 quand—subsistunt.

1018 2195 1077 2226 Est
1101 2196 1268 2238 judicium
1294 2196 1469 2235 narrantis,
1493 2208 1561 2239 quo
1585 2197 1726 2239 indicat,

1016 2251 1059 2280 qu
1068 2240 1099 2271 id
1112 2241 1215 2281 vulgo
1228 2241 1285 2272 tuli
1297 2248 1450 2282 tempore
1460 2241 1530 2272 fleri
1543 2242 1660 2276 soleat.
1675 2245 1725 2276 M.

1070 2285 1275 2326 (suast-onte.
1308 2284 1467 2326 intelligit
1481 2285 1724 2322 Caesam-astra

1018 2338 1096 2367 non,
1121 2335 1155 2360 ut
1171 2328 1267 2366 alias,
1283 2340 1301 2360 u
1318 2336 1460 2370 quatuor
1478 2330 1631 2371 partibus
1648 2342 1724 2364 mu-

1019 2373 1086 2403 nita
1103 2384 1188 2410 esse,
1206 2373 1262 2404 scd
1280 2379 1408 2404 tantuin
1426 2373 1470 2404 ab
1487 2383 1566 2413 una,
1589 2386 1666 2417 quae
1682 2377 1725 2408 ad
1757 2394 1763 2396 ἡ

1018 2416 1149 2448 hostem
1166 2416 1336 2458 vergebat.
1362 2417 1445 2449 Owl.
1492 2418 1582 2459 Ergo
1599 2419 1633 2451 in
1650 2429 1725 2452 ver-

1017 2460 1071 2491 bis
1103 2467 1219 2492 contra
1260 2462 1393 2499 hostem,
1425 2461 1459 2492 h.
1475 2472 1506 2493 e.
1536 2473 1556 2493 e
1585 2463 1726 2505 regione

1017 2504 1135 2542 hostis,
1164 2504 1347 2545 explicatio
1378 2512 1440 2536 est.
1486 2505 1549 2537 Sed
1578 2506 1725 2548 videtur,

1016 2555 1048 2579 ut
1073 2559 1103 2579 c.
1121 2550 1175 2587 41,
1196 2549 1390 2590 legendum,
1411 2549 1520 2592 ibique
1538 2551 1679 2591 aso-ome
1693 2563 1723 2584 c.

1014 2593 1183 2624 li.——Tu¹n
1209 2594 1297 2624 c.42
1325 2593 1366 2624 de
1395 2592 1535 2635 reliquis
1563 2595 1724 2628 lateribus

1015 2643 1199 2668 castrorum
1217 2636 1355 2668 munitis
1379 2648 1488 2669 sermo
1506 2644 1568 2670 est.
1594 2640 1646 2671 M.
1691 2639 1721 2671 E

1013 2680 1191 2712 Ciuecouii
1230 2681 1427 2722 conjectura
1465 2688 1515 2713 est
1552 2682 1661 2725 ibique
1697 2693 1721 2714 a

1190 2724 1286 2756 Unde
1323 2724 1412 2756 Scal.
1449 2726 1557 2768 ibique
1591 2737 1661 2759 una
1698 2738 1719 2757 a

1014 2811 1125 2843 Bentl.
1141 2813 1182 2844 ab
1201 2824 1267 2843 111111
1278 2813 1402 2854 fronte.

1061 2857 1159 2887 Ilm-a
1188 2861 1293 2888 svs-ta.
1355 2857 1413 2892 Est
1444 2857 1556 2900 ipsum
1585 2863 1719 2900 tempus

1013 2899 1251 2939 meridianum.
1277 2901 1326 2942 Μ.
