1946 3261
1581 208 1667 252 287

600 210 718 255 LIB.
751 211 788 255 Ι.
850 209 989 254 CAP.
1020 209 1212 255 41-45.

172 345 441 396 commorati,
473 360 551 389 nec
582 345 755 405 longius
785 345 844 388 ab
878 343 1024 388 infimo
1046 344 1157 387 colle
1178 342 1413 404 progressi,
1447 344 1596 404 copias
1617 344 1662 387 in

171 412 312 448 castra
332 404 564 448 reducunt.
627 405 781 448 Tertio
814 405 883 447 die
912 404 1056 447 Caesar
1077 403 1194 446 vallo
1227 412 1369 447 castra
1397 403 1660 447 communit:

172 464 361 522 reliquas
401 463 616 514 cohortes,
654 481 760 522 quas
800 464 844 506 in
875 462 1172 522 superioribus
1214 463 1364 507 castris
1404 461 1664 522 reliquerat,

171 523 552 582 inpedimentaque
571 523 627 566 ad
646 539 689 566 se
711 522 933 566 transduci
951 522 1093 581 jubet.

230 582 303 624 43.
336 583 445 624 Erat
466 582 580 625 inter
601 582 812 640 oppidum
832 581 1023 625 Ilerdam
1043 587 1088 622 et
1111 580 1361 638 proximum
1385 581 1558 636 collem,
1584 580 1664 625 ubi

172 649 314 684 castra
350 640 548 683 Petreius
576 649 712 698 atque
744 641 952 683 Afranius
979 639 1215 688 habebant,
1244 639 1445 697 planities
1482 640 1660 683 circiter

204 714 376 742 assuum
394 707 717 742 trecentorum:
755 710 890 757 atque
910 700 955 741 in
974 698 1057 740 hoc
1077 698 1168 740 fere
1187 698 1328 741 medio
1349 697 1492 756 spatio
1518 707 1667 742 tumu-

190 773 241 800 us
268 765 364 800 erat
394 757 545 816 paullo
574 758 761 800 editior:
801 773 933 816 quem
962 757 996 800 si
1028 766 1282 815 occupasset
1305 757 1451 800 Caesar
1479 765 1524 799 et
1551 773 1668 801 com-

171 816 396 867 munisset,
420 816 478 859 ab
508 816 673 875 oppido
703 825 749 859 et
779 825 913 875 ponte
942 823 987 858 et
1017 824 1263 858 commeatu
1293 816 1427 865 omni,
1459 831 1590 874 quem
1620 817 1664 859 in

171 875 382 934 oppidum
406 876 699 927 contulerant,
728 892 771 919 se
800 874 1145 919 interclusurum
1171 874 1445 917 adversarios
1479 874 1669 918 confide-

169 935 262 977 bat.
327 934 427 977 Hoc
447 951 640 993 sperans,
662 935 852 994 legiones
874 943 961 977 tres
982 949 1036 976 ex
1057 933 1206 976 castris
1227 934 1390 983 educit,
1421 934 1601 991 acieque
1622 934 1667 978 in

171 994 276 1037 locis
296 993 459 1037 idoneis
481 994 709 1044 instructa,
733 994 858 1037 unius
876 993 1057 1052 legionis
1078 993 1380 1052 antesignanos
1403 1008 1668 1051 procurrere

171 1061 305 1111 atque
327 1069 540 1112 occupare
561 1070 660 1096 eum
682 1054 901 1096 tumulum
919 1053 1063 1111 jubet.
1129 1052 1227 1102 Qua
1258 1068 1305 1095 re
1336 1051 1527 1110 cognita,
1559 1053 1669 1095 cele-

171 1112 294 1162 riter,
335 1129 434 1171 quae
466 1113 510 1155 in
544 1113 730 1156 statione
768 1129 851 1172 pro
889 1112 1040 1154 castris
1077 1120 1202 1155 erant
1238 1111 1410 1155 Afranii
1451 1110 1668 1161 cohortes,

170 1172 371 1215 breviore
400 1172 554 1215 itinere
583 1171 640 1215 ad
671 1171 872 1215 eumdem
902 1170 1206 1229 occupandum
1236 1171 1383 1214 locum
1408 1170 1666 1213 mittuntur.

176 1231 473 1274 Contenditur
504 1232 663 1290 proelio
695 1239 755 1281 et,
791 1230 913 1289 quod
948 1231 1070 1289 prius
1100 1230 1144 1273 in
1177 1231 1400 1273 tumulum
1434 1229 1667 1274 Afraniani

173 1299 396 1340 venerant,
418 1293 555 1334 nostri
577 1291 871 1349 repelluntur,
904 1299 1054 1347 atque,
1085 1289 1179 1332 aliis
1208 1289 1427 1332 submissis
1448 1288 1667 1340 subsidiis,

174 1358 301 1406 terga
321 1358 494 1392 vertere
515 1365 646 1406 seque
665 1349 721 1392 ad
741 1349 863 1407 signa
881 1349 1104 1406 legionum
1127 1348 1321 1406 recipere
1343 1356 1577 1407 coguntur.

233 1408 306 1450 44.
343 1409 492 1451 Genus
513 1417 607 1451 erat
630 1423 790 1467 pugnae
812 1408 1001 1449 militum
1026 1408 1220 1456 illorum,
1253 1416 1304 1449 ut
1331 1423 1490 1465 magno
1515 1408 1667 1465 inpetu

175 1467 316 1525 primo
330 1476 656 1526 procurrerent,
669 1466 879 1509 audacter
892 1466 1037 1509 locum
1053 1474 1275 1525 caperent,
1286 1466 1455 1509 ordines
1468 1482 1566 1510 suos
1584 1483 1670 1510 non

174 1541 440 1585 magnopere
460 1534 700 1576 servarent,
722 1526 809 1568 rari
831 1525 1103 1584 dispersique
1134 1536 1406 1584 pugnarent:
1440 1526 1473 1567 si
1503 1541 1672 1583 preme-

174 1594 344 1636 rentur,
367 1586 522 1643 pedem
554 1585 717 1627 referre
746 1593 790 1626 et
818 1584 914 1627 loco
947 1584 1154 1626 excedere
1181 1600 1266 1626 non
1297 1593 1428 1641 turpe
1457 1585 1671 1627 existima-

174 1652 289 1694 rent,
335 1660 436 1687 cum
478 1644 697 1687 Lusitanis
735 1643 999 1700 reliquisque
1039 1642 1239 1685 barbaris
1279 1658 1436 1700 genere
1478 1642 1671 1699 quodam

175 1719 336 1761 pugnae
354 1703 618 1746 adsuefacti:
653 1702 774 1760 quod
791 1702 881 1744 fere
903 1701 969 1751 fit,
988 1701 1149 1759 quibus
1168 1701 1352 1759 quisque
1369 1701 1413 1743 in
1430 1700 1535 1743 locis
1550 1702 1672 1744 miles

174 1762 454 1812 inveteravit,
477 1762 544 1804 uti
564 1762 754 1804 multum
775 1776 925 1803 earum
947 1760 1176 1818 regionum
1197 1759 1506 1803 consuetudine
1528 1776 1672 1804 move-

175 1829 291 1864 atur.
357 1821 464 1864 Haec
492 1830 635 1863 tamen
660 1820 773 1863 ratio
800 1828 970 1863 nostros
996 1819 1295 1877 perturbavit,
1325 1819 1512 1862 insuetos
1543 1818 1673 1879 hujus

178 1879 347 1939 generis
369 1895 554 1939 pugnae:
590 1879 810 1922 circumiri
828 1879 940 1922 enim
961 1894 1050 1920 sese
1067 1879 1124 1921 ab
1141 1887 1295 1936 aperto
1315 1877 1468 1928 latere,
1490 1894 1672 1936 procur-

179 1940 376 1983 rentibus
416 1939 612 1998 singulis,
651 1938 1012 1986 arbitrabantur3
1060 1937 1141 1996 ipsi
1177 1946 1324 1980 autem
1364 1952 1461 1979 suos
1499 1938 1672 1982 ordines

179 2014 366 2049 servare,
397 2013 538 2056 neque
567 1999 623 2041 ab
655 1997 786 2055 signis
812 1997 1046 2046 discedere,
1078 2012 1218 2054 neque
1251 1997 1338 2038 sine
1371 1996 1495 2054 gravi
1523 2012 1670 2040 caussa

181 2073 280 2100 eum
318 2057 478 2106 locum,
518 2073 646 2114 quem
684 2064 906 2114 ceperant,
946 2055 1111 2099 dimitti
1147 2063 1405 2098 censuerant
1446 2064 1667 2114 oportere.

181 2115 354 2173 Itaque,
397 2116 666 2174 perturbatis
707 2114 1012 2173 antesignanis,
1053 2113 1183 2172 legio,
1226 2131 1322 2174 quae
1362 2114 1405 2156 in
1441 2130 1492 2156 eo
1533 2131 1669 2158 cornu

180 2175 452 2225 constiterat,
474 2174 616 2218 locum
639 2189 725 2218 non
745 2175 887 2217 tenuit
906 2183 1040 2232 atque
1061 2174 1104 2216 in
1133 2175 1382 2232 proximum
1402 2173 1557 2216 collem
1583 2192 1670 2218 sese

176 2234 359 2292 recepit.

240 2293 312 2335 45.
347 2294 507 2343 Caesar,
543 2308 663 2352 paene
696 2292 811 2335 omni
839 2290 931 2334 acie
993 2291 1212 2341 erterrita,
1238 2290 1357 2349 quod
1385 2301 1547 2351 praeter
1580 2293 1671 2351 opi-

181 2352 354 2396 nionem
382 2351 825 2410 consuetudinemque
858 2308 1090 2402 acciciiaerat,
1129 2350 1381 2394 cohortatus
1412 2369 1526 2403 suOS,
1565 2352 1671 2411 legi-

230 2473 274 2504 In
302 2474 528 2516 superioribus
557 2474 684 2505 castris.
718 2471 787 2502 vid.
811 2481 890 2512 cap.

183 2518 400 2593 41'I'lldlriities.
437 2560 486 2592 sic
509 2561 612 2591 codd.
635 2559 733 2591 boni.
757 2558 789 2591 in
814 2558 893 2590 aliis

179 2606 344 2646 planicia,
373 2606 463 2646 quod
484 2604 615 2646 recepit
639 2604 727 2636 Scal.
750 2603 891 2644 aliique.
927 2625 932 2631 .

180 2649 228 2680 ita
246 2654 280 2680 et
301 2650 393 2690 apud
413 2649 592 2680 Gruterum
617 2648 651 2679 in
677 2648 762 2679 thes.
787 2648 890 2679 Inscr.

210 2718 217 2725 .
239 2696 308 2725 151.

182 2704 205 2735 p
229 2740 371 2780 Aeieque
400 2754 444 2759 —
471 2739 643 2768 instructa.

183 2783 283 2813 codd.
312 2787 512 2819 constructa,
545 2781 613 2811 duo
643 2785 780 2812 structa.
846 2780 893 2811 Et

181 2837 272 2867 saepe
287 2825 422 2865 dicitur,
443 2830 570 2857 struere
584 2826 704 2857 aciem.
728 2825 779 2855 M.
825 2824 891 2856 Sed

180 2875 213 2901 et
244 2873 406 2902 inseruere
449 2869 493 2900 V.
527 2868 568 2901 G.
607 2870 635 2908 1,
668 2871 721 2901 22.
753 2873 787 2900 et
816 2868 892 2900 Cic.

181 2925 243 2956 pro
258 2914 398 2948 Murena
415 2924 449 2946 c.
463 2914 496 2946 9.

732 2735 891 2778 Plerique

1003 2472 1220 2503 Procurrere.
1246 2471 1426 2513 Proprium
1444 2472 1523 2504 huic
1537 2472 1583 2504 rei
1596 2484 1668 2504 ver-

958 2515 1053 2547 bum.
1108 2515 1163 2546 Sic
1188 2520 1220 2546 et
1244 2526 1275 2546 e.
1300 2519 1354 2548 44.
1377 2521 1410 2547 et
1434 2520 1465 2555 9,
1491 2519 1542 2548 34.
1598 2517 1667 2549 Alii

957 2570 1176 2603 proecurrere,
1197 2558 1308 2591 minus
1325 2561 1422 2592 bene.

1006 2605 1183 2635 submissis
1207 2605 1369 2636 subsidiis.
1413 2605 1468 2636 Sic
1500 2605 1541 2636 G.
1571 2609 1602 2645 2,
1637 2608 1667 2638 6.

956 2647 1025 2679 Alii
1039 2649 1221 2690 praesidiis.

1002 2692 1086 2724 Loco
1101 2692 1267 2723 excedere.
1321 2691 1386 2723 Ed.
1401 2698 1468 2723 vet.
1483 2694 1608 2733 locum,
1633 2701 1670 2726 ut

955 2735 1033 2768 Liv.
1049 2740 1081 2776 9,
1100 2738 1153 2767 37.
1167 2736 1300 2767 urbem.
1314 2736 1373 2767 sed
1388 2737 1488 2768 codd.
1505 2740 1588 2770 loco.

1007 2782 1133 2813 Gener-e
1144 2780 1303 2822 quodam.
1328 2781 1392 2818 An,
1399 2791 1520 2822 yenere
1531 2783 1642 2815 eodem
1651 2785 1667 2815 ?

955 2825 1006 2856 M.

999 2868 1180 2900 illut-eatur
1193 2868 1235 2898 ad
1248 2866 1459 2900 imitandum.
1481 2870 1535 2903 Μ.

1004 2912 1229 2946 Ρενιίινὺαυέι.
1273 2911 1398 2945 Clarke
1409 2916 1644 2956 perturbabat.
