1946 3261
227 223 316 269 226
642 219 727 265 DE
761 217 967 264 BELLo
1001 207 1301 267 GALLiCO.

218 488 424 557 OMNI
467 503 614 549 Gallia
655 504 845 557 devicta,
888 506 1031 551 Caesar
1068 523 1207 566 quum
1247 524 1274 552 a
1309 506 1536 568 superiore
1574 514 1724 553 astate

224 565 398 610 nullum
418 563 615 609 bellandi
635 573 809 626 tempus
831 566 1142 619 intermisisset,
1170 567 1416 627 militesque
1437 567 1724 616 hibernorum

224 625 374 685 quiete
407 623 587 669 reficere
618 641 645 668 a
674 626 805 669 tantis
834 626 1059 671 laboribus
1086 626 1249 678 vellet;
1291 627 1538 696 complures
1567 627 1724 673 eodem

222 694 425 744 tempore
458 684 657 728 civitates
690 701 899 729 renovare
933 685 1041 730 belli
1075 686 1252 731 consilia
1280 686 1602 732 nunciabantur
1622 703 1723 731 con·

216 744 547 804 jurationesque
560 744 718 788 facere.
765 745 905 804 Cujus
919 746 981 788 rei
998 746 1240 790 verisimilis
1252 763 1400 790 caussa
1415 746 1723 798 adserebatur,

220 802 342 862 quod
367 803 508 848 Gallis
527 805 725 848 omnibus
747 805 970 864 cognitum
993 814 1119 857 esset,
1142 822 1286 865 neque
1307 806 1399 850 ulla
1419 805 1722 862 multitudine,

219 863 265 906 in
286 879 423 907 unum
444 863 588 907 locum
609 873 774 915 coacta,
798 865 937 908 resisti
968 882 1093 924 posse
1116 865 1345 916 Romanis;
1378 881 1474 916 nec,
1496 865 1531 908 si
1550 865 1724 910 diversa

218 921 338 966 bella
351 923 599 982 complures
616 923 769 967 eodem
788 932 989 983 tempore
1009 926 1184 969 inissent
1199 926 1417 977 civitates,
1435 925 1537 969 satis
1553 925 1723 975 auxilii,

218 990 298 1025 aut
313 983 459 1041 spatii,
473 991 551 1026 aut
568 983 796 1042 copiarum
812 982 1069 1028 habiturum
1088 986 1331 1029 exercitum
1351 984 1514 1044 Populi
1536 983 1723 1030 Romani

218 1041 276 1084 ad
298 1041 440 1084 omnia
461 1043 781 1100 persequenda:
816 1059 901 1087 non
927 1040 1014 1087 esse
1037 1054 1183 1088 autem
1217 1044 1347 1088 alicui
1371 1044 1539 1088 civitati
1558 1054 1723 1088 sortem

220 1101 482 1145 incommodi
517 1101 817 1154 recusandam,
851 1104 884 1146 si
915 1104 991 1146 tali
1023 1121 1145 1148 mora
1167 1103 1348 1163 reliquae
1370 1113 1544 1164 possent
1564 1121 1610 1148 se
1631 1103 1722 1147 vin-

218 1159 367 1204 dicare
390 1161 432 1204 in
454 1161 719 1205 libertatem.
1311 1186 1316 1190 -

279 1220 321 1262 2.
370 1220 478 1270 Quae
515 1236 568 1263 ne
607 1222 755 1280 opinio
795 1221 1026 1265 Gallorum
1069 1223 1421 1273 confirmaretur,
1465 1223 1612 1266 Caesar
1652 1220 1721 1265 Μ.

220 1279 464 1322 Antonium
489 1280 762 1330 Quaestorem
787 1282 873 1324 suis
896 1282 1091 1340 praefecit
1114 1282 1328 1325 hibernis:
1365 1283 1455 1340 ipse
1477 1298 1576 1324 curn
1600 1281 1723 1340 equi-

218 1347 337 1382 tatus
375 1339 578 1397 praesidio
617 1339 760 1397 pridie
806 1340 903 1382 Kal.
944 1341 1176 1384 Januarias
1213 1342 1271 1384 ab
1306 1357 1331 1383 o
1368 1340 1474 1400 pido
1513 1339 1723 1384 Bibracte

218 1397 515 1457 proficiscitur
550 1397 605 1440 ad
638 1398 853 1457 legionem
887 1398 1020 1449 XIII,
1055 1416 1187 1457 quam
1219 1416 1306 1444 non
1362 1415 1474 1458 onge
1509 1416 1535 1443 a
1566 1398 1726 1443 finibus

218 1455 468 1499 AEduorum
491 1457 798 1501 conlocaverat
827 1459 870 1501 in
893 1458 1052 1502 finibus
1078 1459 1349 1515 Biturigum,
1372 1460 1409 1502 ei
1446 1475 1500 1502 ue
1521 1458 1724 1518 adjungit

215 1515 433 1576 legionem
471 1515 554 1566 XI,
595 1533 692 1617 (iuae
731 1518 931 1576 proxima
974 1519 1134 1561 fuerat.
1214 1519 1333 1562 Binis
1374 1476 1630 1561 cdliortibus
1667 1517 1724 1562 ad

215 1575 516 1634 inpedimenta
557 1592 602 1619 re
624 1577 735 1626 ictis,
776 1577 997 1634 reliquum
1040 1578 1281 1621 exercitum
1323 1579 1366 1621 in
1408 1577 1722 1636 copiosissimos

215 1650 346 1694 agros
370 1635 627 1691 Biturigum
651 1636 839 1678 inducit:
875 1637 968 1693 qui,
991 1652 1128 1694 quum
1160 1637 1270 1679 latos
1292 1636 1397 1679 fines
1427 1646 1473 1679 et
1494 1636 1722 1694 complura

219 1692 388 1752 oppida
417 1693 646 1744 haberent,
681 1695 809 1737 unius
832 1695 1014 1754 legionis
1036 1695 1228 1738 hibernis
1259 1711 1343 1739 non
1365 1704 1600 1754 potuerant
1622 1711 1721 1739 con-

217 1752 366 1802 tineri,
389 1752 496 1811 quin
519 1752 685 1796 bellurn
708 1763 916 1812 pararent
939 1754 1349 1812 conjurationesque
1372 1755 1580 1797 facerent.

275 1813 318 1854 3.
355 1812 608 1871 Repentino
629 1812 823 1856 adventu
846 1813 1029 1855 Caesaris
1051 1813 1226 1862 accidit,
1262 1813 1382 1872 quod
1407 1813 1616 1872 inparatis
1637 1813 1721 1857 dis-

213 1870 429 1931 jectisque
471 1872 666 1914 accidere
706 1871 795 1914 fuit
837 1887 1023 1922 necesse,
1067 1882 1117 1915 ut
1157 1873 1247 1915 siiie
1289 1873 1443 1916 timore
1484 1872 1576 1915 ullo
1617 1889 1722 1917 rura

219 1931 412 1975 colentes
435 1931 556 1989 prius
575 1931 633 1975 ab
653 1931 855 1990 equitatu
877 1932 1249 1992 obprimerentur,
1267 1948 1399 1991 quam
1419 1932 1656 1991 confugere
1679 1933 1722 1975 in

220 1989 389 2050 oppida
410 1998 608 2048 possent:
643 2007 831 2049 namque
853 1991 984 2034 etiam
1017 1990 1145 2042 illud,
1169 1991 1352 2050 vulgare
1386 1991 1721 2043 incursionibus,

272 2121 297 2151 Α
327 2130 439 2161 super.
472 2125 595 2152 aestate.
642 2121 711 2151 Aut
739 2130 807 2152 non
837 2120 940 2153 nimis

225 2165 412 2205 urgendum
439 2170 489 2195 est
512 2164 596 2196 lioc:
621 2163 751 2196 belluni
777 2165 868 2197 euim
889 2176 940 2197 re-

223 2214 387 2240 novatum
404 2215 455 2239 est
474 2209 546 2249 ipsa
567 2209 681 2240 hieme
697 2210 758 2246 (es.
775 2211 808 2247 7,
824 2211 938 2247 8-10):

225 2258 297 2292 aut,
316 2251 418 2294 idque
435 2253 562 2294 potius,
579 2264 656 2284 cuni
671 2254 811 2285 Clarkio
827 2266 846 2285 c
862 2255 937 2285 coil.

225 2296 320 2339 regio
347 2297 434 2328 istud
456 2309 479 2329 a
494 2297 691 2329 tollendum.
717 2299 766 2330 M.
813 2299 888 2330 Non
909 2299 941 2330 id

226 2351 378 2380 necesse,
406 2340 434 2372 si
464 2342 506 2372 de
532 2342 705 2383 superiore
731 2348 846 2374 :estate
873 2354 940 2375 non

227 2387 302 2428 ejus
332 2385 424 2424 anni,
455 2387 514 2417 sed
553 2387 776 2428 praecedentis
812 2387 942 2430 capias.

230 2430 314 2470 imo,
336 2431 364 2463 si
383 2429 494 2468 malis,
518 2429 589 2472 ipsa
607 2437 705 2463 testas
719 2431 797 2463 anni
816 2443 943 2473 praece-

226 2475 339 2508 dentis
357 2474 499 2515 intelligi
516 2480 640 2517 potest.

277 2521 397 2553 Res-isti
419 2530 513 2562 posse
542 2520 720 2552 Romanis.
765 2518 857 2552 Male
881 2521 942 2553 alii

223 2575 249 2597 a
268 2562 441 2597 Romanae.

277 2610 434 2647 luissent,
451 2606 650 2650 coepissent.
687 2607 743 2640 Sic
760 2608 827 2640 duo
843 2610 941 2641 codd.

229 2653 371 2694 optimi.
415 2653 488 2686 Alii
503 2654 698 2685 intulissent.
722 2653 773 2684 M.

282 2697 358 2730 Tali
395 2709 504 2736 mora,
549 2697 789 2739 exspectando.
834 2698 940 2730 donec

229 2743 428 2784 complures
466 2741 649 2780 exercitus,
683 2740 826 2773 diversis
858 2742 943 2774 loeis

229 2787 389 2818 adversus
407 2787 584 2819 Romanos
598 2785 778 2825 bellantes,
793 2796 853 2818 eos
870 2798 943 2818 sen—

230 2829 295 2863 sim
313 2830 560 2863 debilitassent.
585 2831 635 2862 M.

278 2875 441 2916 Praefecit,
456 2875 518 2907 alii
533 2876 685 2917 praeficit,
703 2874 795 2916 quod
812 2875 944 2915 praesei‘t

229 2917 448 2998 &arka-sed
466 2930 558 2964 saepe
575 2919 726 2954 variatur
748 2924 885 2962 tempus
908 2919 942 2953 in

258 2968 413 2996 istoricis.

1059 2121 1235 2163 Leyo‘onem
1254 2121 1370 2153 XIII.
1417 2121 1517 2153 Hunc
1545 2129 1721 2153 numerum

1008 2165 1153 2196 editores
1172 2173 1315 2207 propter
1329 2177 1381 2201 ea,
1403 2176 1480 2207 quae
1495 2175 1572 2207 cap.
1592 2166 1625 2196 ll
1647 2175 1723 2197 nar-

1011 2217 1135 2248 rantur,
1168 2216 1380 2251 receperunt.
1430 2209 1543 2251 Vulgo
1569 2208 1644 2240 xli.
1670 2210 1723 2241 M.

1010 2254 1074 2286 Sed
1093 2255 1164 2286 liaec
1182 2265 1260 2285 cuni
1279 2254 1435 2286 Labieno
1459 2260 1533 2286 erat
1557 2253 1589 2285 in
1608 2253 1723 2285 hiber·

1008 2298 1071 2330 nis.
1121 2298 1201 2329 Vid.
1216 2309 1295 2340 cap.
1311 2301 1367 2330 24.

1057 2344 1107 2374 Ad
1146 2343 1386 2386 inpedimema.
1445 2342 1560 2383 Vulgo
1595 2341 1723 2374 addunt

1009 2388 1151 2419 ruenda.
1200 2387 1325 2419 Verum
1351 2388 1416 2418 hoc
1443 2388 1592 2429 glossam
1618 2385 1723 2429 sapit.

1011 2431 1044 2463 in
1062 2432 1140 2464 cod.
1157 2430 1292 2463 Andino
1308 2432 1413 2463 deest.
1430 2431 1530 2463 bene.

1057 2478 1293 2518 Di.51'ecei'sqite.
1322 2475 1393 2508 Alii
1409 2476 1499 2508 iiiale
1514 2475 1722 2517 dejectisque.

1010 2519 1092 2551 Vid.
1117 2520 1188 2552 lnd.
1234 2519 1318 2552 Mox
1349 2520 1513 2559 accidere,
1541 2519 1653 2562 plene,
1687 2523 1723 2550 ut

1008 2563 1122 2596 Caesai·
1137 2564 1236 2596 solet.

1056 2610 1265 2641 luem-sionis
1284 2614 1368 2650 puto
1383 2608 1588 2640 delendum:
1611 2605 1722 2639 voluit

1008 2652 1133 2695 aliquis
1171 2653 1341 2694 explicare
1386 2656 1524 2694 siquam
1562 2653 1721 2685 hostium.

1008 2698 1100 2739 quod
1131 2708 1206 2729 esse
1239 2703 1349 2739 potest
1376 2697 1430 2728 vel
1457 2696 1605 2738 signum,
1630 2695 1722 2736 quod

1011 2742 1127 2774 hostes
1141 2742 1232 2779 dant,
1246 2743 1295 2779 (et
1310 2742 1359 2773 sic
1371 2740 1519 2783 ceperim
1536 2738 1723 2777 hocloco.)

1009 2786 1078 2825 vol,
1108 2798 1127 2818 e
1155 2797 1224 2827 quo
1257 2785 1458 2827 intelligitur
1488 2782 1640 2816 hostium
1672 2782 1722 2814 iu-

1009 2830 1139 2862 cursio:
1157 2830 1406 2872 adscripsitque
1421 2829 1498 2861 ideo
1511 2829 1725 2866 incursionis,

1010 2881 1047 2906 ut
1062 2875 1148 2907 adeo
1165 2874 1209 2906 sit
1221 2878 1311 2915 siqu.
1326 2876 1451 2906 incum-
1467 2874 1549 2905 host.
1581 2871 1724 2904 Servant

1009 2919 1148 2960 quidem
1173 2919 1272 2951 codd.
1291 2918 1357 2950 hoc
1374 2917 1535 2955 verbum3
1561 2917 1618 2948 sed
1635 2926 1722 2948 uuus

1009 2965 1121 2997 codex
1133 2962 1296 3006 antiquus
1315 2969 1350 2997 et
1365 2961 1474 2996 bonus
1489 2959 1595 2995 habet
1607 2963 1722 2995 inem-
