<?xml version="1.0" encoding="UTF-8"?>
<!DOCTYPE html PUBLIC "-//W3C//DTD XHTML 1.0 Transitional//EN"
    "http://www.w3.org/TR/xhtml1/DTD/xhtml1-transitional.dtd">
<html xmlns="http://www.w3.org/1999/xhtml" xml:lang="en" lang="en">
 <head>
  <title>
</title>
<meta http-equiv="Content-Type" content="text/html;charset=utf-8" />
  <meta name='ocr-system' content='tesseract 3.04.00' />
  <meta name='ocr-capabilities' content='ocr_page ocr_carea ocr_par ocr_line ocrx_word'/>
</head>
<body>
  <div class='ocr_page' id='page_1' title='image "./commentariidebel00caesuoft_0258.png"; bbox 0 0 1946 3261; ppageno 0'>
   <div class='ocr_carea' id='block_1_1' title="bbox 209 213 1706 1937">
    <p class='ocr_par' dir='ltr' id='par_1_1' title="bbox 211 213 1700 699">
     <span class='ocr_line' id='line_1_1' title="bbox 213 213 1284 264; baseline -0.007 0"><span class='ocrx_word' id='word_1_1' title='bbox 213 221 301 264; x_wconf 71' lang='lat'>218</span> <span class='ocrx_word' id='word_1_2' title='bbox 626 215 711 260; x_wconf 89' lang='lat' dir='ltr'>DE</span> <span class='ocrx_word' id='word_1_3' title='bbox 744 213 950 258; x_wconf 87' lang='lat' dir='ltr'><strong>BELLO</strong></span> <span class='ocrx_word' id='word_1_4' title='bbox 984 213 1284 260; x_wconf 86' lang='lat' dir='ltr'>GALLIOO.</span> 
     </span>
     <span class='ocr_line' id='line_1_2' title="bbox 213 340 1699 401; baseline -0.003 -10"><span class='ocrx_word' id='word_1_5' title='bbox 213 344 471 392; x_wconf 69' lang='lat' dir='ltr'>munitiones</span> <span class='ocrx_word' id='word_1_6' title='bbox 506 349 553 386; x_wconf 89' lang='lat' dir='ltr'>et</span> <span class='ocrx_word' id='word_1_7' title='bbox 588 343 646 386; x_wconf 89' lang='lat' dir='ltr'>ab</span> <span class='ocrx_word' id='word_1_8' title='bbox 687 349 817 401; x_wconf 85' lang='lat' dir='ltr'>tergo</span> <span class='ocrx_word' id='word_1_9' title='bbox 856 340 1000 385; x_wconf 84' lang='lat' dir='ltr'>hostes</span> <span class='ocrx_word' id='word_1_10' title='bbox 1033 341 1200 387; x_wconf 87' lang='lat' dir='ltr'>adoriri</span> <span class='ocrx_word' id='word_1_11' title='bbox 1237 341 1382 401; x_wconf 82' lang='lat' dir='ltr'>jubet.</span> <span class='ocrx_word' id='word_1_12' title='bbox 1460 340 1699 394; x_wconf 82' lang='lat' dir='ltr'><strong>Labienus,</strong></span> 
     </span>
     <span class='ocr_line' id='line_1_3' title="bbox 213 400 1699 466; baseline -0.002 -18"><span class='ocrx_word' id='word_1_13' title='bbox 213 414 443 466; x_wconf 75' lang='lat' dir='ltr'><strong>postquam</strong></span> <span class='ocrx_word' id='word_1_14' title='bbox 462 418 603 461; x_wconf 89' lang='lat' dir='ltr'>neque</span> <span class='ocrx_word' id='word_1_15' title='bbox 623 417 820 461; x_wconf 86' lang='lat' dir='ltr'>aggeres,</span> <span class='ocrx_word' id='word_1_16' title='bbox 860 416 1000 459; x_wconf 88' lang='lat' dir='ltr'>neque</span> <span class='ocrx_word' id='word_1_17' title='bbox 1021 401 1141 446; x_wconf 88' lang='lat' dir='ltr'>fossae</span> <span class='ocrx_word' id='word_1_18' title='bbox 1163 401 1252 444; x_wconf 90' lang='lat' dir='ltr'>vim</span> <span class='ocrx_word' id='word_1_19' title='bbox 1280 400 1469 444; x_wconf 90' lang='lat' dir='ltr'>hostium</span> <span class='ocrx_word' id='word_1_20' title='bbox 1488 401 1699 445; x_wconf 84' lang='lat' dir='ltr'>sustinere</span> 
     </span>
     <span class='ocr_line' id='line_1_4' title="bbox 214 459 1698 532; baseline -0.003 -23"><span class='ocrx_word' id='word_1_21' title='bbox 214 462 616 532; x_wconf 76' lang='lat' dir='ltr'>poterant‚·coactis</span> <span class='ocrx_word' id='word_1_22' title='bbox 644 459 1054 520; x_wconf 81' lang='lat' dir='ltr'>undequadraginta</span> <span class='ocrx_word' id='word_1_23' title='bbox 1073 460 1345 511; x_wconf 80' lang='lat' dir='ltr'>cohortibus,</span> <span class='ocrx_word' id='word_1_24' title='bbox 1368 476 1475 518; x_wconf 86' lang='lat' dir='ltr'>quas</span> <span class='ocrx_word' id='word_1_25' title='bbox 1495 477 1548 504; x_wconf 82' lang='lat' dir='ltr'>ex</span> <span class='ocrx_word' id='word_1_26' title='bbox 1568 476 1698 520; x_wconf 85' lang='lat' dir='ltr'>prox-</span> 
     </span>
     <span class='ocr_line' id='line_1_5' title="bbox 211 519 1700 580; baseline -0.001 -14"><span class='ocrx_word' id='word_1_27' title='bbox 211 523 304 566; x_wconf 77' lang='lat' dir='ltr'>imis</span> <span class='ocrx_word' id='word_1_28' title='bbox 337 521 542 580; x_wconf 74' lang='lat' dir='ltr'>praesidiis</span> <span class='ocrx_word' id='word_1_29' title='bbox 577 519 788 565; x_wconf 84' lang='lat' dir='ltr'>deductas</span> <span class='ocrx_word' id='word_1_30' title='bbox 821 520 908 562; x_wconf 89' lang='lat' dir='ltr'>fors</span> <span class='ocrx_word' id='word_1_31' title='bbox 945 519 1126 569; x_wconf 87' lang='lat' dir='ltr'>obtulit,</span> <span class='ocrx_word' id='word_1_32' title='bbox 1166 519 1380 563; x_wconf 87' lang='lat' dir='ltr'>Caesarem</span> <span class='ocrx_word' id='word_1_33' title='bbox 1442 536 1489 562; x_wconf 89' lang='lat' dir='ltr'>er</span> <span class='ocrx_word' id='word_1_34' title='bbox 1519 519 1700 565; x_wconf 76' lang='lat' dir='ltr'>nuncios</span> 
     </span>
     <span class='ocr_line' id='line_1_6' title="bbox 211 536 1698 639; baseline 0 -15"><span class='ocrx_word' id='word_1_35' title='bbox 211 581 316 624; x_wconf 77' lang='lat' dir='ltr'>facit</span> <span class='ocrx_word' id='word_1_36' title='bbox 336 580 584 631; x_wconf 81' lang='lat' dir='ltr'>certiorem,</span> <span class='ocrx_word' id='word_1_37' title='bbox 602 578 711 639; x_wconf 91' lang='lat' dir='ltr'>quid</span> <span class='ocrx_word' id='word_1_38' title='bbox 729 578 983 623; x_wconf 83' lang='lat' dir='ltr'>faciundum</span> <span class='ocrx_word' id='word_1_39' title='bbox 1002 579 1236 623; x_wconf 84' lang='lat' dir='ltr'>existimet.</span> <span class='ocrx_word' id='word_1_40' title='bbox 1281 536 1519 624; x_wconf 58' lang='lat' dir='ltr'>Adceiiaerat</span> <span class='ocrx_word' id='word_1_41' title='bbox 1536 579 1698 630; x_wconf 83' lang='lat' dir='ltr'>Caesar,</span> 
     </span>
     <span class='ocr_line' id='line_1_7' title="bbox 213 639 646 699; baseline -0.009 -14"><span class='ocrx_word' id='word_1_42' title='bbox 213 649 264 685; x_wconf 92' lang='lat' dir='ltr'>ut</span> <span class='ocrx_word' id='word_1_43' title='bbox 283 640 440 699; x_wconf 87' lang='lat' dir='ltr'>proelio</span> <span class='ocrx_word' id='word_1_44' title='bbox 460 639 646 684; x_wconf 86' lang='lat' dir='ltr'>intersit.</span> 
     </span>
    </p>

    <p class='ocr_par' dir='ltr' id='par_1_2' title="bbox 209 697 1706 1868">
     <span class='ocr_line' id='line_1_8' title="bbox 264 697 1701 759; baseline -0.002 -15"><span class='ocrx_word' id='word_1_45' title='bbox 264 699 336 744; x_wconf 84' lang='lat'>88.</span> <span class='ocrx_word' id='word_1_46' title='bbox 359 699 467 759; x_wconf 81' lang='lat' dir='ltr'>Ejus</span> <span class='ocrx_word' id='word_1_47' title='bbox 487 698 680 743; x_wconf 84' lang='lat' dir='ltr'>adventu</span> <span class='ocrx_word' id='word_1_48' title='bbox 698 715 752 742; x_wconf 83' lang='lat' dir='ltr'>ex</span> <span class='ocrx_word' id='word_1_49' title='bbox 773 698 917 742; x_wconf 87' lang='lat' dir='ltr'>colore</span> <span class='ocrx_word' id='word_1_50' title='bbox 939 698 1121 741; x_wconf 84' lang='lat' dir='ltr'>vestitus</span> <span class='ocrx_word' id='word_1_51' title='bbox 1143 699 1336 758; x_wconf 87' lang='lat' dir='ltr'>cognito,</span> <span class='ocrx_word' id='word_1_52' title='bbox 1355 698 1464 756; x_wconf 90' lang='lat' dir='ltr'>[quo</span> <span class='ocrx_word' id='word_1_53' title='bbox 1482 697 1637 756; x_wconf 83' lang='lat' dir='ltr'>insigni</span> <span class='ocrx_word' id='word_1_54' title='bbox 1655 697 1701 741; x_wconf 89' lang='lat' dir='ltr'>in</span> 
     </span>
     <span class='ocr_line' id='line_1_9' title="bbox 212 756 1700 819; baseline -0.001 -17"><span class='ocrx_word' id='word_1_55' title='bbox 212 758 379 819; x_wconf 87' lang='lat' dir='ltr'>proeliis</span> <span class='ocrx_word' id='word_1_56' title='bbox 411 758 477 802; x_wconf 85' lang='lat' dir='ltr'>uti</span> <span class='ocrx_word' id='word_1_57' title='bbox 508 759 826 815; x_wconf 86' lang='lat' dir='ltr'>consueverat,]</span> <span class='ocrx_word' id='word_1_58' title='bbox 868 758 1110 816; x_wconf 88' lang='lat' dir='ltr'>turmisque</span> <span class='ocrx_word' id='word_1_59' title='bbox 1145 757 1345 816; x_wconf 90' lang='lat' dir='ltr'>equitum</span> <span class='ocrx_word' id='word_1_60' title='bbox 1373 766 1418 800; x_wconf 89' lang='lat' dir='ltr'>et</span> <span class='ocrx_word' id='word_1_61' title='bbox 1443 756 1700 802; x_wconf 79' lang='lat' dir='ltr'>cohortibus</span> 
     </span>
     <span class='ocr_line' id='line_1_10' title="bbox 211 815 1700 877; baseline -0.001 -15"><span class='ocrx_word' id='word_1_62' title='bbox 211 818 328 868; x_wconf 85' lang='lat' dir='ltr'>visis,</span> <span class='ocrx_word' id='word_1_63' title='bbox 363 833 469 876; x_wconf 89' lang='lat' dir='ltr'>quas</span> <span class='ocrx_word' id='word_1_64' title='bbox 503 836 546 861; x_wconf 91' lang='lat' dir='ltr'>se</span> <span class='ocrx_word' id='word_1_65' title='bbox 579 818 701 876; x_wconf 88' lang='lat' dir='ltr'>sequi</span> <span class='ocrx_word' id='word_1_66' title='bbox 734 819 936 877; x_wconf 82' lang='lat' dir='ltr'>jusserat,</span> <span class='ocrx_word' id='word_1_67' title='bbox 971 827 1022 860; x_wconf 87' lang='lat' dir='ltr'>ut</span> <span class='ocrx_word' id='word_1_68' title='bbox 1055 817 1111 860; x_wconf 87' lang='lat' dir='ltr'>de</span> <span class='ocrx_word' id='word_1_69' title='bbox 1146 815 1251 860; x_wconf 87' lang='lat' dir='ltr'>locis</span> <span class='ocrx_word' id='word_1_70' title='bbox 1278 816 1577 875; x_wconf 89' lang='lat' dir='ltr'>superioribus</span> <span class='ocrx_word' id='word_1_71' title='bbox 1610 815 1700 860; x_wconf 85' lang='lat' dir='ltr'>haec</span> 
     </span>
     <span class='ocr_line' id='line_1_11' title="bbox 211 875 1700 935; baseline -0.003 -13"><span class='ocrx_word' id='word_1_72' title='bbox 211 877 399 922; x_wconf 72' lang='lat' dir='ltr'>declivia</span> <span class='ocrx_word' id='word_1_73' title='bbox 418 886 463 920; x_wconf 92' lang='lat' dir='ltr'>et</span> <span class='ocrx_word' id='word_1_74' title='bbox 483 877 648 921; x_wconf 85' lang='lat' dir='ltr'>devexa</span> <span class='ocrx_word' id='word_1_75' title='bbox 668 878 976 927; x_wconf 86' lang='lat' dir='ltr'>cernebantur,</span> <span class='ocrx_word' id='word_1_76' title='bbox 1008 876 1150 920; x_wconf 87' lang='lat' dir='ltr'>hostes</span> <span class='ocrx_word' id='word_1_77' title='bbox 1182 875 1388 935; x_wconf 87' lang='lat' dir='ltr'>proelium</span> <span class='ocrx_word' id='word_1_78' title='bbox 1406 876 1700 919; x_wconf 84' lang='lat' dir='ltr'>committunt.</span> 
     </span>
     <span class='ocr_line' id='line_1_12' title="bbox 214 933 1704 995; baseline -0.002 -15"><span class='ocrx_word' id='word_1_79' title='bbox 214 937 454 994; x_wconf 88' lang='lat' dir='ltr'>Utrimque</span> <span class='ocrx_word' id='word_1_80' title='bbox 502 937 690 980; x_wconf 86' lang='lat' dir='ltr'>clamore</span> <span class='ocrx_word' id='word_1_81' title='bbox 724 937 916 987; x_wconf 87' lang='lat' dir='ltr'>sublato,</span> <span class='ocrx_word' id='word_1_82' title='bbox 953 937 1117 995; x_wconf 83' lang='lat' dir='ltr'>excipit</span> <span class='ocrx_word' id='word_1_83' title='bbox 1152 952 1304 979; x_wconf 89' lang='lat' dir='ltr'>rursus</span> <span class='ocrx_word' id='word_1_84' title='bbox 1340 951 1395 978; x_wconf 85' lang='lat' dir='ltr'>ex</span> <span class='ocrx_word' id='word_1_85' title='bbox 1427 933 1544 978; x_wconf 90' lang='lat' dir='ltr'>vallo</span> <span class='ocrx_word' id='word_1_86' title='bbox 1568 942 1615 978; x_wconf 90' lang='lat' dir='ltr'>at</span> <span class='ocrx_word' id='word_1_87' title='bbox 1649 951 1704 978; x_wconf 79' lang='lat' dir='ltr'>ue</span> 
     </span>
     <span class='ocr_line' id='line_1_13' title="bbox 212 951 1703 1053; baseline -0.003 -12"><span class='ocrx_word' id='word_1_88' title='bbox 212 996 411 1041; x_wconf 81' lang='lat' dir='ltr'>omnibus</span> <span class='ocrx_word' id='word_1_89' title='bbox 431 997 744 1040; x_wconf 86' lang='lat' dir='ltr'>munitionibus</span> <span class='ocrx_word' id='word_1_90' title='bbox 763 995 942 1039; x_wconf 85' lang='lat' dir='ltr'>clamor.</span> <span class='ocrx_word' id='word_1_91' title='bbox 1007 994 1177 1044; x_wconf 84' lang='lat' dir='ltr'>Nostri,</span> <span class='ocrx_word' id='word_1_92' title='bbox 1199 994 1359 1038; x_wconf 86' lang='lat' dir='ltr'>emissis</span> <span class='ocrx_word' id='word_1_93' title='bbox 1392 993 1509 1053; x_wconf 85' lang='lat' dir='ltr'>pilis,</span> <span class='ocrx_word' id='word_1_94' title='bbox 1544 951 1703 1053; x_wconf 53' lang='lat' dir='ltr'>gladiis</span> 
     </span>
     <span class='ocr_line' id='line_1_14' title="bbox 211 1053 1703 1114; baseline -0.003 -14"><span class='ocrx_word' id='word_1_95' title='bbox 211 1072 305 1101; x_wconf 83' lang='lat' dir='ltr'>rem</span> <span class='ocrx_word' id='word_1_96' title='bbox 325 1062 499 1114; x_wconf 87' lang='lat' dir='ltr'>gerunt.</span> <span class='ocrx_word' id='word_1_97' title='bbox 561 1053 763 1111; x_wconf 89' lang='lat' dir='ltr'>Repente</span> <span class='ocrx_word' id='word_1_98' title='bbox 793 1063 893 1110; x_wconf 83' lang='lat' dir='ltr'>post</span> <span class='ocrx_word' id='word_1_99' title='bbox 927 1063 1101 1111; x_wconf 86' lang='lat' dir='ltr'>tergum</span> <span class='ocrx_word' id='word_1_100' title='bbox 1137 1054 1359 1111; x_wconf 84' lang='lat' dir='ltr'>equitatus</span> <span class='ocrx_word' id='word_1_101' title='bbox 1380 1053 1595 1096; x_wconf 87' lang='lat' dir='ltr'>cernitur:</span> <span class='ocrx_word' id='word_1_102' title='bbox 1632 1069 1703 1096; x_wconf 53' lang='lat' dir='ltr'>cos</span> 
     </span>
     <span class='ocr_line' id='line_1_15' title="bbox 210 1111 1703 1171; baseline -0.003 -13"><span class='ocrx_word' id='word_1_103' title='bbox 210 1113 359 1158; x_wconf 82' lang='lat' dir='ltr'>hortes</span> <span class='ocrx_word' id='word_1_104' title='bbox 379 1113 473 1156; x_wconf 84' lang='lat' dir='ltr'>aliae</span> <span class='ocrx_word' id='word_1_105' title='bbox 495 1111 879 1171; x_wconf 84' lang='lat' dir='ltr'>adpropinquant:</span> <span class='ocrx_word' id='word_1_106' title='bbox 921 1113 1063 1152; x_wconf 89' lang='lat' dir='ltr'>hostes</span> <span class='ocrx_word' id='word_1_107' title='bbox 1091 1117 1219 1168; x_wconf 86' lang='lat' dir='ltr'>terga</span> <span class='ocrx_word' id='word_1_108' title='bbox 1251 1117 1455 1152; x_wconf 82' lang='lat' dir='ltr'>vertunt:</span> <span class='ocrx_word' id='word_1_109' title='bbox 1498 1112 1543 1153; x_wconf 86' lang='lat' dir='ltr'>fu</span> <span class='ocrx_word' id='word_1_110' title='bbox 1578 1111 1703 1154; x_wconf 86' lang='lat' dir='ltr'>ienti-</span> 
     </span>
     <span class='ocr_line' id='line_1_16' title="bbox 209 1127 1703 1231; baseline -0.002 -14"><span class='ocrx_word' id='word_1_111' title='bbox 209 1174 292 1218; x_wconf 88' lang='lat' dir='ltr'>bus</span> <span class='ocrx_word' id='word_1_112' title='bbox 312 1173 481 1231; x_wconf 85' lang='lat' dir='ltr'>equites</span> <span class='ocrx_word' id='word_1_113' title='bbox 501 1179 760 1214; x_wconf 83' lang='lat' dir='ltr'>occurrunt:</span> <span class='ocrx_word' id='word_1_114' title='bbox 805 1169 856 1212; x_wconf 87' lang='lat' dir='ltr'>fit</span> <span class='ocrx_word' id='word_1_115' title='bbox 888 1184 1045 1227; x_wconf 86' lang='lat' dir='ltr'>magna</span> <span class='ocrx_word' id='word_1_116' title='bbox 1064 1168 1214 1211; x_wconf 76' lang='lat' dir='ltr'>caedes.</span> <span class='ocrx_word' id='word_1_117' title='bbox 1280 1166 1502 1218; x_wconf 88' lang='lat' dir='ltr'>Sedulius,</span> <span class='ocrx_word' id='word_1_118' title='bbox 1538 1127 1629 1212; x_wconf 47' lang='lat' dir='ltr'>&lt;iux</span> <span class='ocrx_word' id='word_1_119' title='bbox 1656 1178 1703 1214; x_wconf 87' lang='lat' dir='ltr'>et</span> 
     </span>
     <span class='ocr_line' id='line_1_17' title="bbox 212 1227 1705 1292; baseline -0.001 -17"><span class='ocrx_word' id='word_1_120' title='bbox 212 1233 416 1292; x_wconf 87' lang='lat' dir='ltr'>princeps</span> <span class='ocrx_word' id='word_1_121' title='bbox 459 1229 755 1279; x_wconf 88' lang='lat' dir='ltr'>Lemovicum,</span> <span class='ocrx_word' id='word_1_122' title='bbox 794 1228 1033 1272; x_wconf 88' lang='lat' dir='ltr'>occiditur:</span> <span class='ocrx_word' id='word_1_123' title='bbox 1076 1227 1432 1285; x_wconf 85' lang='lat' dir='ltr'>Vergasillaunus</span> <span class='ocrx_word' id='word_1_124' title='bbox 1476 1228 1705 1273; x_wconf 82' lang='lat' dir='ltr'>Arvernus</span> 
     </span>
     <span class='ocr_line' id='line_1_18' title="bbox 213 1285 1706 1347; baseline -0.004 -13"><span class='ocrx_word' id='word_1_125' title='bbox 213 1292 339 1334; x_wconf 89' lang='lat' dir='ltr'>vivus</span> <span class='ocrx_word' id='word_1_126' title='bbox 358 1290 402 1332; x_wconf 91' lang='lat' dir='ltr'>in</span> <span class='ocrx_word' id='word_1_127' title='bbox 422 1289 529 1347; x_wconf 82' lang='lat' dir='ltr'>fuga</span> <span class='ocrx_word' id='word_1_128' title='bbox 548 1287 963 1347; x_wconf 88' lang='lat' dir='ltr'>comprehenditur:</span> <span class='ocrx_word' id='word_1_129' title='bbox 999 1287 1121 1345; x_wconf 82' lang='lat' dir='ltr'>signa</span> <span class='ocrx_word' id='word_1_130' title='bbox 1158 1286 1366 1328; x_wconf 78' lang='lat' dir='ltr'>militaria</span> <span class='ocrx_word' id='word_1_131' title='bbox 1402 1285 1620 1329; x_wconf 82' lang='lat' dir='ltr'>LXXIIII</span> <span class='ocrx_word' id='word_1_132' title='bbox 1650 1288 1706 1332; x_wconf 87' lang='lat' dir='ltr'>ad</span> 
     </span>
     <span class='ocr_line' id='line_1_19' title="bbox 214 1344 1703 1405; baseline -0.003 -11"><span class='ocrx_word' id='word_1_133' title='bbox 214 1352 429 1394; x_wconf 83' lang='lat' dir='ltr'>Caesarem</span> <span class='ocrx_word' id='word_1_134' title='bbox 451 1348 730 1391; x_wconf 88' lang='lat' dir='ltr'>referuntur:</span> <span class='ocrx_word' id='word_1_135' title='bbox 769 1346 897 1405; x_wconf 87' lang='lat' dir='ltr'>pauci</span> <span class='ocrx_word' id='word_1_136' title='bbox 919 1363 971 1388; x_wconf 84' lang='lat' dir='ltr'>ex</span> <span class='ocrx_word' id='word_1_137' title='bbox 994 1354 1116 1388; x_wconf 85' lang='lat' dir='ltr'>tanto</span> <span class='ocrx_word' id='word_1_138' title='bbox 1138 1361 1319 1387; x_wconf 86' lang='lat' dir='ltr'>numero</span> <span class='ocrx_word' id='word_1_139' title='bbox 1342 1361 1385 1386; x_wconf 87' lang='lat' dir='ltr'>se</span> <span class='ocrx_word' id='word_1_140' title='bbox 1407 1344 1642 1389; x_wconf 83' lang='lat' dir='ltr'>incolumes</span> <span class='ocrx_word' id='word_1_141' title='bbox 1659 1346 1703 1391; x_wconf 89' lang='lat' dir='ltr'>in</span> 
     </span>
     <span class='ocr_line' id='line_1_20' title="bbox 210 1404 1703 1465; baseline -0.003 -13"><span class='ocrx_word' id='word_1_142' title='bbox 210 1417 352 1453; x_wconf 87' lang='lat' dir='ltr'>castra</span> <span class='ocrx_word' id='word_1_143' title='bbox 391 1407 627 1465; x_wconf 84' lang='lat' dir='ltr'>recipiunt.</span> <span class='ocrx_word' id='word_1_144' title='bbox 691 1404 945 1463; x_wconf 86' lang='lat' dir='ltr'>Conspicati</span> <span class='ocrx_word' id='word_1_145' title='bbox 981 1421 1035 1447; x_wconf 81' lang='lat' dir='ltr'>ex</span> <span class='ocrx_word' id='word_1_146' title='bbox 1074 1404 1241 1463; x_wconf 85' lang='lat' dir='ltr'>oppido</span> <span class='ocrx_word' id='word_1_147' title='bbox 1275 1404 1430 1446; x_wconf 82' lang='lat' dir='ltr'>caedem</span> <span class='ocrx_word' id='word_1_148' title='bbox 1469 1412 1516 1446; x_wconf 87' lang='lat' dir='ltr'>et</span> <span class='ocrx_word' id='word_1_149' title='bbox 1553 1405 1703 1464; x_wconf 85' lang='lat' dir='ltr'>fugam</span> 
     </span>
     <span class='ocr_line' id='line_1_21' title="bbox 210 1463 1700 1525; baseline -0.004 -13"><span class='ocrx_word' id='word_1_150' title='bbox 210 1483 406 1517; x_wconf 81' lang='lat' dir='ltr'>suorum,</span> <span class='ocrx_word' id='word_1_151' title='bbox 435 1467 666 1525; x_wconf 89' lang='lat' dir='ltr'>desperata</span> <span class='ocrx_word' id='word_1_152' title='bbox 698 1464 855 1514; x_wconf 89' lang='lat' dir='ltr'>salute,</span> <span class='ocrx_word' id='word_1_153' title='bbox 885 1464 1031 1523; x_wconf 80' lang='lat' dir='ltr'>copias</span> <span class='ocrx_word' id='word_1_154' title='bbox 1068 1480 1094 1506; x_wconf 86' lang='lat' dir='ltr'>a</span> <span class='ocrx_word' id='word_1_155' title='bbox 1125 1463 1442 1506; x_wconf 87' lang='lat' dir='ltr'>munitionibus</span> <span class='ocrx_word' id='word_1_156' title='bbox 1471 1463 1700 1508; x_wconf 83' lang='lat' dir='ltr'>reducunt.</span> 
     </span>
     <span class='ocr_line' id='line_1_22' title="bbox 211 1522 1704 1586; baseline -0.003 -15"><span class='ocrx_word' id='word_1_157' title='bbox 211 1527 286 1572; x_wconf 83' lang='lat' dir='ltr'>Fit</span> <span class='ocrx_word' id='word_1_158' title='bbox 308 1526 522 1586; x_wconf 84' lang='lat' dir='ltr'>protinus,</span> <span class='ocrx_word' id='word_1_159' title='bbox 546 1524 625 1567; x_wconf 83' lang='lat' dir='ltr'>hac</span> <span class='ocrx_word' id='word_1_160' title='bbox 643 1540 690 1567; x_wconf 92' lang='lat' dir='ltr'>re</span> <span class='ocrx_word' id='word_1_161' title='bbox 711 1524 877 1574; x_wconf 86' lang='lat' dir='ltr'>audita,</span> <span class='ocrx_word' id='word_1_162' title='bbox 899 1540 951 1566; x_wconf 83' lang='lat' dir='ltr'>ex</span> <span class='ocrx_word' id='word_1_163' title='bbox 972 1524 1123 1566; x_wconf 87' lang='lat' dir='ltr'>castris</span> <span class='ocrx_word' id='word_1_164' title='bbox 1147 1523 1378 1566; x_wconf 82' lang='lat' dir='ltr'>Gallorum</span> <span class='ocrx_word' id='word_1_165' title='bbox 1398 1522 1519 1581; x_wconf 87' lang='lat' dir='ltr'>fuga.</span> <span class='ocrx_word' id='word_1_166' title='bbox 1570 1523 1704 1575; x_wconf 87' lang='lat' dir='ltr'>Quod</span> 
     </span>
     <span class='ocr_line' id='line_1_23' title="bbox 212 1582 1703 1630; baseline -0.001 -1"><span class='ocrx_word' id='word_1_167' title='bbox 212 1586 292 1630; x_wconf 89' lang='lat' dir='ltr'>nisi</span> <span class='ocrx_word' id='word_1_168' title='bbox 333 1585 497 1629; x_wconf 85' lang='lat' dir='ltr'>crebris</span> <span class='ocrx_word' id='word_1_169' title='bbox 536 1583 736 1626; x_wconf 88' lang='lat' dir='ltr'>subsidiis</span> <span class='ocrx_word' id='word_1_170' title='bbox 785 1600 835 1626; x_wconf 87' lang='lat' dir='ltr'>ac</span> <span class='ocrx_word' id='word_1_171' title='bbox 876 1583 1013 1626; x_wconf 88' lang='lat' dir='ltr'>totius</span> <span class='ocrx_word' id='word_1_172' title='bbox 1049 1582 1136 1625; x_wconf 90' lang='lat' dir='ltr'>diei</span> <span class='ocrx_word' id='word_1_173' title='bbox 1178 1583 1327 1625; x_wconf 88' lang='lat' dir='ltr'>labore</span> <span class='ocrx_word' id='word_1_174' title='bbox 1368 1582 1527 1625; x_wconf 86' lang='lat' dir='ltr'>milites</span> <span class='ocrx_word' id='word_1_175' title='bbox 1562 1592 1703 1627; x_wconf 82' lang='lat' dir='ltr'>essent</span> 
     </span>
     <span class='ocr_line' id='line_1_24' title="bbox 211 1641 1703 1701; baseline -0.003 -12"><span class='ocrx_word' id='word_1_176' title='bbox 211 1645 383 1695; x_wconf 86' lang='lat' dir='ltr'>defessi,</span> <span class='ocrx_word' id='word_1_177' title='bbox 420 1659 567 1687; x_wconf 83' lang='lat' dir='ltr'>omnes</span> <span class='ocrx_word' id='word_1_178' title='bbox 599 1642 786 1685; x_wconf 88' lang='lat' dir='ltr'>hostium</span> <span class='ocrx_word' id='word_1_179' title='bbox 815 1641 950 1700; x_wconf 83' lang='lat' dir='ltr'>copiae</span> <span class='ocrx_word' id='word_1_180' title='bbox 981 1642 1118 1684; x_wconf 88' lang='lat' dir='ltr'>deleri</span> <span class='ocrx_word' id='word_1_181' title='bbox 1147 1641 1405 1701; x_wconf 84' lang='lat' dir='ltr'>potuissent.</span> <span class='ocrx_word' id='word_1_182' title='bbox 1468 1641 1538 1685; x_wconf 90' lang='lat' dir='ltr'>De</span> <span class='ocrx_word' id='word_1_183' title='bbox 1559 1642 1703 1685; x_wconf 86' lang='lat' dir='ltr'>media</span> 
     </span>
     <span class='ocr_line' id='line_1_25' title="bbox 212 1700 1702 1768; baseline -0.003 -19"><span class='ocrx_word' id='word_1_184' title='bbox 212 1712 339 1750; x_wconf 81' lang='lat' dir='ltr'>nocte</span> <span class='ocrx_word' id='word_1_185' title='bbox 360 1703 510 1746; x_wconf 87' lang='lat' dir='ltr'>missus</span> <span class='ocrx_word' id='word_1_186' title='bbox 531 1701 753 1760; x_wconf 88' lang='lat' dir='ltr'>equitatus</span> <span class='ocrx_word' id='word_1_187' title='bbox 771 1702 1047 1745; x_wconf 75' lang='lat' dir='ltr'>novissimum</span> <span class='ocrx_word' id='word_1_188' title='bbox 1067 1717 1221 1759; x_wconf 77' lang='lat' dir='ltr'>agmen</span> <span class='ocrx_word' id='word_1_189' title='bbox 1240 1700 1546 1758; x_wconf 87' lang='lat' dir='ltr'>consequitur:</span> <span class='ocrx_word' id='word_1_190' title='bbox 1584 1717 1702 1768; x_wconf 79' lang='lat' dir='ltr'>mag-</span> 
     </span>
     <span class='ocr_line' id='line_1_26' title="bbox 212 1759 1702 1819; baseline -0.002 -12"><span class='ocrx_word' id='word_1_191' title='bbox 212 1780 293 1808; x_wconf 87' lang='lat' dir='ltr'>nus</span> <span class='ocrx_word' id='word_1_192' title='bbox 320 1778 526 1806; x_wconf 87' lang='lat' dir='ltr'>numerus</span> <span class='ocrx_word' id='word_1_193' title='bbox 563 1761 736 1819; x_wconf 87' lang='lat' dir='ltr'>capitur</span> <span class='ocrx_word' id='word_1_194' title='bbox 767 1769 902 1818; x_wconf 85' lang='lat' dir='ltr'>atque</span> <span class='ocrx_word' id='word_1_195' title='bbox 939 1759 1218 1810; x_wconf 87' lang='lat' dir='ltr'>interficitur,</span> <span class='ocrx_word' id='word_1_196' title='bbox 1252 1759 1409 1817; x_wconf 80' lang='lat' dir='ltr'>reliqui</span> <span class='ocrx_word' id='word_1_197' title='bbox 1444 1775 1497 1801; x_wconf 86' lang='lat' dir='ltr'>ex</span> <span class='ocrx_word' id='word_1_198' title='bbox 1532 1761 1637 1819; x_wconf 86' lang='lat' dir='ltr'>fuga</span> <span class='ocrx_word' id='word_1_199' title='bbox 1657 1776 1702 1804; x_wconf 89' lang='lat' dir='ltr'>m</span> 
     </span>
     <span class='ocr_line' id='line_1_27' title="bbox 213 1819 674 1868; baseline -0.013 -1"><span class='ocrx_word' id='word_1_200' title='bbox 213 1823 411 1868; x_wconf 85' lang='lat' dir='ltr'>civitates</span> <span class='ocrx_word' id='word_1_201' title='bbox 432 1819 674 1864; x_wconf 88' lang='lat' dir='ltr'>discedunt.</span> 
     </span>
    </p>

    <p class='ocr_par' dir='ltr' id='par_1_3' title="bbox 271 1877 1704 1937">
     <span class='ocr_line' id='line_1_28' title="bbox 271 1877 1704 1937; baseline -0.001 -13"><span class='ocrx_word' id='word_1_202' title='bbox 271 1882 343 1924; x_wconf 80' lang='lat'>89.</span> <span class='ocrx_word' id='word_1_203' title='bbox 378 1881 559 1924; x_wconf 87' lang='lat' dir='ltr'>Postero</span> <span class='ocrx_word' id='word_1_204' title='bbox 590 1878 662 1921; x_wconf 87' lang='lat' dir='ltr'>die</span> <span class='ocrx_word' id='word_1_205' title='bbox 697 1877 1051 1937; x_wconf 77' lang='lat' dir='ltr'>Ve1·cingetoriX‚</span> <span class='ocrx_word' id='word_1_206' title='bbox 1090 1878 1273 1921; x_wconf 88' lang='lat' dir='ltr'>coneilio</span> <span class='ocrx_word' id='word_1_207' title='bbox 1303 1885 1560 1928; x_wconf 78' lang='lat' dir='ltr'>convocato,</span> <span class='ocrx_word' id='word_1_208' title='bbox 1583 1877 1628 1921; x_wconf 86' lang='lat' dir='ltr'>id</span> <span class='ocrx_word' id='word_1_209' title='bbox 1661 1895 1704 1922; x_wconf 84' lang='lat' dir='ltr'>se</span> 
     </span>
    </p>
   </div>
   <div class='ocr_carea' id='block_1_2' title="bbox 990 1981 1700 2023">
    <p class='ocr_par' dir='ltr' id='par_1_4' title="bbox 990 1981 1700 2023">
     <span class='ocr_line' id='line_1_29' title="bbox 990 1981 1700 2023; baseline 0.001 -11"><span class='ocrx_word' id='word_1_210' title='bbox 990 1991 1075 2019; x_wconf 75' lang='lat' dir='ltr'>ram,</span> <span class='ocrx_word' id='word_1_211' title='bbox 1103 1981 1216 2019; x_wconf 63' lang='lat' dir='ltr'>verba,</span> <span class='ocrx_word' id='word_1_212' title='bbox 1244 1992 1319 2023; x_wconf 69' lang='lat' dir='ltr'>qnae</span> <span class='ocrx_word' id='word_1_213' title='bbox 1347 1987 1624 2023; x_wconf 75' lang='lat' dir='ltr'>sequuntur.quo</span> <span class='ocrx_word' id='word_1_214' title='bbox 1647 1982 1700 2013; x_wconf 71' lang='grc' dir='ltr'>ἰη-</span> 
     </span>
    </p>
   </div>
   <div class='ocr_carea' id='block_1_3' title="bbox 267 1980 1699 2068">
    <p class='ocr_par' dir='ltr' id='par_1_5' title="bbox 267 1980 1699 2068">
     <span class='ocr_line' id='line_1_30' title="bbox 267 1980 922 2026; baseline -0.008 -9"><span class='ocrx_word' id='word_1_215' title='bbox 267 1984 608 2026; x_wconf 68' lang='lat' dir='ltr'>Umlequmlrayinta.</span> <span class='ocrx_word' id='word_1_216' title='bbox 647 1981 702 2014; x_wconf 86' lang='lat' dir='ltr'>Sic</span> <span class='ocrx_word' id='word_1_217' title='bbox 720 1980 808 2013; x_wconf 72' lang='lat' dir='ltr'>bono</span> <span class='ocrx_word' id='word_1_218' title='bbox 823 1982 922 2012; x_wconf 86' lang='lat' dir='ltr'>codd.</span> 
     </span>
     <span class='ocr_line' id='line_1_31' title="bbox 989 2025 1699 2068; baseline 0 -11"><span class='ocrx_word' id='word_1_219' title='bbox 989 2029 1078 2066; x_wconf 68' lang='lat' dir='ltr'>siqui</span> <span class='ocrx_word' id='word_1_220' title='bbox 1107 2029 1143 2058; x_wconf 76' lang='lat' dir='ltr'>in</span> <span class='ocrx_word' id='word_1_221' title='bbox 1171 2027 1295 2068; x_wconf 65' lang='lat' dir='ltr'>prwltix</span> <span class='ocrx_word' id='word_1_222' title='bbox 1326 2030 1375 2058; x_wconf 77' lang='lat' dir='ltr'>uti</span> <span class='ocrx_word' id='word_1_223' title='bbox 1406 2031 1633 2062; x_wconf 72' lang='lat' dir='ltr'>consueverat,</span> <span class='ocrx_word' id='word_1_224' title='bbox 1654 2025 1699 2057; x_wconf 82' lang='lat' dir='ltr'>ab</span> 
     </span>
    </p>
   </div>
   <div class='ocr_carea' id='block_1_4' title="bbox 220 2025 921 2071">
    <p class='ocr_par' dir='ltr' id='par_1_6' title="bbox 220 2025 921 2071">
     <span class='ocr_line' id='line_1_32' title="bbox 220 2025 921 2071; baseline -0.007 -10"><span class='ocrx_word' id='word_1_225' title='bbox 220 2029 287 2061; x_wconf 77' lang='lat' dir='ltr'>Alii</span> <span class='ocrx_word' id='word_1_226' title='bbox 322 2040 395 2061; x_wconf 74' lang='lat' dir='ltr'>una</span> <span class='ocrx_word' id='word_1_227' title='bbox 434 2030 474 2060; x_wconf 70' lang='grc' dir='ltr'>ιίι-</span> <span class='ocrx_word' id='word_1_228' title='bbox 513 2028 753 2071; x_wconf 64' lang='lat' dir='ltr'>quadragsinm-</span> <span class='ocrx_word' id='word_1_229' title='bbox 806 2026 849 2057; x_wconf 82' lang='lat' dir='ltr'>Et</span> <span class='ocrx_word' id='word_1_230' title='bbox 889 2025 921 2056; x_wconf 90' lang='lat' dir='ltr'>in</span> 
     </span>
    </p>
   </div>
   <div class='ocr_carea' id='block_1_5' title="bbox 216 2070 926 3038">
    <p class='ocr_par' dir='ltr' id='par_1_7' title="bbox 216 2070 923 2149">
     <span class='ocr_line' id='line_1_33' title="bbox 216 2070 923 2116; baseline -0.01 -10"><span class='ocrx_word' id='word_1_231' title='bbox 216 2075 325 2106; x_wconf 80' lang='lat' dir='ltr'>Graec.</span> <span class='ocrx_word' id='word_1_232' title='bbox 366 2073 533 2115; x_wconf 69' lang='lat' dir='ltr'>metapht.</span> <span class='ocrx_word' id='word_1_233' title='bbox 570 2079 634 2113; x_wconf 82' lang='lat' dir='ltr'>est,</span> <span class='ocrx_word' id='word_1_234' title='bbox 673 2072 832 2116; x_wconf 63' lang='grc' dir='ltr'>τξιάκοντα</span> <span class='ocrx_word' id='word_1_235' title='bbox 870 2070 923 2100; x_wconf 70' lang='grc' dir='ltr'>καὶ</span> 
     </span>
     <span class='ocr_line' id='line_1_34' title="bbox 218 2117 379 2149; baseline 0.006 -1"><span class='ocrx_word' id='word_1_236' title='bbox 218 2117 303 2149; x_wconf 70' lang='grc' dir='ltr'>ἰννὲα.</span> <span class='ocrx_word' id='word_1_237' title='bbox 328 2119 379 2149; x_wconf 87' lang='lat' dir='ltr'>M.</span> 
     </span>
    </p>

    <p class='ocr_par' dir='ltr' id='par_1_8' title="bbox 218 2159 923 2247">
     <span class='ocr_line' id='line_1_35' title="bbox 264 2159 923 2194; baseline -0.008 0"><span class='ocrx_word' id='word_1_238' title='bbox 264 2164 349 2194; x_wconf 77' lang='lat' dir='ltr'>Fors</span> <span class='ocrx_word' id='word_1_239' title='bbox 363 2163 488 2194; x_wconf 74' lang='lat' dir='ltr'>obtulit.</span> <span class='ocrx_word' id='word_1_240' title='bbox 522 2161 578 2193; x_wconf 86' lang='lat' dir='ltr'>Sic</span> <span class='ocrx_word' id='word_1_241' title='bbox 593 2161 693 2192; x_wconf 85' lang='lat' dir='ltr'>codd.</span> <span class='ocrx_word' id='word_1_242' title='bbox 715 2168 750 2192; x_wconf 87' lang='lat' dir='ltr'>et</span> <span class='ocrx_word' id='word_1_243' title='bbox 764 2159 840 2191; x_wconf 87' lang='lat' dir='ltr'>cdd.</span> <span class='ocrx_word' id='word_1_244' title='bbox 858 2164 923 2190; x_wconf 74' lang='lat' dir='ltr'>vet.</span> 
     </span>
     <span class='ocr_line' id='line_1_36' title="bbox 218 2205 425 2247; baseline -0.005 -9"><span class='ocrx_word' id='word_1_245' title='bbox 218 2205 332 2247; x_wconf 85' lang='lat' dir='ltr'>Vulgo</span> <span class='ocrx_word' id='word_1_246' title='bbox 345 2217 425 2238; x_wconf 78' lang='lat' dir='ltr'>sors.</span> 
     </span>
    </p>

    <p class='ocr_par' dir='ltr' id='par_1_9' title="bbox 216 2247 926 3038">
     <span class='ocr_line' id='line_1_37' title="bbox 264 2247 922 2283; baseline -0.006 0"><span class='ocrx_word' id='word_1_247' title='bbox 264 2252 321 2283; x_wconf 63' lang='lat' dir='ltr'>Ex</span> <span class='ocrx_word' id='word_1_248' title='bbox 336 2251 444 2282; x_wconf 79' lang='lat' dir='ltr'>colore</span> <span class='ocrx_word' id='word_1_249' title='bbox 459 2251 600 2282; x_wconf 75' lang='lat' dir='ltr'>restitus.</span> <span class='ocrx_word' id='word_1_250' title='bbox 627 2249 729 2280; x_wconf 87' lang='lat' dir='ltr'>lIaud</span> <span class='ocrx_word' id='word_1_251' title='bbox 747 2248 854 2280; x_wconf 81' lang='lat' dir='ltr'>dubie</span> <span class='ocrx_word' id='word_1_252' title='bbox 874 2247 922 2279; x_wconf 88' lang='lat' dir='ltr'>in-</span> 
     </span>
     <span class='ocr_line' id='line_1_38' title="bbox 217 2292 922 2336; baseline -0.006 -10"><span class='ocrx_word' id='word_1_253' title='bbox 217 2294 383 2336; x_wconf 83' lang='lat' dir='ltr'>telligitur</span> <span class='ocrx_word' id='word_1_254' title='bbox 398 2295 692 2336; x_wconf 81' lang='lat' dir='ltr'>paludamentum,</span> <span class='ocrx_word' id='word_1_255' title='bbox 709 2294 799 2333; x_wconf 83' lang='lat' dir='ltr'>quod</span> <span class='ocrx_word' id='word_1_256' title='bbox 817 2292 922 2323; x_wconf 80' lang='lat' dir='ltr'>fuisse</span> 
     </span>
     <span class='ocr_line' id='line_1_39' title="bbox 217 2335 923 2380; baseline -0.007 -9"><span class='ocrx_word' id='word_1_257' title='bbox 217 2337 398 2371; x_wconf 82' lang='lat' dir='ltr'>rubicundi</span> <span class='ocrx_word' id='word_1_258' title='bbox 415 2344 451 2370; x_wconf 89' lang='lat' dir='ltr'>ut</span> <span class='ocrx_word' id='word_1_259' title='bbox 464 2338 649 2380; x_wconf 87' lang='lat' dir='ltr'>plurimum</span> <span class='ocrx_word' id='word_1_260' title='bbox 662 2337 800 2375; x_wconf 83' lang='lat' dir='ltr'>coloris,</span> <span class='ocrx_word' id='word_1_261' title='bbox 816 2335 923 2367; x_wconf 82' lang='lat' dir='ltr'>nemi-</span> 
     </span>
     <span class='ocr_line' id='line_1_40' title="bbox 217 2381 923 2425; baseline -0.007 -9"><span class='ocrx_word' id='word_1_262' title='bbox 217 2394 297 2416; x_wconf 87' lang='lat' dir='ltr'>nem</span> <span class='ocrx_word' id='word_1_263' title='bbox 325 2383 421 2425; x_wconf 83' lang='lat' dir='ltr'>fugit.</span> <span class='ocrx_word' id='word_1_264' title='bbox 478 2383 546 2415; x_wconf 88' lang='lat' dir='ltr'>Dio</span> <span class='ocrx_word' id='word_1_265' title='bbox 577 2381 673 2413; x_wconf 85' lang='lat' dir='ltr'>Cass.</span> <span class='ocrx_word' id='word_1_266' title='bbox 705 2384 760 2415; x_wconf 69' lang='lat'>4¹2,</span> <span class='ocrx_word' id='word_1_267' title='bbox 790 2384 845 2412; x_wconf 67' lang='lat'>40.</span> <span class='ocrx_word' id='word_1_268' title='bbox 882 2381 923 2411; x_wconf 78' lang='lat' dir='ltr'>de</span> 
     </span>
     <span class='ocr_line' id='line_1_41' title="bbox 217 2425 923 2466; baseline -0.008 -6"><span class='ocrx_word' id='word_1_269' title='bbox 217 2427 364 2466; x_wconf 66' lang='lat' dir='ltr'>Caesare,</span> <span class='ocrx_word' id='word_1_270' title='bbox 395 2427 429 2459; x_wconf 90' lang='lat' dir='ltr'>in</span> <span class='ocrx_word' id='word_1_271' title='bbox 461 2437 595 2459; x_wconf 87' lang='lat' dir='ltr'>summo</span> <span class='ocrx_word' id='word_1_272' title='bbox 620 2425 817 2456; x_wconf 77' lang='lat' dir='ltr'>discrimine.</span> <span class='ocrx_word' id='word_1_273' title='bbox 847 2435 923 2456; x_wconf 80' lang='lat' dir='ltr'>ver-</span> 
     </span>
     <span class='ocr_line' id='line_1_42' title="bbox 217 2469 923 2511; baseline -0.006 -7"><span class='ocrx_word' id='word_1_274' title='bbox 217 2478 324 2511; x_wconf 83' lang='lat' dir='ltr'>sante,</span> <span class='ocrx_word' id='word_1_275' title='bbox 350 2477 383 2503; x_wconf 83' lang='lat' dir='ltr'>et</span> <span class='ocrx_word' id='word_1_276' title='bbox 409 2472 577 2503; x_wconf 85' lang='lat' dir='ltr'>enatando</span> <span class='ocrx_word' id='word_1_277' title='bbox 608 2469 750 2501; x_wconf 76' lang='lat' dir='ltr'>salutem</span> <span class='ocrx_word' id='word_1_278' title='bbox 778 2474 923 2509; x_wconf 74' lang='lat' dir='ltr'>petente,</span> 
     </span>
     <span class='ocr_line' id='line_1_43' title="bbox 217 2513 924 2561; baseline -0.008 -13"><span class='ocrx_word' id='word_1_279' title='bbox 217 2518 364 2561; x_wconf 72' lang='grc' dir='ltr'><em>ὅΚοιῖε-ιις</em></span> <span class='ocrx_word' id='word_1_280' title='bbox 385 2516 427 2547; x_wconf 67' lang='grc' dir='ltr'>τὰ</span> <span class='ocrx_word' id='word_1_281' title='bbox 455 2516 565 2555; x_wconf 65' lang='grc' dir='ltr'>ἱμάτια</span> <span class='ocrx_word' id='word_1_282' title='bbox 590 2514 727 2557; x_wconf 55' lang='grc' dir='ltr'>ἁλουργῆ</span> <span class='ocrx_word' id='word_1_283' title='bbox 753 2513 924 2554; x_wconf 67' lang='grc' dir='ltr'>ἆτι’ρῤυψε,</span> 
     </span>
     <span class='ocr_line' id='line_1_44' title="bbox 216 2558 924 2599; baseline -0.007 -7"><span class='ocrx_word' id='word_1_284' title='bbox 216 2561 351 2592; x_wconf 83' lang='lat' dir='ltr'>scilicet</span> <span class='ocrx_word' id='word_1_285' title='bbox 374 2571 416 2592; x_wconf 88' lang='lat' dir='ltr'>ne</span> <span class='ocrx_word' id='word_1_286' title='bbox 432 2559 478 2592; x_wconf 85' lang='lat' dir='ltr'>ab</span> <span class='ocrx_word' id='word_1_287' title='bbox 495 2558 652 2592; x_wconf 77' lang='lat' dir='ltr'>hostibus</span> <span class='ocrx_word' id='word_1_288' title='bbox 670 2563 924 2599; x_wconf 79' lang='lat' dir='ltr'>agnosceretur:</span> 
     </span>
     <span class='ocr_line' id='line_1_45' title="bbox 217 2601 926 2645; baseline -0.008 -8"><span class='ocrx_word' id='word_1_289' title='bbox 217 2611 252 2637; x_wconf 87' lang='lat' dir='ltr'>et</span> <span class='ocrx_word' id='word_1_290' title='bbox 266 2605 396 2637; x_wconf 84' lang='lat' dir='ltr'>Florius</span> <span class='ocrx_word' id='word_1_291' title='bbox 413 2607 446 2643; x_wconf 74' lang='lat'>4,</span> <span class='ocrx_word' id='word_1_292' title='bbox 463 2608 495 2642; x_wconf 78' lang='lat'>2,</span> <span class='ocrx_word' id='word_1_293' title='bbox 512 2606 552 2636; x_wconf 87' lang='grc'>59</span> <span class='ocrx_word' id='word_1_294' title='bbox 574 2602 849 2645; x_wconf 81' lang='lat' dir='ltr'>paludamentum</span> <span class='ocrx_word' id='word_1_295' title='bbox 865 2601 926 2632; x_wconf 82' lang='lat' dir='ltr'>ad-</span> 
     </span>
     <span class='ocr_line' id='line_1_46' title="bbox 218 2644 922 2692; baseline -0.009 -11"><span class='ocrx_word' id='word_1_296' title='bbox 218 2651 336 2692; x_wconf 85' lang='lat' dir='ltr'>pellat.</span> <span class='ocrx_word' id='word_1_297' title='bbox 380 2650 434 2682; x_wconf 76' lang='lat' dir='ltr'>Cf.</span> <span class='ocrx_word' id='word_1_298' title='bbox 460 2649 600 2680; x_wconf 86' lang='lat' dir='ltr'>Sueton.</span> <span class='ocrx_word' id='word_1_299' title='bbox 623 2647 695 2679; x_wconf 82' lang='lat' dir='ltr'>Jul.</span> <span class='ocrx_word' id='word_1_300' title='bbox 717 2647 769 2678; x_wconf 71' lang='lat'>64.</span> <span class='ocrx_word' id='word_1_301' title='bbox 785 2644 848 2676; x_wconf 81' lang='lat' dir='ltr'>etsi</span> <span class='ocrx_word' id='word_1_302' title='bbox 867 2645 922 2676; x_wconf 83' lang='lat' dir='ltr'>hie</span> 
     </span>
     <span class='ocr_line' id='line_1_47' title="bbox 221 2688 922 2736; baseline -0.011 -9"><span class='ocrx_word' id='word_1_303' title='bbox 221 2695 256 2727; x_wconf 88' lang='lat' dir='ltr'>in</span> <span class='ocrx_word' id='word_1_304' title='bbox 274 2705 307 2726; x_wconf 89' lang='lat' dir='ltr'>re</span> <span class='ocrx_word' id='word_1_305' title='bbox 325 2694 395 2736; x_wconf 83' lang='lat' dir='ltr'>ipsa</span> <span class='ocrx_word' id='word_1_306' title='bbox 421 2692 577 2726; x_wconf 83' lang='lat' dir='ltr'>dissentit</span> <span class='ocrx_word' id='word_1_307' title='bbox 598 2702 618 2724; x_wconf 80' lang='lat' dir='ltr'>a</span> <span class='ocrx_word' id='word_1_308' title='bbox 639 2689 771 2723; x_wconf 85' lang='lat' dir='ltr'>ceteris.</span> <span class='ocrx_word' id='word_1_309' title='bbox 798 2688 875 2721; x_wconf 78' lang='lat' dir='ltr'>Liv.</span> <span class='ocrx_word' id='word_1_310' title='bbox 891 2691 922 2727; x_wconf 81' lang='lat'>7,</span> 
     </span>
     <span class='ocr_line' id='line_1_48' title="bbox 220 2734 923 2780; baseline -0.006 -11"><span class='ocrx_word' id='word_1_311' title='bbox 220 2741 274 2772; x_wconf 80' lang='lat'>34.</span> <span class='ocrx_word' id='word_1_312' title='bbox 299 2739 499 2780; x_wconf 58' lang='lat' dir='ltr'>Imperator,</span> <span class='ocrx_word' id='word_1_313' title='bbox 519 2737 640 2779; x_wconf 68' lang='lat' dir='ltr'>sayulo</span> <span class='ocrx_word' id='word_1_314' title='bbox 669 2735 813 2778; x_wconf 67' lang='lat' dir='ltr'>yreyuli,</span> <span class='ocrx_word' id='word_1_315' title='bbox 838 2734 923 2774; x_wconf 87' lang='lat' dir='ltr'>(quo</span> 
     </span>
     <span class='ocr_line' id='line_1_49' title="bbox 218 2779 924 2826; baseline -0.011 -10"><span class='ocrx_word' id='word_1_316' title='bbox 218 2783 362 2826; x_wconf 76' lang='lat' dir='ltr'>gregarii</span> <span class='ocrx_word' id='word_1_317' title='bbox 389 2781 517 2813; x_wconf 81' lang='lat' dir='ltr'>milites</span> <span class='ocrx_word' id='word_1_318' title='bbox 537 2779 700 2818; x_wconf 62' lang='lat' dir='ltr'>utuntur)</span> <span class='ocrx_word' id='word_1_319' title='bbox 715 2781 868 2814; x_wconf 74' lang='lat' dir='ltr'>amictus,</span> <span class='ocrx_word' id='word_1_320' title='bbox 884 2788 924 2809; x_wconf 81' lang='lat' dir='ltr'>ne</span> 
     </span>
     <span class='ocr_line' id='line_1_50' title="bbox 217 2826 926 2861; baseline -0.014 0"><span class='ocrx_word' id='word_1_321' title='bbox 217 2830 335 2861; x_wconf 75' lang='lat' dir='ltr'>ducem</span> <span class='ocrx_word' id='word_1_322' title='bbox 356 2828 530 2859; x_wconf 59' lang='lat' dir='ltr'>circumire</span> <span class='ocrx_word' id='word_1_323' title='bbox 543 2826 646 2857; x_wconf 74' lang='lat' dir='ltr'>hostes</span> <span class='ocrx_word' id='word_1_324' title='bbox 661 2827 827 2860; x_wconf 76' lang='lat' dir='ltr'>notarent,</span> <span class='ocrx_word' id='word_1_325' title='bbox 852 2832 926 2853; x_wconf 83' lang='lat' dir='ltr'>om-</span> 
     </span>
     <span class='ocr_line' id='line_1_51' title="bbox 218 2868 920 2913; baseline -0.013 -8"><span class='ocrx_word' id='word_1_326' title='bbox 218 2875 283 2905; x_wconf 73' lang='lat' dir='ltr'>nia</span> <span class='ocrx_word' id='word_1_327' title='bbox 315 2872 535 2913; x_wconf 64' lang='lat' dir='ltr'>perlustrat-it.</span> <span class='ocrx_word' id='word_1_328' title='bbox 581 2868 668 2900; x_wconf 84' lang='lat' dir='ltr'>Cum</span> <span class='ocrx_word' id='word_1_329' title='bbox 707 2873 820 2899; x_wconf 86' lang='lat' dir='ltr'>autem</span> <span class='ocrx_word' id='word_1_330' title='bbox 854 2875 920 2897; x_wconf 75' lang='lat' dir='ltr'>non</span> 
     </span>
     <span class='ocr_line' id='line_1_52' title="bbox 221 2912 924 2958; baseline -0.01 -11"><span class='ocrx_word' id='word_1_331' title='bbox 221 2914 398 2958; x_wconf 85' lang='lat' dir='ltr'>proprium</span> <span class='ocrx_word' id='word_1_332' title='bbox 428 2914 555 2946; x_wconf 64' lang='lat' dir='ltr'>Caesari</span> <span class='ocrx_word' id='word_1_333' title='bbox 579 2912 690 2949; x_wconf 80' lang='lat' dir='ltr'>suerit,</span> <span class='ocrx_word' id='word_1_334' title='bbox 717 2917 845 2953; x_wconf 74' lang='lat' dir='ltr'>gestare</span> <span class='ocrx_word' id='word_1_335' title='bbox 862 2920 924 2951; x_wconf 82' lang='lat' dir='ltr'>pa-</span> 
     </span>
     <span class='ocr_line' id='line_1_53' title="bbox 217 2956 922 2997; baseline -0.01 -5"><span class='ocrx_word' id='word_1_336' title='bbox 217 2961 463 2995; x_wconf 77' lang='lat' dir='ltr'>ludamentum,</span> <span class='ocrx_word' id='word_1_337' title='bbox 479 2958 537 2990; x_wconf 78' lang='lat' dir='ltr'>sed</span> <span class='ocrx_word' id='word_1_338' title='bbox 551 2957 713 2991; x_wconf 88' lang='lat' dir='ltr'>omnibus</span> <span class='ocrx_word' id='word_1_339' title='bbox 738 2956 922 2997; x_wconf 78' lang='lat' dir='ltr'>imperato-</span> 
     </span>
     <span class='ocr_line' id='line_1_54' title="bbox 217 2998 921 3038; baseline -0.009 -1"><span class='ocrx_word' id='word_1_340' title='bbox 217 3004 311 3038; x_wconf 79' lang='lat' dir='ltr'>ribus</span> <span class='ocrx_word' id='word_1_341' title='bbox 337 3011 540 3036; x_wconf 85' lang='lat' dir='ltr'>commune:</span> <span class='ocrx_word' id='word_1_342' title='bbox 579 3001 705 3033; x_wconf 88' lang='lat' dir='ltr'>dudum</span> <span class='ocrx_word' id='word_1_343' title='bbox 747 2998 921 3033; x_wconf 75' lang='lat' dir='ltr'>existima-</span> 
     </span>
    </p>
   </div>
   <div class='ocr_carea' id='block_1_6' title="bbox 985 2070 1701 2119">
    <p class='ocr_par' dir='ltr' id='par_1_10' title="bbox 985 2070 1701 2119">
     <span class='ocr_line' id='line_1_55' title="bbox 985 2070 1701 2119; baseline -0.001 -17"><span class='ocrx_word' id='word_1_344' title='bbox 985 2070 1105 2112; x_wconf 77' lang='lat' dir='ltr'>nliquo</span> <span class='ocrx_word' id='word_1_345' title='bbox 1132 2070 1165 2101; x_wconf 91' lang='lat' dir='ltr'>in</span> <span class='ocrx_word' id='word_1_346' title='bbox 1195 2071 1346 2119; x_wconf 68' lang='lat' dir='ltr'>margine</span> <span class='ocrx_word' id='word_1_347' title='bbox 1374 2076 1487 2102; x_wconf 71' lang='lat' dir='ltr'>notata</span> <span class='ocrx_word' id='word_1_348' title='bbox 1507 2081 1592 2109; x_wconf 86' lang='lat' dir='ltr'>csse,</span> <span class='ocrx_word' id='word_1_349' title='bbox 1615 2070 1701 2102; x_wconf 79' lang='lat' dir='ltr'>etin</span> 
     </span>
    </p>
   </div>
   <div class='ocr_carea' id='block_1_7' title="bbox 988 2112 1703 3040">
    <p class='ocr_par' dir='ltr' id='par_1_11' title="bbox 991 2112 1702 2414">
     <span class='ocr_line' id='line_1_56' title="bbox 992 2112 1701 2156; baseline -0.001 -9"><span class='ocrx_word' id='word_1_350' title='bbox 992 2122 1119 2149; x_wconf 77' lang='lat' dir='ltr'>textum</span> <span class='ocrx_word' id='word_1_351' title='bbox 1137 2115 1450 2156; x_wconf 73' lang='lat' dir='ltr'>i111-eps1sse.cu1ne</span> <span class='ocrx_word' id='word_1_352' title='bbox 1462 2113 1550 2145; x_wconf 73' lang='lat' dir='ltr'>notis</span> <span class='ocrx_word' id='word_1_353' title='bbox 1571 2112 1701 2146; x_wconf 69' lang='lat' dir='ltr'>Biantii</span> 
     </span>
     <span class='ocr_line' id='line_1_57' title="bbox 991 2157 1700 2200; baseline -0.004 -8"><span class='ocrx_word' id='word_1_354' title='bbox 991 2168 1025 2192; x_wconf 80' lang='lat' dir='ltr'>et</span> <span class='ocrx_word' id='word_1_355' title='bbox 1043 2159 1173 2192; x_wconf 80' lang='lat' dir='ltr'>Davisii</span> <span class='ocrx_word' id='word_1_356' title='bbox 1189 2160 1231 2191; x_wconf 83' lang='lat' dir='ltr'>ad</span> <span class='ocrx_word' id='word_1_357' title='bbox 1246 2159 1279 2190; x_wconf 79' lang='lat' dir='ltr'>h.</span> <span class='ocrx_word' id='word_1_358' title='bbox 1297 2160 1321 2191; x_wconf 92' lang='lat' dir='ltr'>l.</span> <span class='ocrx_word' id='word_1_359' title='bbox 1339 2157 1506 2197; x_wconf 79' lang='lat' dir='ltr'>intellexi,</span> <span class='ocrx_word' id='word_1_360' title='bbox 1527 2158 1599 2200; x_wconf 87' lang='lat' dir='ltr'>jam</span> <span class='ocrx_word' id='word_1_361' title='bbox 1614 2157 1700 2200; x_wconf 84' lang='lat' dir='ltr'>Lip-</span> 
     </span>
     <span class='ocr_line' id='line_1_58' title="bbox 992 2201 1701 2243; baseline -0.003 -7"><span class='ocrx_word' id='word_1_362' title='bbox 992 2206 1080 2236; x_wconf 83' lang='lat' dir='ltr'>sium</span> <span class='ocrx_word' id='word_1_363' title='bbox 1099 2204 1147 2243; x_wconf 91' lang='lat' dir='ltr'>(in</span> <span class='ocrx_word' id='word_1_364' title='bbox 1165 2204 1327 2235; x_wconf 73' lang='lat' dir='ltr'>analectis</span> <span class='ocrx_word' id='word_1_365' title='bbox 1349 2204 1390 2235; x_wconf 85' lang='lat' dir='ltr'>nd</span> <span class='ocrx_word' id='word_1_366' title='bbox 1408 2203 1516 2234; x_wconf 83' lang='lat' dir='ltr'>libros</span> <span class='ocrx_word' id='word_1_367' title='bbox 1531 2204 1572 2233; x_wconf 89' lang='lat' dir='ltr'>de</span> <span class='ocrx_word' id='word_1_368' title='bbox 1599 2201 1701 2234; x_wconf 76' lang='lat' dir='ltr'>milit.</span> 
     </span>
     <span class='ocr_line' id='line_1_59' title="bbox 993 2245 1699 2289; baseline -0.006 -8"><span class='ocrx_word' id='word_1_369' title='bbox 993 2250 1097 2281; x_wconf 83' lang='lat' dir='ltr'>Rom.</span> <span class='ocrx_word' id='word_1_370' title='bbox 1114 2253 1146 2282; x_wconf 78' lang='lat'>9.</span> <span class='ocrx_word' id='word_1_371' title='bbox 1161 2250 1209 2279; x_wconf 75' lang='lat'>12.</span> <span class='ocrx_word' id='word_1_372' title='bbox 1225 2259 1302 2289; x_wconf 62' lang='lat' dir='ltr'>pag.</span> <span class='ocrx_word' id='word_1_373' title='bbox 1317 2249 1397 2286; x_wconf 76' lang='lat' dir='ltr'>xil)</span> <span class='ocrx_word' id='word_1_374' title='bbox 1409 2247 1496 2278; x_wconf 82' lang='lat' dir='ltr'>idem</span> <span class='ocrx_word' id='word_1_375' title='bbox 1513 2245 1699 2278; x_wconf 76' lang='lat' dir='ltr'>censuisse.</span> 
     </span>
     <span class='ocr_line' id='line_1_60' title="bbox 991 2289 1700 2334; baseline -0.007 -8"><span class='ocrx_word' id='word_1_376' title='bbox 991 2294 1077 2326; x_wconf 87' lang='lat' dir='ltr'>Nam</span> <span class='ocrx_word' id='word_1_377' title='bbox 1090 2293 1179 2334; x_wconf 85' lang='lat' dir='ltr'>quod</span> <span class='ocrx_word' id='word_1_378' title='bbox 1196 2291 1358 2323; x_wconf 80' lang='lat' dir='ltr'>Davisius</span> <span class='ocrx_word' id='word_1_379' title='bbox 1373 2290 1577 2332; x_wconf 81' lang='lat' dir='ltr'>suspicatur.</span> <span class='ocrx_word' id='word_1_380' title='bbox 1589 2289 1700 2322; x_wconf 73' lang='lat' dir='ltr'>Caesa-</span> 
     </span>
     <span class='ocr_line' id='line_1_61' title="bbox 992 2334 1698 2375; baseline -0.007 -5"><span class='ocrx_word' id='word_1_381' title='bbox 992 2349 1062 2370; x_wconf 80' lang='lat' dir='ltr'>rem</span> <span class='ocrx_word' id='word_1_382' title='bbox 1090 2337 1212 2369; x_wconf 84' lang='lat' dir='ltr'>vestitu</span> <span class='ocrx_word' id='word_1_383' title='bbox 1242 2335 1423 2375; x_wconf 67' lang='lat' dir='ltr'>singularis</span> <span class='ocrx_word' id='word_1_384' title='bbox 1450 2334 1577 2366; x_wconf 82' lang='lat' dir='ltr'>coloris</span> <span class='ocrx_word' id='word_1_385' title='bbox 1600 2345 1698 2366; x_wconf 78' lang='lat' dir='ltr'>usum</span> 
     </span>
     <span class='ocr_line' id='line_1_62' title="bbox 991 2379 1702 2414; baseline -0.004 0"><span class='ocrx_word' id='word_1_386' title='bbox 991 2394 1076 2414; x_wconf 80' lang='lat' dir='ltr'>csse.</span> <span class='ocrx_word' id='word_1_387' title='bbox 1094 2381 1126 2412; x_wconf 91' lang='lat' dir='ltr'>id</span> <span class='ocrx_word' id='word_1_388' title='bbox 1143 2381 1236 2412; x_wconf 88' lang='lat' dir='ltr'>nullo</span> <span class='ocrx_word' id='word_1_389' title='bbox 1252 2380 1368 2412; x_wconf 85' lang='lat' dir='ltr'>nititur</span> <span class='ocrx_word' id='word_1_390' title='bbox 1383 2380 1616 2411; x_wconf 77' lang='lat' dir='ltr'>fundamento.</span> <span class='ocrx_word' id='word_1_391' title='bbox 1650 2379 1702 2411; x_wconf 84' lang='lat' dir='ltr'>M.</span> 
     </span>
    </p>

    <p class='ocr_par' dir='ltr' id='par_1_12' title="bbox 1040 2424 1435 2458">
     <span class='ocr_line' id='line_1_63' title="bbox 1040 2424 1435 2458; baseline -0.008 0"><span class='ocrx_word' id='word_1_392' title='bbox 1040 2427 1206 2458; x_wconf 69' lang='lat' dir='ltr'>Dedit-ia.</span> <span class='ocrx_word' id='word_1_393' title='bbox 1221 2424 1280 2456; x_wconf 82' lang='lat' dir='ltr'>alii</span> <span class='ocrx_word' id='word_1_394' title='bbox 1295 2424 1435 2456; x_wconf 73' lang='lat' dir='ltr'>‹ledit-u.</span> 
     </span>
    </p>

    <p class='ocr_par' dir='ltr' id='par_1_13' title="bbox 1037 2468 1548 2511">
     <span class='ocr_line' id='line_1_64' title="bbox 1037 2468 1548 2511; baseline -0.004 -10"><span class='ocrx_word' id='word_1_395' title='bbox 1037 2471 1182 2511; x_wconf 55' lang='lat' dir='ltr'>Excipit.</span> <span class='ocrx_word' id='word_1_396' title='bbox 1196 2468 1258 2500; x_wconf 87' lang='lat' dir='ltr'>alii</span> <span class='ocrx_word' id='word_1_397' title='bbox 1276 2469 1365 2499; x_wconf 82' lang='lat' dir='ltr'>male</span> <span class='ocrx_word' id='word_1_398' title='bbox 1381 2469 1548 2510; x_wconf 61' lang='lat' dir='ltr'>ercipstur</span> 
     </span>
    </p>

    <p class='ocr_par' dir='ltr' id='par_1_14' title="bbox 988 2511 1703 2636">
     <span class='ocr_line' id='line_1_65' title="bbox 1040 2511 1703 2555; baseline -0.006 -9"><span class='ocrx_word' id='word_1_399' title='bbox 1040 2515 1177 2546; x_wconf 66' lang='lat' dir='ltr'>Emissis</span> <span class='ocrx_word' id='word_1_400' title='bbox 1201 2514 1290 2555; x_wconf 75' lang='lat' dir='ltr'>pilis.</span> <span class='ocrx_word' id='word_1_401' title='bbox 1334 2512 1445 2544; x_wconf 85' lang='lat' dir='ltr'>Codd.</span> <span class='ocrx_word' id='word_1_402' title='bbox 1472 2519 1506 2544; x_wconf 87' lang='lat' dir='ltr'>et</span> <span class='ocrx_word' id='word_1_403' title='bbox 1532 2511 1608 2544; x_wconf 84' lang='lat' dir='ltr'>edd.</span> <span class='ocrx_word' id='word_1_404' title='bbox 1631 2515 1703 2544; x_wconf 74' lang='lat' dir='ltr'>vet.</span> 
     </span>
     <span class='ocr_line' id='line_1_66' title="bbox 989 2554 1700 2597; baseline -0.004 -7"><span class='ocrx_word' id='word_1_405' title='bbox 989 2556 1078 2591; x_wconf 82' lang='lat' dir='ltr'>benc</span> <span class='ocrx_word' id='word_1_406' title='bbox 1113 2556 1161 2589; x_wconf 87' lang='lat' dir='ltr'>sic</span> <span class='ocrx_word' id='word_1_407' title='bbox 1201 2557 1339 2589; x_wconf 62' lang='lat' dir='ltr'>Gra-cus</span> <span class='ocrx_word' id='word_1_408' title='bbox 1375 2556 1517 2597; x_wconf 61' lang='grc' dir='ltr'><strong><em>ἁφιίνφις.</em></strong></span> <span class='ocrx_word' id='word_1_409' title='bbox 1586 2554 1700 2597; x_wconf 77' lang='lat' dir='ltr'>Vulgo</span> 
     </span>
     <span class='ocr_line' id='line_1_67' title="bbox 988 2600 1611 2636; baseline -0.008 0"><span class='ocrx_word' id='word_1_410' title='bbox 988 2604 1128 2636; x_wconf 69' lang='lat' dir='ltr'>omissis.</span> <span class='ocrx_word' id='word_1_411' title='bbox 1150 2601 1251 2634; x_wconf 86' lang='lat' dir='ltr'>Conf.</span> <span class='ocrx_word' id='word_1_412' title='bbox 1267 2601 1404 2633; x_wconf 80' lang='lat' dir='ltr'>Sallust·</span> <span class='ocrx_word' id='word_1_413' title='bbox 1433 2600 1539 2633; x_wconf 83' lang='lat' dir='ltr'>Catil.</span> <span class='ocrx_word' id='word_1_414' title='bbox 1555 2602 1611 2633; x_wconf 77' lang='lat'>60.</span> 
     </span>
    </p>

    <p class='ocr_par' dir='ltr' id='par_1_15' title="bbox 988 2644 1700 2775">
     <span class='ocr_line' id='line_1_68' title="bbox 1038 2644 1699 2678; baseline -0.003 0"><span class='ocrx_word' id='word_1_415' title='bbox 1038 2647 1265 2678; x_wconf 50' lang='lat' dir='ltr'>Lemovicum.</span> <span class='ocrx_word' id='word_1_416' title='bbox 1310 2645 1405 2677; x_wconf 80' lang='lat' dir='ltr'>Male</span> <span class='ocrx_word' id='word_1_417' title='bbox 1430 2644 1490 2677; x_wconf 82' lang='lat' dir='ltr'>alii</span> <span class='ocrx_word' id='word_1_418' title='bbox 1513 2645 1699 2677; x_wconf 78' lang='lat' dir='ltr'>Germano-</span> 
     </span>
     <span class='ocr_line' id='line_1_69' title="bbox 988 2686 1700 2731; baseline -0.006 -9"><span class='ocrx_word' id='word_1_419' title='bbox 988 2701 1081 2728; x_wconf 72' lang='lat' dir='ltr'>rum,</span> <span class='ocrx_word' id='word_1_420' title='bbox 1101 2692 1297 2727; x_wconf 79' lang='lat' dir='ltr'>Remorum,</span> <span class='ocrx_word' id='word_1_421' title='bbox 1316 2691 1551 2731; x_wconf 76' lang='lat' dir='ltr'>Sequanorum</span> <span class='ocrx_word' id='word_1_422' title='bbox 1568 2686 1700 2729; x_wconf 82' lang='lat' dir='ltr'>etquid</span> 
     </span>
     <span class='ocr_line' id='line_1_70' title="bbox 991 2731 1652 2775; baseline -0.008 -8"><span class='ocrx_word' id='word_1_423' title='bbox 991 2735 1079 2767; x_wconf 89' lang='lat' dir='ltr'>uon?</span> <span class='ocrx_word' id='word_1_424' title='bbox 1096 2734 1264 2775; x_wconf 81' lang='lat' dir='ltr'>Interpres</span> <span class='ocrx_word' id='word_1_425' title='bbox 1273 2734 1413 2766; x_wconf 73' lang='lat' dir='ltr'>Graecus</span> <span class='ocrx_word' id='word_1_426' title='bbox 1428 2734 1515 2765; x_wconf 85' lang='lat' dir='ltr'>bene</span> <span class='ocrx_word' id='word_1_427' title='bbox 1531 2731 1652 2763; x_wconf 76' lang='lat' dir='ltr'>habet.</span> 
     </span>
    </p>

    <p class='ocr_par' dir='ltr' id='par_1_16' title="bbox 990 2774 1699 2862">
     <span class='ocr_line' id='line_1_71' title="bbox 1037 2774 1699 2820; baseline -0.008 -10"><span class='ocrx_word' id='word_1_428' title='bbox 1037 2780 1156 2811; x_wconf 76' lang='lat' dir='ltr'>Essene</span> <span class='ocrx_word' id='word_1_429' title='bbox 1178 2779 1305 2820; x_wconf 67' lang='lat' dir='ltr'>defessi.</span> <span class='ocrx_word' id='word_1_430' title='bbox 1352 2778 1408 2810; x_wconf 87' lang='lat' dir='ltr'>Sic</span> <span class='ocrx_word' id='word_1_431' title='bbox 1440 2775 1564 2809; x_wconf 75' lang='lat' dir='ltr'>rectius</span> <span class='ocrx_word' id='word_1_432' title='bbox 1596 2774 1699 2807; x_wconf 89' lang='lat' dir='ltr'>codd.</span> 
     </span>
     <span class='ocr_line' id='line_1_72' title="bbox 990 2821 1478 2862; baseline -0.004 -8"><span class='ocrx_word' id='word_1_433' title='bbox 990 2828 1025 2854; x_wconf 88' lang='lat' dir='ltr'>et</span> <span class='ocrx_word' id='word_1_434' title='bbox 1041 2823 1116 2854; x_wconf 88' lang='lat' dir='ltr'>edd.</span> <span class='ocrx_word' id='word_1_435' title='bbox 1132 2829 1201 2854; x_wconf 81' lang='lat' dir='ltr'>vet·</span> <span class='ocrx_word' id='word_1_436' title='bbox 1249 2821 1478 2862; x_wconf 71' lang='lat' dir='ltr'>AliisuIssem.</span> 
     </span>
    </p>

    <p class='ocr_par' dir='ltr' id='par_1_17' title="bbox 990 2863 1701 3040">
     <span class='ocr_line' id='line_1_73' title="bbox 1042 2863 1699 2906; baseline -0.006 -8"><span class='ocrx_word' id='word_1_437' title='bbox 1042 2868 1286 2906; x_wconf 59' lang='lat' dir='ltr'>t&#39;er-cireqeaeortv</span> <span class='ocrx_word' id='word_1_438' title='bbox 1300 2867 1446 2899; x_wconf 70' lang='grc' dir='ltr'>(ἰριὶόίιιν.</span> <span class='ocrx_word' id='word_1_439' title='bbox 1485 2864 1606 2897; x_wconf 78' lang='lat' dir='ltr'>Narrat</span> <span class='ocrx_word' id='word_1_440' title='bbox 1629 2863 1699 2895; x_wconf 82' lang='lat' dir='ltr'>Dio</span> 
     </span>
     <span class='ocr_line' id='line_1_74' title="bbox 990 2906 1701 2949; baseline -0.006 -7"><span class='ocrx_word' id='word_1_441' title='bbox 990 2910 1130 2942; x_wconf 80' lang='lat' dir='ltr'>Cassius</span> <span class='ocrx_word' id='word_1_442' title='bbox 1152 2912 1224 2947; x_wconf 73' lang='lat'><strong>(40.</strong></span> <span class='ocrx_word' id='word_1_443' title='bbox 1254 2911 1326 2949; x_wconf 79' lang='lat'>41),</span> <span class='ocrx_word' id='word_1_444' title='bbox 1375 2906 1701 2949; x_wconf 77' lang='lat' dir='ltr'>Vercingetorigem,</span> 
     </span>
     <span class='ocr_line' id='line_1_75' title="bbox 990 2952 1699 2997; baseline -0.006 -11"><span class='ocrx_word' id='word_1_445' title='bbox 990 2956 1109 2986; x_wconf 79' lang='lat' dir='ltr'>fretum</span> <span class='ocrx_word' id='word_1_446' title='bbox 1129 2954 1270 2997; x_wconf 80' lang='lat' dir='ltr'>pristina</span> <span class='ocrx_word' id='word_1_447' title='bbox 1287 2954 1428 2986; x_wconf 74' lang='lat' dir='ltr'>Caesans</span> <span class='ocrx_word' id='word_1_448' title='bbox 1441 2952 1608 2989; x_wconf 71' lang='lat' dir='ltr'>amicitia,</span> <span class='ocrx_word' id='word_1_449' title='bbox 1634 2952 1699 2983; x_wconf 77' lang='lat' dir='ltr'>im-</span> 
     </span>
     <span class='ocr_line' id='line_1_76' title="bbox 990 2996 1697 3040; baseline -0.003 -9"><span class='ocrx_word' id='word_1_450' title='bbox 990 2999 1130 3040; x_wconf 75' lang='lat' dir='ltr'>proviso</span> <span class='ocrx_word' id='word_1_451' title='bbox 1169 2999 1215 3032; x_wconf 75' lang='lat' dir='ltr'>ad</span> <span class='ocrx_word' id='word_1_452' title='bbox 1249 2998 1430 3037; x_wconf 76' lang='lat' dir='ltr'>Caesarem,</span> <span class='ocrx_word' id='word_1_453' title='bbox 1469 2997 1503 3031; x_wconf 86' lang='lat' dir='ltr'>in</span> <span class='ocrx_word' id='word_1_454' title='bbox 1534 2996 1697 3030; x_wconf 74' lang='lat' dir='ltr'>tribunali</span> 
     </span>
    </p>
   </div>
  </div>
 </body>
</html>
