1946 3261
289 203 377 248 590
725 200 778 243 O.
810 197 840 242 J
844 196 980 242 UL11
1010 196 1297 243 CAESARIS

348 330 388 371 A
412 325 610 370 Solstitio
639 324 696 369 ad
725 324 935 369 Fidiculae
964 340 1161 369 occasum
1183 323 1264 369 VI.
1296 323 1393 369 Kal.
1415 325 1536 370 Junii
1558 325 1634 384 (al.
1657 324 1769 373 Julii

292 385 446 430 Caesari
477 385 613 427 Orion
644 384 852 427 exoritur.
920 384 1083 428 Paullo
1113 391 1236 442 post:
1265 383 1393 427 XIII.
1429 385 1528 429 Kal.
1559 387 1766 444 Augusti,

289 446 484 503 AEgypto
512 443 674 501 Aquila
708 443 868 486 occidit
906 443 1138 492 matutino,
1175 443 1421 486 Etesiarum
1455 461 1508 488 ue
1543 445 1768 504 prodromi

286 504 413 546 flatus
444 502 672 561 incipiunt,
703 501 824 560 quod
849 502 992 545 Caesar
1023 502 1076 544 X.
1113 502 1209 545 Kal.
1241 503 1397 546 sentire
1452 503 1598 546 taliam
1622 504 1767 548 existi-

286 562 433 604 mavit.
496 561 659 605 Paullo
685 568 811 619 post:
853 560 1018 617 Aquila
1047 560 1207 604 Atticae
1234 562 1449 604 matutino
1484 562 1643 607 occidit
1678 562 1762 606 III.
1830 569 1834 573 ’

289 621 385 663 Kal.
409 619 530 676 regia
550 619 592 663 in
615 629 789 679 pectore
812 618 966 662 Leonis
987 619 1114 664 stella
1141 621 1355 664 matutino
1379 621 1538 666 Caesari
1565 622 1767 681 inmergi·

285 679 509 723 tur.——-E.z·
530 677 653 724 Plin.
681 679 749 730 18,
772 677 828 721 28
849 677 955 735 (68).

795 823 880 867 DE
915 820 1253 869 SIDERIBUS

579 915 727 944 ETIAM
761 914 964 945 ALIQUID
1002 914 1240 944 POETICUM
1275 914 1459 943 EDIDIT.

289 1006 385 1048 SED
419 1019 496 1047 nec
521 1003 679 1062 aliquis
708 1017 827 1070 paene
860 1000 1117 1044 Latinorum
1146 1001 1201 1044 de
1239 1000 1318 1044 hac
1352 1009 1448 1044 arte
1482 1000 1768 1046 Institutionis

284 1065 418 1108 libros
437 1063 624 1122 scripsit,
645 1062 725 1104 nis1
743 1076 901 1120 paucos
918 1077 1065 1103 versus
1083 1061 1233 1103 Julius
1251 1061 1410 1111 Caesar,
1430 1069 1475 1104 et
1494 1060 1606 1119 ipsos
1624 1072 1767 1106 tamen
1791 1106 1809 1116 Ψ

285 1125 337 1167 de
374 1123 514 1165 alieno
553 1136 686 1180 opere
727 1119 1119 1166 mutuatus.-.Iul.
1154 1119 1373 1164 Fz'rmicus
1402 1119 1594 1164 Mataes.
1624 1121 1698 1166 lib.
1721 1123 1764 1166 2.
1803 1118 1809 1124 ’

285 1183 475 1226 ineunte.

344 1305 585 1348 Exsecutus
621 1310 687 1347 est
725 1302 854 1345 etiam
902 1302 1057 1345 horum
1109 1300 1294 1344 siderum
1342 1315 1569 1344 numerum
1612 1301 1764 1346 Graece

288 1366 466 1414 Aratus,
507 1370 638 1421 poeta
673 1360 992 1411 disertissimus,
1030 1360 1183 1403 Latine
1221 1375 1325 1404 vero
1368 1361 1527 1410 Caesar,
1561 1368 1605 1404 et
1637 1360 1770 1405 decus

284 1421 544 1480 eloquentiae
565 1420 750 1464 Tullius.
804 1419 891 1463 Sed
913 1419 956 1462 hi
976 1427 1144 1462 tantum
1167 1419 1337 1462 nomina
1353 1419 1543 1476 ipsorum
1562 1428 1607 1463 et
1629 1430 1768 1472 ortus,

284 1498 368 1525 non
402 1489 548 1524 autem
583 1480 940 1539 apotelesmatum
978 1478 1282 1521 auctoritatem
1316 1477 1569 1521 ediderunt:
1617 1479 1680 1522 ita
1717 1489 1769 1523 ut

283 1540 388 1584 mihi
420 1540 650 1583 videantur
683 1555 768 1582 non
801 1539 950 1596 aliqua
976 1537 1235 1596 Astrologiae
1266 1537 1455 1586 scientia,
1487 1537 1561 1580 sed
1594 1538 1771 1599 poetica

283 1599 428 1658 potius
448 1598 554 1642 elati
583 1598 770 1649 licentia,
801 1597 950 1642 docilis
972 1597 1177 1640 sermonis
1195 1596 1343 1640 studia
1365 1595 1766 1655 protulisse—lul.

285 1659 417 1703 Firm.
437 1656 482 1708 8,
504 1657 545 1701 5.

859 1781 1180 1824 POEMATA.

287 1881 528 1924 Rumon
559 1885 604 1925 et
623 1876 676 1920 de
696 1873 909 1932 Analogia
929 1873 1063 1917 libros
1083 1873 1193 1916 duos
1211 1882 1256 1915 et
1274 1873 1550 1916 Anticatones
1568 1870 1766 1921 totidem,

284 1957 333 1984 ac
352 1946 563 1998 praeterea
579 1936 760 1982 Poma,
780 1933 895 1990 quod
917 1933 1167 1976 inscribitur
1188 1932 1212 1974 I
1216 1939 1290 1974 ter.
1337 1933 1536 1981 Quorum
1554 1931 1769 1975 librorum

286 1999 450 2057 primos
470 1997 511 2039 in
534 1994 716 2038 transitu
741 1991 939 2050 Alpium,
960 2007 1096 2050 quum
1116 2007 1170 2033 ex
1187 1991 1388 2034 citeriore
1409 1990 1569 2039 Gallia,
1585 2005 1770 2034 conven-

287 2058 405 2100 tibus
438 2053 639 2114 peractis,
669 2050 725 2094 ad
754 2051 992 2094 exercitum
1015 2049 1200 2093 rediret:
1237 2059 1464 2107 sequentes
1493 2048 1577 2092 sub
1598 2057 1683 2092 tem

290 2114 542 2159 Mundensis
569 2111 712 2170 proelii
743 2110 869 2153 fecit:
904 2109 1194 2157 novissimum,
1227 2108 1330 2152 dum
1364 2109 1420 2151 ab
1443 2108 1579 2152 Urbe>
1601 2107 1643 2151 in
1716 2108 1769 2152 is·

287 2173 459 2234 pauiam
479 2171 731 2214 ulteriorem
750 2171 775 2196 ³¹⁶*
799 2168 891 2211 1111
913 2178 957 2212 et
978 2168 1058 2211 XX
1077 2167 1147 2211 die
1170 2166 1562 2226 pervenit—Suet.
1581 2180 1616 2210 c.
1635 2167 1707 2210 56.

347 2289 568 2332 Feruntur
600 2294 645 2328 et
665 2300 690 2326 a
714 2300 849 2342 puero
876 2293 921 2326 et
942 2284 998 2327 ab
1016 2283 1338 2327 adolescentulo
1359 2282 1552 2339 quaedam
1572 2281 1766 2342 scriptaz

286 2356 336 2393 ut
358 2347 532 2400 Laudes
552 2342 771 2393 Herculis,
795 2343 1006 2398 tragoedz'a
1027 2342 1217 2400 OEdz'pus
1237 2351 1319 2385 etc.
1351 2356 1458 2399 quos
1479 2356 1624 2385 omnes
1643 2341 1766 2386 libel·

287 2409 352 2453 los
373 2405 514 2452 vetuit
536 2405 762 2462 Augustus
783 2401 1251 2460 publicari.-—Sueton.
1275 2400 1377 2443 ibid.

348 2526 459 2570 Olus
478 2539 651 2582 quoque
667 2522 863 2565 silvestre
883 2529 948 2563 est
967 2521 1101 2564 trium
1119 2519 1339 2569 foliorum,
1363 2519 1418 2562 D.
1440 2519 1469 2563 J
1475 2519 1550 2563 ulii
1569 2518 1766 2563 carmini-

286 2589 368 2633 bus
422 2585 607 2643 raecipue
623 2581 814 2640 jocisque
832 2579 1092 2623 militaribus
1107 2579 1387 2622 celebratum.
1407 2578 1586 2622 alternis
1635 2578 1767 2637 uippe

287 2661 399 2691 vers¹
434 2661 484 2686 us
501 2641 840 2700 exprobravere,
857 2638 1040 2696 lapsana
1058 2655 1101 2680 se
1121 2637 1273 2681 vixisse
1288 2635 1407 2696 apud
1426 2636 1626 2696 Dyrrhac
1659 2636 1766 2686 ium,

289 2702 566 2764 praemiorum
604 2697 906 2758 parsimoniam
942 2697 1205 2740 cavillantes.
1268 2696 1348 2740 Est
1377 2705 1525 2740 autem
1562 2694 1609 2740 id
1641 2708 1766 2755 cyma

288 2759 690 2809 szlvestris.—-Pli7z.
716 2758 780 2805 1.9.
803 2757 830 2800 8
849 2755 953 2813 (41).

510 2905 531 2927 ⁸
556 2903 619 2937 vn
634 2909 668 2936 et
685 2902 752 2936 XX
767 2904 847 2945 leqit
859 2911 900 2936 ex
917 2900 1078 2937 Strabone
1091 2906 1122 2935 et
1139 2901 1285 2944 Appiam
1303 2899 1535 2936 casaubonum.
