1946 3261
641 181 761 227 LIB.
796 181 834 226 Ι.
897 181 1036 226 CAP.
1070 181 1261 226 59-62.
1587 179 1676 224 295

169 306 348 352 Iberum
363 306 621 367 adtingunt,
643 307 952 367 insequuntur.
1020 308 1139 352 Petit
1155 309 1212 352 ab
1234 307 1298 352 his
1320 307 1538 358 omnibus,
1558 313 1610 350 ut
1628 323 1673 352 se

168 367 387 411 frumento
416 368 597 427 juvent:
622 368 903 436 pollicentur
936 375 1089 425 atque,
1121 368 1322 411 omnibus
1354 367 1547 436 undique
1572 382 1673 410 con-

168 427 338 485 quisitis
365 428 589 485 jumentis,
621 427 665 470 111
686 435 829 471 castra
848 428 1102 494 deportant
1167 427 1344 470 Transit
1365 428 1498 471 etiam
1518 425 1674 471 cohors

170 485 296 529 111111·
284 487 538 545 gavonensis
559 487 612 529 ad
635 503 751 537 eum,
775 486 953 545 cognito
975 485 1166 528 civitatis
1187 486 1384 536 consilio,
1407 495 1453 530 et
1473 485 1598 546 signa
1618 502 1673 530 ex

168 523 355 588 statione
377 545 601 588 transfert.
647 546 814 604 Magna
836 546 1038 588 celeriter
1055 545 1341 588 commutatio
1365 561 1529 588 rerum.
1565 544 1671 589 Per-

169 604 284 647 fecto
324 612 477 663 ponte,
511 604 681 662 magnis
714 605 908 662 quinque
946 603 1200 647 civitatibus
1235 602 1292 645 ad
1320 604 1558 647 amicitiam
1595 604 1672 648 ad-

164 662 343 721 junctis,
381 641 612 720 expedita&
624 679 671 705 re
718 663 1022 713 frumentaria,
1057 663 1280 706 exstinctis
1321 663 1576 706 rumoribus
1615 663 1672 708 de

167 721 336 764 auxiliis
355 721 593 780 legionum,
616 738 714 780 quae
734 739 835 765 cum
860 721 1072 781 Pompeio
1090 737 1169 781 per
1190 721 1507 764 Mauritaniam
1522 722 1671 766 venire

166 780 445 831 dicebantur,
491 780 642 823 multae
683 781 1009 849 longinquiores
1049 782 1249 824 civitates
1278 781 1336 823 ab
1379 781 1567 824 Afranio
1596 781 1671 824 de-

166 839 354 883 sciscunt
369 847 415 882 et
434 839 616 882 Caesaris
636 840 871 883 amicitiam
892 851 1155 898 sequuntur

224 899 296 942 61.
332 899 507 949 Quibus
524 900 656 942 rebus
672 900 922 958 perterritis
946 900 1098 942 animis
1116 899 1484 950 adversariorum,
1506 899 1672 951 Caesar,

168 974 220 1001 ne
241 974 409 1017 semper
432 974 591 1017 magno
624 958 814 1002 circuitu
846 975 926 1018 pei
956 967 1135 1018 pontem
1168 959 1394 1026 equitatus
1428 967 1540 1002 esset
1571 959 1671 1002 mit-

167 1017 339 1068 tendus,
360 1026 512 1061 nactus
531 1017 735 1061 idoneum
760 1019 921 1069 locum,
953 1020 1083 1062 fossas
1106 1018 1271 1077 pedum
1291 1018 1477 1077 triginta
1494 1019 1539 1061 in
1573 1018 1671 1063 lati-

166 1077 361 1120 tudinem
384 1076 631 1136 complures
668 1077 812 1121 facere
845 1077 1050 1127 instituit,
1088 1078 1250 1136 quibus
1283 1087 1455 1138 partem
1477 1077 1672 1137 aliquam

169 1136 332 1180 Sicolis
369 1146 594 1180 aver-tenet
630 1137 883 1205 vadumque
920 1139 962 1180 in
1005 1154 1056 1180 eo
1098 1137 1273 1180 flumine
1315 1138 1519 1181 efficeret.
1587 1137 1671 1182 His

168 1212 288 1263 paene
310 1196 492 1247 effectis,
514 1212 724 1255 magnum
747 1197 790 1239 in
813 1197 1015 1240 timorem
1034 1196 1243 1240 Afranius
1268 1196 1555 1255 Petreiusque
1572 1213 1673 1257 per-

168 1255 366 1305 veniunt,
407 1271 460 1297 ne
492 1257 667 1298 omnino
689 1256 911 1299 frumento
936 1257 1202 1315 pabuloque,
1236 1256 1670 1306 intercluderentur;

166 1313 309 1382 quod„
323 1287 514 1358 iriultum
550 1315 696 1357 Caesa1
727 1315 926 1372 equitatu
962 1316 1151 1358 xalebat.
1217 1315 1374 1373 Itaque
1398 1315 1674 1360 constituunt

165 1373 245 1430 ipsi
284 1373 333 1417 115
371 1373 476 1415 10015
512 1373 720 1416 excedere
757 1383 802 1416 et
839 1375 882 1416 in
905 1375 1190 1417 Celtiberiam
1211 1375 1379 1418 bellum
1414 1375 1666 1419 transferre.

169 1432 289 1475 Huic
322 1433 506 1476 concilio
525 1433 855 1491 suffragabatur
876 1434 1006 1476 etiam
1038 1434 1113 1476 illa
1135 1449 1217 1483 reS‚
1255 1433 1376 1491 quod
1411 1449 1464 1476 ex
1496 1434 1671 1479 duobus

166 1491 394 1535 contlariis
427 1493 678 1559 generibus,
714 1508 811 1550 quae
843 1493 1068 1551 superiole
1105 1493 1225 1537 bello
1253 1508 1353 1535 cum
1388 1491 1440 1535 L.
1468 1493 1670 1539 Sertorio

165 1559 378 1594 steterant
420 1551 632 1600 civitates,
669 1551 794 1594 victae
832 1567 984 1595 nomen
1022 1561 1157 1609 atque
1200 1551 1436 1619 imperium
1477 1552 1671 1598 absentis

165 1610 408 1659 timebant;
444 1625 542 1668 quae
574 1611 615 1653 in
653 1620 843 1653 am1c1t1a
863 1620 1123 1660 in‘mselant
1163 1610 1358 1668 Pompeii
1393 1611 1559 1668 magnis
1591 1611 1668 1656 ad-

162 1669 287 1712 fectae
319 1669 537 1712 beneficiis
572 1686 673 1711 eum
708 1669 977 1728 diligebant.
1015 1669 1198 1714 Caesaris
1227 1677 1375 1713 autem
1405 1669 1447 1713 in
1471 1670 1670 1715 barbaris

163 1736 259 1772 erat
296 1743 451 1771 nomen
489 1729 732 1772 obsculius.
800 1729 917 1771 Hinc
956 1745 1135 1787 magnos
1165 1731 1389 1787 equitatus
1423 1745 1668 1790 magnaque

163 1787 323 1831 auxilia
360 1788 674 1855 exspectabant
705 1797 750 1831 et
786 1788 872 1831 suis
905 1788 1008 1832 locis
1040 1789 1208 1833 bellum
1239 1789 1282 1831 in
1303 1787 1488 1832 hiemem
1507 1788 1669 1834 ducere

164 1847 437 1915 cogitabant.
520 1847 620 1890 Hoc
658 1847 768 1891 inito
798 1848 994 1899 consilio,
1035 1857 1131 1892 toto
1166 1848 1343 1891 flumine
1376 1847 1509 1892 Ibero
1547 1850 1671 1893 navis

164 1907 426 1965 conquirere
448 1915 493 1950 et
515 1907 778 1965 Octogesam
800 1907 961 1950 adduci
992 1908 1168 1968 jubent.
1233 1907 1286 1951 Id
1320 1916 1416 1950 erat
1449 1907 1667 1977 oppidum

163 1967 357 2025 positum
379 1966 433 2009 ad
457 1966 653 2016 Iberum,
671 1967 878 2026 miliaque
902 1984 1106 2026 passuum
1128 1966 1316 2010 acastus
1327 1967 1481 2010 aberat
1493 1967 1666 2027 viginti.

166 2025 239 2068 Ad
269 2041 368 2067 eum
406 2026 549 2069 locum
588 2026 790 2077 fluminis,
830 2027 1015 2070 navibus
1047 2027 1224 2086 junctis,
1248 2035 1427 2083 pontem
1447 2035 1669 2085 lmperant

164 2083 272 2134 fieri,
294 2085 572 2142 legionesque
599 2085 707 2128 duas
727 2086 885 2129 flumen
912 2087 1095 2130 Sicoiim
1125 2085 1413 2130 nans-ducunt
1433 2096 1667 2146 castraque

166 2143 369 2186 muniunt
389 2144 508 2186 vallo
526 2144 691 2202 pedum
710 2145 953 2189 duodecim.

224 2203 294 2244 62.
330 2203 430 2253 Qua
450 2218 497 2245 re
522 2220 599 2262 per
632 2204 934 2262 exploratores
957 2204 1149 2263 cognita,
1183 2220 1350 2248 summo
1371 2204 1522 2249 labore
1556 2204 1667 2250 mili.

215 2326 372 2358 Celeriter
386 2326 462 2364 (eit)
472 2324 710 2356 commutatio.
736 2325 791 2357 Sic
808 2326 882 2356 edd.
951 2324 1059 2356 manis
1078 2325 1304 2364 adhaeserant,
1328 2325 1389 2359 alii
1416 2337 1494 2359 cum
1512 2327 1663 2360 Sertorio

169 2370 286 2413 vulgg.
313 2371 363 2401 M.
413 2369 565 2401 Verbum
581 2369 679 2401 abest
695 2380 715 2401 a
732 2370 831 2401 codd.
849 2378 881 2402 et
951 2375 1120 2401 steterant.

168 2415 246 2446 edd.
264 2419 333 2446 vet.
997 2416 1126 2447 Nomen
1158 2417 1316 2447 absentis.
1360 2414 1532 2457 Pompeii.
1570 2416 1660 2448 Flor.

216 2460 284 2491 Per
300 2458 567 2490 [Mauritaniam.
592 2457 691 2489 Conf.
709 2469 739 2489 c.
758 2461 811 2490 39.
830 2459 879 2490 M.
951 2462 982 2495 3,
998 2462 1029 2490 2.
1057 2461 1230 2492 Dat-L'sius.
1271 2460 1444 2492 Suadebat
1460 2459 1516 2491 hic
1535 2470 1658 2492 nomen

218 2503 502 2535 [almitudinem.
549 2502 756 2535 Discordant
777 2503 879 2534 codd.
951 2505 1101 2545 Pompeii
1127 2514 1146 2534 0
1170 2504 1259 2537 111103
1286 2515 1354 2546 seq.
1380 2505 1557 2536 transferre
1579 2510 1660 2545 post

170 2547 297 2578 Eorum
315 2546 414 2578 multi
430 2552 462 2577 et
477 2547 553 2578 edd.
579 2553 647 2577 vet.
665 2548 879 2580 latitudinem
949 2549 1105 2580 absentis.

170 2592 318 2630 habent;
344 2591 446 2632 vulgo
463 2590 669 2622 recentiores
684 2598 880 2632 receperant
992 2593 1138 2634 Maynos
1153 2596 1334 2632 equitatus.
1378 2593 1469 2623 Raro
1486 2590 1519 2622 in
1535 2592 1659 2634 plurali

167 2637 392 2669 altitwlinem„
405 2636 464 2666 sed
479 2634 609 2666 nimius
629 2635 658 2667 15
673 2635 773 2667 labor
788 2636 879 2667 futu·
946 2637 1105 2668 occurrit.
1162 2638 1203 2669 V.
1232 2643 1344 2669 tamen
1370 2637 1450 2669 Sall.
1492 2636 1572 2678 Jug.
1602 2640 1655 2670 46.

170 2691 226 2713 rus
243 2680 346 2712 fuisse
364 2680 510 2710 videtur.
947 2680 1034 2713 Flor.
1050 2684 1081 2719 3,
1102 2683 1151 2713 11.

215 2727 355 2758 Partem
365 2726 521 2766 aliquam
540 2725 672 2756 Sicoris.
699 2722 766 2755 Alii
780 2729 878 2765 parte
993 2727 1097 2758 Nat-ts
1120 2728 1325 2768 conquirere.
1374 2724 1529 2757 subaudi
1558 2726 1652 2758 mili-

164 2772 285 2812 aliqua
303 2771 457 2801 Sicorim.
943 2776 1005 2801 tes.
1046 2770 1136 2802 Alibi
1153 2781 1290 2812 quoque
1315 2781 1394 2801 cum
1411 2769 1582 2802 infinitivo
1597 2782 1656 2804 ac-

215 2815 287 2856 Ipsi
302 2816 343 2846 iis
357 2814 444 2845 locis.
468 2813 512 2844 al.
533 2815 621 2855 Ipsis.
671 2812 876 2845 Emendavit
942 2813 1013 2845 tivo
1031 2821 1064 2845 et
1084 2815 1219 2856 passivo
1234 2814 1334 2846 simul
1357 2814 1497 2846 struitur
1515 2815 1653 2857 jubere,

168 2858 259 2890 Oud.
941 2865 978 2891 ut
994 2860 1082 2901 apud
1098 2860 1271 2893 Lucanum
1289 2860 1319 2899 1,
1332 2862 1395 2892 589
1409 2865 1444 2892 et
1461 2860 1513 2899 10,
1530 2861 1607 2894 34⁷.

216 2904 400 2936 Contrariis
428 2913 505 2943 qen.
541 2912 683 2943 quorum
712 2901 772 2934 alii
808 2902 877 2933 Ro-
