1946 3261
582 236 698 279 LIB.
761 235 898 279 CAP.
931 237 1118 280 41—43.
1496 239 1579 282 449

103 361 268 420 recepit
303 368 348 404 et
387 361 596 405 defendit.
661 363 860 419 Namque
898 371 942 404 et
980 362 1153 405 castella
1194 362 1435 422 complura,
1477 364 1580 407 locis

103 420 227 462 editis
248 421 401 477 posita,
433 437 620 478 quorum
653 421 957 479 obportunitas
990 422 1241 465 castellanos
1263 422 1500 480 inpellebat
1521 423 1578 465 ad

100 478 371 521 decursiones
419 479 630 521 faciendas
677 488 720 521 et
771 479 932 521 bellum
982 479 1263 530 inferendum,
1315 482 1581 539 expugnavit

102 553 239 594 eaque
260 536 407 595 praeda
427 538 582 579 milites
602 538 801 579 donavit:
836 538 950 594 (quae
971 537 1049 578 etsi
1072 546 1164 580 erat
1183 538 1337 588 tenuis,
1370 549 1514 582 tamen
1534 542 1579 584 in

100 603 221 637 tanta
256 596 488 653 provinciae
518 595 813 652 desperatione
846 603 940 637 erat
974 604 1113 652 grata,
1154 597 1393 653 praesertim
1415 598 1581 642 virtute

100 656 269 710 parta2)
299 662 358 702 et,
392 669 525 711 quum
550 654 760 695 Octavius
789 670 842 696 ex
861 654 966 711 fuga
991 653 1223 696 Pharsalici
1253 656 1397 712 proelii
1424 673 1581 714 magna

101 712 229 754 classe
250 712 293 753 in
311 711 432 753 illum
453 728 495 753 se
517 711 655 753 sinum
676 712 942 761 contulisset,
965 712 1109 769 paucis
1131 713 1310 755 navibus
1340 713 1580 758 Iadertino-

100 785 211 818 rum,
250 784 437 826 quorum
466 786 635 828 semper
667 769 710 812 in
733 770 1065 829 Rempublicam
1086 771 1303 828 singulare
1325 772 1581 817 constiterat

99 828 299 876 officium,
335 827 536 886 dispersis
575 828 822 871 Octavianis
861 829 1040 871 navibus
1081 838 1174 870 erat
1211 829 1392 887 potituS,
1424 838 1474 872 ut
1507 833 1579 874 vel

97 885 226 927 classe
256 885 460 928 dimicare
491 896 650 944 posset,
688 887 899 945 adjunctis
935 887 1115 944 captivis
1138 888 1319 930 navibus
1349 889 1577 931 sociorum.

97 943 172 993 Et,
202 960 339 1002 quum
365 943 649 987 diversissima
671 954 795 1003 parte
818 946 935 988 orbis
958 954 1176 987 terrarum
1212 947 1293 988 Cn.
1322 946 1577 1004 Pompeium

100 1002 242 1044 Caesar
264 1002 404 1044 victor
421 1012 690 1060 sequeretur,
722 1004 1052 1062 compluresque
1082 1004 1346 1047 adversarios
1365 1005 1408 1047 in
1432 1005 1579 1065 Illyri-

95 1076 193 1102 cum
212 1069 394 1118 propter
414 1061 679 1105 Macedoniae
701 1063 1070 1120 propinquitatem
1091 1080 1149 1112 se,
1180 1063 1374 1120 reliquiis
1396 1080 1450 1106 ex
1470 1064 1579 1122 fuga

96 1118 314 1168 conlectis,
347 1119 573 1161 contulisse
605 1120 791 1170 audiret,
819 1121 986 1163 litteras
1003 1122 1056 1163 ad
1081 1121 1316 1164 Gabinium
1336 1122 1489 1172 mittit,
1512 1123 1579 1165 uti

95 1193 193 1219 cum
213 1177 454 1235 legionibus
476 1177 682 1227 tironum,
717 1195 811 1234 quae
840 1195 978 1236 nuper
1000 1188 1122 1222 erant
1147 1181 1415 1238 conscriptae,
1444 1181 1578 1238 profi-

95 1235 326 1278 cisceretur
348 1236 391 1277 in
415 1235 654 1293 Illyricum,
693 1238 1018 1295 conjunctisque
1046 1239 1178 1295 copiis
1214 1255 1312 1280 cum
1344 1239 1397 1288 Q.
1425 1240 1580 1282 Corni-

95 1294 207 1343 ficio,
244 1294 278 1335 si
310 1293 430 1350 quod
463 1294 707 1351 periculum
747 1296 977 1351 provinciae
1014 1297 1264 1346 inferretur,
1307 1297 1576 1354 depelleret:

95 1352 159 1394 sin
189 1368 238 1394 ea
267 1367 351 1394 non
384 1352 546 1409 magnis
582 1352 715 1409 copiis
748 1360 843 1393 tuta
877 1369 964 1394 esse
997 1363 1154 1410 posset,
1189 1355 1231 1396 in
1273 1355 1577 1399 Macedoniam

95 1410 283 1468 legiones
308 1409 567 1452 adduceret:
603 1425 770 1452 omnem
790 1410 902 1451 enim
921 1410 1036 1452 illam
1056 1422 1224 1468 partem
1249 1414 1574 1470 regionemque,

95 1469 196 1511 vivo
221 1469 301 1512 Cn.
325 1469 548 1526 Pompeio,
568 1468 733 1510 bellum
755 1468 1088 1510 instauraturam
1110 1486 1196 1512 esse
1218 1471 1438 1514 credebat.

151 1527 222 1569 43.
259 1526 487 1576 Gabinius,
515 1535 564 1568 ut
586 1527 628 1568 in
649 1525 871 1585 Illyricum
891 1527 1025 1575 venit,
1048 1526 1230 1570 hiberno
1264 1538 1456 1586 tempore
1473 1531 1575 1573 anni

96 1602 145 1628 ac
165 1585 344 1634 difficili,
365 1585 452 1627 sive
473 1584 752 1642 copiosiorem
775 1584 1042 1641 provinciam
1065 1586 1325 1635 existimans,
1356 1587 1442 1629 sive
1463 1590 1576 1631 mul—

94 1654 189 1685 tum
210 1644 393 1686 fortunae
415 1643 587 1686 victoris
612 1642 789 1684 Caesaris
809 1642 1017 1691 tribuens,
1041 1643 1127 1685 sive
1150 1644 1313 1687 virtute
1333 1654 1377 1686 et
1399 1646 1582 1690 seientia

94 1719 170 1744 sua
190 1702 386 1750 confisus,
424 1718 555 1759 quam
577 1718 686 1759 saepe
710 1702 751 1742 in
772 1701 896 1742 bellis
919 1701 1205 1759 periclitatus,
1240 1718 1416 1760 magnas
1439 1721 1505 1746 res
1528 1714 1573 1748 et

93 1760 299 1802 secundas
335 1760 474 1802 ductu
501 1759 779 1817 auspicioque
810 1775 888 1801 suo
924 1768 1126 1816 gesserat,
1166 1776 1306 1818 neque
1339 1763 1575 1819 provinciae

93 1819 374 1862 facultatibus
395 1818 722 1867 sublevabatur,
745 1834 839 1874 quae
863 1817 1023 1875 partim
1044 1827 1137 1860 erat
1161 1819 1390 1869 exinanita,
1411 1822 1575 1878 partim

94 1877 296 1926 infidelis;
330 1893 469 1934 neque
492 1877 687 1925 navibus,
711 1876 941 1918 intercluso
962 1876 1069 1918 mari
1092 1878 1437 1934 tempestatibus,
1460 1896 1575 1922 com-

93 1944 257 1978 meatus
275 1936 527 1993 subportari
541 1944 735 1993 poterat;
765 1935 1014 1992 magnisque
1033 1934 1362 1978 difficultatibus
1378 1946 1571 1988 coactus,

95 2010 179 2036 non
200 2002 251 2036 ut
273 1994 462 2043 volebat,
493 1995 566 2036 sed
587 2003 637 2035 ut
657 2009 824 2036 necesse
844 2002 955 2042 erat,
995 1993 1157 2036 bellum
1180 1994 1384 2051 gerebat:
1419 2012 1577 2053 quum-

93 2068 180 2110 que
211 2052 444 2094 durissimis
482 2052 808 2109 tempestatibus
845 2059 1028 2109 propter
1066 2052 1251 2109 inopiam
1290 2054 1466 2095 castella
1495 2062 1574 2096 aut

97 2109 259 2168 oppida
294 2125 546 2167 expugnare
577 2119 821 2168 cogeretur,
845 2111 999 2152 crebro
1020 2110 1284 2153 incommoda
1305 2111 1573 2169 accipiebat;

94 2170 288 2224 adeoque
305 2178 368 2210 est
387 2183 412 2209 a
431 2168 624 2210 barbaris
646 2177 899 2217 contemtus,
921 2177 987 2216 ut,
1009 2168 1212 2210 Salonam
1233 2185 1274 2210 se
1298 2170 1508 2227 recipiens
1530 2171 1574 2213 in

95 2227 307 2285 oppidum
328 2226 623 2275 maritumum,
658 2227 773 2283 quod
800 2226 911 2268 cives
939 2226 1120 2268 Romani
1142 2227 1359 2269 fortissimi
1387 2228 1577 2271 fidelissi-

95 2286 239 2342 mique
260 2285 521 2332 incolebant,
538 2285 581 2327 in
598 2285 766 2342 agmine
783 2284 985 2326 dimicare
1001 2285 1055 2326 sit
1073 2297 1258 2327 coactus.
1295 2286 1394 2334 Quo
1415 2288 1574 2345 proelio

94 2343 265 2386 duobus
284 2344 454 2387 milibus
474 2344 662 2386 militum
682 2342 866 2400 amplius
893 2342 1066 2393 amissis,
1098 2344 1438 2388 centurionibus
1465 2346 1573 2388 duo-

146 2471 331 2501 Provinciae
344 2470 540 2512 desperatio,
553 2468 744 2510 desperatio
760 2468 802 2499 de

101 2514 221 2545 alendo
236 2513 397 2551 exercitu,
423 2524 522 2554 quam
539 2513 707 2544 efficiebat
724 2523 802 2553 pro-

100 2557 222 2588 vinciae
239 2557 376 2588 vastitas
392 2564 424 2588 et
439 2557 607 2588 sterilitas.
635 2558 683 2587 M.

149 2604 258 2635 Quam
285 2617 329 2623 --
353 2602 570 2642 per-lelitalus.
618 2599 696 2630 Vid.
730 2599 800 2629 Iud.

103 2645 222 2675 elai-ke
239 2644 321 2675 citra
337 2644 569 2675 necessitatem
585 2655 603 2674 e.
615 2643 714 2674 codd.
726 2643 802 2683 qui-

103 2688 243 2719 busdam
260 2688 351 2718 dedit
366 2699 445 2729 qua.
471 2687 539 2718 Alii
554 2688 688 2728 quibus·

149 2733 377 2772 Auspicioque.
414 2731 521 2761 Codd.
536 2741 696 2771 ausuque.
744 2731 802 2760 Ast

104 2774 240 2816 Lipsius
264 2774 406 2815 margini
429 2774 554 2805 adlevit
580 2775 802 2814 auspicioque,

103 2818 144 2848 de
157 2829 224 2859 quo
243 2829 272 2850 v,
291 2819 399 2859 ipsum
418 2819 458 2848 de
476 2817 546 2848 mil.
574 2818 675 2848 Rom.
703 2821 734 2854 ⁶2,
752 2819 798 2847 12.

104 2862 195 2892 ldem
224 2862 344 2903 probat
372 2862 482 2892 Bentl.
514 2861 602 2892 idem
630 2860 716 2891 Oud.
742 2860 800 2901 qui

104 2910 215 2937 tamen
232 2906 322 2947 vulg.
339 2905 495 2938 servavit.
520 2904 724 2937 Emendatio
740 2905 802 2936 du-

871 2466 927 2498 bia
945 2479 1015 2499 csse
1030 2467 1158 2509 nequit.
1172 2468 1298 2499 Notum
1311 2475 1372 2508 est,
1387 2480 1405 2500 a
1422 2470 1571 2501 Gabinio

871 2512 1031 2542 Procons.
1059 2512 1163 2552 Syriae
1192 2513 1412 2545 Ptolemaeum
1439 2514 1473 2545 in
1499 2515 1572 2545 Re-

867 2565 968 2595 gnum
987 2566 1059 2586 esse
1074 2557 1261 2586 reductum.

915 2601 1025 2633 Quam
1041 2600 1238 2630 ‹lm-issimis.
1277 2599 1343 2630 Hic
1361 2599 1481 2641 incipit
1496 2600 1571 2633 alia

868 2643 1040 2684 periodus,
1059 2644 1146 2673 unde
1170 2643 1372 2684 legendum:
1397 2655 1570 2685 quumque

867 2687 990 2717 ‹lut-iss.
1015 2688 1065 2717 M.
1090 2687 1183 2717 Bene
1198 2686 1375 2717 monitum.
1402 2686 1568 2719 Observat

867 2736 900 2760 et
915 2729 1082 2761 Jurinius.

914 2775 1049 2805 Crebro.
1075 2773 1129 2804 Sic
1147 2774 1246 2804 codd.
1260 2772 1316 2803 alii
1333 2773 1457 2806 crebra.

914 2819 957 2849 In
975 2820 1120 2859 afflne'ne,
1139 2816 1225 2847 inter
1239 2817 1395 2857 eundem,
1406 2819 1486 2850 dum
1503 2818 1568 2851 iter

867 2861 1013 2894 faciebat
1028 2870 1161 2902 agmen.
1185 2862 1236 2892 M.

1321 2950 1394 2983 2G
