1946 3261
588 171 706 215 LIB.
739 172 798 215 V.
862 172 1002 218 CAP.
1038 172 1229 217 18—225
1563 174 1642 219 111

218 295 290 339 20.
325 295 847 349 Interim›Trinobantes,
878 313 1018 362 prope
1046 297 1289 342 firmissima
1326 314 1476 345 earum
1507 298 1650 346 reo-io-

162 368 266 403 num
288 355 455 407 civitas‚
489 372 542 403 ex
564 373 651 416 qua
671 356 1012 404 Mandubratius
1034 357 1294 408 adolescens,
1320 358 1499 404 Caesaris
1519 357 1546 400 fi
1579 374 1646 401 em

159 422 348 465 secutus,
371 416 425 459 ad
446 432 545 459 eum
563 416 606 459 in
627 417 918 463 continentem
942 414 1133 458 Galliam
1152 426 1344 467 venerat,
1363 417 1505 476 (cujus
1519 425 1646 476 pater

162 471 458 519 Imanuentius
481 475 525 518 in
545 491 594 520 ea
615 476 792 522 civitate
825 490 1008 535 regnum
1029 473 1282 519 obtinuerat
1304 476 1647 535 interfectusque

159 542 253 575 erat
275 550 300 576 a
325 534 671 584 Cassivellaun03
705 535 717 577 i
754 552 796 578 se
816 536 922 594 fuga
943 542 1128 576 mortem
1150 533 1386 591 vitaverat)
1405 535 1572 593 legatos
1592 534 1648 579 ad

163 591 377 639 Caesarem
414 592 598 637 mittunt
634 593 709 651 pol
731 594 1003 652 icenturque,
1045 608 1134 635 sese
1170 592 1210 634 ei
1248 593 1472 636 dedituros
1513 603 1647 652 atque

159 650 372 709 imperata
405 650 622 697 facturos:
677 662 852 710 petunt,
892 662 944 695 ut
986 650 1355 698 Mandubratium
1392 651 1448 694 ab
1490 653 1648 711 injuria

164 708 475 757 Cassivellauni
501 709 706 754 defendat
733 721 867 772 atque
900 712 942 755 in
964 711 1186 755 civitatem
1206 709 1370 760 mittat,
1393 709 1470 768 qui
1502 712 1649 768 praesit

159 767 480 828 imperiumque
516 768 728 812 obtineat.
818 771 900 813 His
945 770 1089 814 Caesar
1132 769 1318 826 imperat
1359 768 1527 813 obsides
1566 769 1647 812 XL

143 823 517 886 'frumentumque
563 827 776 871 exercitui
812 827 1266 885 Mandubratiumque
1303 828 1358 870 ad
1395 843 1466 870 eos
1493 828 1647 871 mittit.

160 883 233 928 Illi
255 886 468 945 imperata
487 882 687 930 celeriter
710 886 924 938 fecerunt,
946 885 1116 930 obsides
1134 886 1189 929 ad
1211 901 1439 931 numerum
1461 887 1652 931 frumen-

157 952 290 1002 taque
308 945 532 988 miserunt.

216 1003 287 1045 21.
323 1001 670 1046 Trinobantibus
690 1001 873 1046 defensis
901 1010 1037 1061 atque
1057 1003 1114 1047 ab
1145 1003 1260 1046 omni
1282 1003 1471 1046 militum
1493 1003 1652 1063 injuria

159 1060 410 1121 prohibitis,
437 1061 709 1120 Cenimagni,
734 1061 1001 1120 Segontiaci,
1027 1062 1266 1112 Ancalites,
1292 1062 1487 1113 Bibroci,
1513 1064 1650 1116 Cassi,

156 1121 451 1180 legationibus
485 1120 621 1165 missis
652 1137 740 1164 sese
772 1120 932 1166 Caesari
965 1120 1144 1165 dedunt.
1210 1121 1284 1164 Ab
1318 1121 1384 1164 his
1411 1124 1650 1181 cognoscit,

157 1195 243 1224 non
283 1180 412 1239 longe
434 1196 486 1225 ex
520 1196 572 1223 eo
606 1179 703 1224 loco
735 1180 950 1240 oppidum
990 1180 1304 1224 Cassivellauni
1337 1180 1500 1231 abesse,
1533 1182 1652 1225 silvis

159 1239 482 1302 paludibusque
502 1239 736 1290 munitum,
770 1256 859 1300 quo
882 1240 984 1283 satis
1005 1256 1186 1299 magnus
1218 1239 1440 1286 hominum
1465 1241 1651 1300 pecoris-

159 1315 244 1357 que
258 1314 461 1342 numerus
480 1299 744 1345 convenerit.
808 1299 1058 1358 (Oppidum
1075 1308 1222 1343 autem
1254 1299 1457 1342 Britanni
1476 1310 1649 1352 vocant,

160 1373 297 1416 quum
321 1357 448 1400 silvas
470 1358 685 1416 inpeditas
707 1357 824 1403 vallo
845 1368 979 1415 atque
1013 1359 1124 1401 fossa
1157 1358 1424 1408 munierunt,
1460 1376 1549 1417 quo
1587 1360 1648 1403 in-

158 1417 367 1460 cursionis
389 1415 578 1460 hostium
600 1416 787 1460 vitandae
807 1433 954 1460 caussa
975 1416 1204 1460 convenire
1225 1421 1527 1476 consuerunt.)
1582 1419 1647 1464 Eo

160 1475 454 1535 proficiscitur
476 1492 575 1519 cum
608 1475 877 1533 legionibus:
912 1475 1057 1519 locum
1090 1476 1255 1534 reperit
1284 1476 1460 1534 egregie
1493 1485 1649 1521 natura

159 1544 292 1593 atque
314 1551 447 1593 opere
475 1534 720 1583 munitum;
753 1543 897 1577 tamen
927 1533 1042 1578 hunc
1062 1535 1232 1578 duabus
1253 1551 1305 1578 ex
1336 1535 1538 1592 partibus
1572 1537 1648 1579 ob-

157 1608 356 1653 pugnare
406 1592 644 1636 contendit.
726 1592 903 1642 Hostes,
948 1593 1190 1652 paullisper
1239 1594 1415 1642 morati‚
1456 1595 1646 1638 militum

155 1661 406 1701 nostrorum
427 1652 627 1711 inpetum
650 1666 736 1695 non
755 1651 954 1695 tulerunt
975 1668 1151 1709 seseque
1171 1651 1255 1694 alia
1277 1668 1330 1694 ex
1349 1660 1475 1710 parte
1492 1654 1647 1713 oppidi

153 1712 388 1772 ejecerunt.
454 1711 645 1769 Magnus
678 1711 740 1753 ibi
775 1727 980 1754 numerus
1002 1710 1171 1770 pecoris
1191 1720 1409 1770 repertus,
1431 1712 1648 1771 multique

157 1768 201 1816 in
220 1771 326 1829 fuga
348 1778 452 1814 sunt
472 1769 772 1829 comprehensi
789 1780 923 1828 atque
944 1770 1179 1814 interfecti,

210 1830 282 1872 22.
317 1830 438 1874 Dum
471 1829 559 1873 haec
596 1830 640 1873 in
675 1829 740 1873 his
779 1829 883 1874 locis
921 1839 1154 1890 geruntur,
1200 1830 1548 1875 Cassivellaunus
1589 1831 1644 1874 ad

157 1889 380 1940 Cantium,
415 1889 535 1947 quod
557 1905 644 1932 esse
677 1888 732 1933 ad
762 1905 879 1933 mare
900 1905 1035 1949 supra
1055 1890 1459 1939 demonstravimus,
1490 1890 1649 1947 quibus

157 1949 411 2008 regionibus
445 1957 639 2008 quatuor
673 1965 796 2008 reges
836 1958 1069 2009 praeerant,
1095 1949 1370 2008 Cingetorix,
1408 1949 1645 1999 Carvilius,

202 2096 477 2130 Mandubracius.
522 2094 666 2126 Orosius
683 2096 715 2132 6,
725 2096 758 2125 8.
774 2093 808 2125 id
825 2094 868 2126 de
936 2094 1058 2135 graph.
1076 2105 1110 2136 p.
1127 2095 1202 2126 328.
1249 2095 1313 2126 Sed
1339 2099 1415 2126 sunt
1440 2105 1542 2126 merae
1565 2104 1646 2126 con-

159 2139 371 2182 Androgorio
396 2138 509 2177 refert,
535 2150 635 2179 quem
652 2138 869 2170 Cambdenus
933 2139 1084 2180 jecturae.
1114 2139 1164 2169 M.
1210 2138 1325 2176 Quum
1353 2139 1492 2171 Graecus
1521 2139 1647 2171 habeat

161 2185 376 2226 Androgeum
391 2187 491 2214 vocat
507 2182 538 2213 in
554 2182 725 2213 Britannia
738 2194 772 2223 p.
789 2184 867 2213 998.
938 2183 1099 2221 Κενιμαναὶ,
1120 2182 1263 2214 Vossius
1279 2193 1344 2214 non
1362 2183 1449 2214 male
1464 2183 1645 2224 legendum

159 2229 370 2270 eundemque
394 2238 470 2258 cum
489 2226 733 2258 Mandubratio
759 2232 868 2268 putat·
937 2232 1035 2268 putat
1067 2228 1264 2264 Cenomani,
1304 2238 1324 2258 e
1354 2227 1464 2259 Gallia
1504 2227 1580 2259 scil.
1611 2226 1643 2257 in

160 2272 313 2304 Dubium
330 2272 364 2303 id
383 2271 509 2303 Vossio
525 2270 669 2302 videtur.
935 2270 1141 2302 Britanniam
1158 2270 1466 2312 translati,Lipsius
1478 2272 1520 2302 ad
1534 2271 1646 2310 Tacit,

208 2317 252 2348 In
267 2319 487 2350 continentem
508 2316 668 2348 Galliam.
699 2313 790 2345 Hinc
808 2324 866 2346 ex·
940 2317 990 2353 19,
1007 2317 1059 2346 39.
1075 2315 1158 2356 legit
1170 2316 1276 2355 Iceni,
1291 2317 1414 2358 C'anyi.
1430 2315 1645 2346 Cambdenus

159 2360 367 2404 plicandum,
389 2359 471 2402 quid
487 2360 520 2391 in
539 2360 601 2391 hac
617 2358 807 2391 narratione
825 2359 868 2390 sit

159 2404 244 2436 alibi
265 2407 358 2446 (cap.
375 2408 429 2436 22.
445 2404 516 2444 23.)
530 2406 711 2445 continens.
750 2402 865 2434 Etiam

161 2459 261 2490 supra
273 2460 304 2480 c.
320 2452 352 2480 8.
372 2451 422 2480 ll.
437 2454 471 2480 et
487 2451 519 2486 4,
536 2451 589 2481 38.
622 2447 768 2479 Galliam
786 2447 867 2478 sim-

163 2492 297 2535 pliciter
311 2493 399 2524 dixit
412 2495 644 2525 continentem.
668 2492 713 2522 Et
727 2492 866 2523 fortasse

161 2539 195 2569 h.
214 2538 237 2569 l.
281 2538 433 2570 Galliam
444 2535 747 2578 explicandieausa
763 2535 868 2567 intru-

162 2593 235 2613 sum
261 2587 323 2620 est,
353 2586 388 2612 ut
418 2581 532 2623 plures
563 2580 762 2621 interpretes
791 2591 866 2611 mo-

158 2631 314 2658 nuerunt.
339 2626 389 2657 M.
433 2626 498 2657 Sed
514 2630 607 2657 amat
628 2624 740 2656 Caesar
765 2625 866 2666 plene

158 2671 193 2702 lo
219 2669 266 2702 ui*

195 2681 454 2747 quanuentius.
496 2712 628 2745 Nomen
643 2713 709 2744 hoc
725 2723 744 2744 e
765 2714 867 2745 codd.

159 2760 284 2795 exulat,
299 2759 356 2790 sed
371 2757 508 2789 Graecus
523 2757 640 2788 habet.

210 2801 652 2844 Cenimaqni—Opiniones
708 2810 867 2843 quorum·

161 2847 240 2880 dam
256 2848 298 2879 de
313 2845 508 2878 nominibus
532 2852 566 2877 et
592 2844 731 2877 sedibus
747 2846 868 2878 horum

164 2893 368 2935 populorum
383 2890 534 2933 collegit,
546 2895 624 2932 post
633 2889 868 2922 Cambdenum

159 2934 194 2969 in
207 2935 395 2977 Britannia,
423 2934 590 2972 Cellarius
615 2933 649 2968 in
665 2944 769 2980 opere
784 2945 869 2979 geo-

938 2359 1044 2397 Icem‘,
1064 2360 1185 2401 Requi.

982 2403 1134 2436 Dedant.
1167 2402 1235 2435 Alii
1253 2403 1469 2435 dediderunt.

981 2449 1153 2490 Oppidum
1185 2449 1444 2480 Cassivellauni.
1489 2448 1583 2478 Beda
1612 2445 1647 2478 id

938 2493 1183 2524 cassibellaum
1201 2498 1313 2523 vocat.

983 2537 1156 2578 Oppidum
1166 2536 1453 2567 vocant—Strabo
1469 2537 1502 2565 4.
1519 2546 1552 2576 p.
1569 2537 1646 2566 200.

937 2580 1040 2615 Πόλεις
1052 2586 1074 2610 Β
1093 2580 1217 2611 svn-miii·
1234 2580 1300 2610 εἰσὶν
1312 2580 1336 2610 οἱ
1348 2578 1455 2622 δρυμοί·
1473 2579 1649 2622 ‘memigm-

935 2638 982 2659 τις
1001 2626 1061 2669 γὰρ
1088 2622 1186 2668 ένδςεσι
1203 2623 1473 2662 καταβεβλημένος
1499 2624 1648 2666 εὐρυχωρῆ

937 2669 1057 2708 κύκλον,
1089 2670 1142 2699 καὶ
1171 2669 1256 2699 αὐτοὶ
1295 2668 1427 2698 ἐνταῦθα
1462 2671 1648 2703 καλυβοποι-

933 2715 1040 2749 omer-ou,
1073 2714 1126 2743 καὶ
1159 2716 1201 2743 τὰ
1239 2713 1421 2751 βοσκήματα
1461 2712 1649 2742 κατατιθ-

935 2757 1074 2798 pedonum,
1098 2757 1128 2787 οὺ
1144 2757 1212 2800 πρὶς
1237 2756 1328 2787 πολὺν
1359 2755 1471 2799 χςόναν.
1515 2756 1648 2787 Locum

937 2803 1007 2845 jam
1020 2803 1257 2832 Hotomannus
1272 2799 1446 2831 indicarat.
1470 2801 1521 2831 M.

985 2847 1111 2877 Locum
1140 2847 1276 2886 reperit.
1337 2844 1446 2876 Codd.
1485 2843 1647 2877 Dorvillii

939 2892 1066 2924 lucum.

984 2936 1114 2978 Supra.
1137 2932 1209 2967 vid.
1226 2943 1258 2967 c.
1277 2934 1329 2967 13.
1350 2933 1402 2966 M.
