1946 3261
212 228 301 271 414
668 226 752 269 DE
785 225 988 271 BELLO
1020 222 1234 267 CIVILI.

216 396 220 397 ⁷
278 353 372 396 106.
407 351 565 401 Caesar,
588 367 747 419 paucos
767 351 931 395 diesin
953 352 1058 394 Asia
1078 359 1289 402 moratus,
1329 366 1465 410 quum
1501 353 1690 407 audisset

215 409 472 468 Pompeium
512 410 650 470 Cypri
690 411 843 462 visum,
878 412 1160 477 conjectans,
1182 427 1281 453 eum
1325 411 1570 470 AEgyptum
1605 412 1690 456 iter

213 470 386 521 habere,
426 477 608 535 propter
639 469 963 513 necessitudines
1003 469 1147 528 Regni
1180 469 1459 527 reliquasque
1488 486 1579 528 ejus
1607 470 1691 514 loci

214 529 354 594 obpor
358 528 582 578 tunitates,
621 545 719 571 cum
752 529 1010 587 legionibus,
1033 545 1133 580 una,
1166 545 1296 586 quam
1325 546 1378 571 ex
1402 519 1620 572 Thessalia
1649 546 1692 572 se

213 586 333 643 sequi
351 595 552 644 ]usser,at
584 596 629 629 et
660 566 820 638 altera,
837 604 967 654 quam
987 603 1040 630 ex
1063 587 1229 630 Achaia
1250 604 1275 629 a
1299 587 1353 637 Q.
1381 586 1505 630 Fufio
1525 588 1587 630 Le
1619 597 1693 631 ato

214 653 492 696 evocaverat,
515 645 822 713 equitibusque
840 646 1097 704 octingentis
1125 654 1171 689 et
1197 645 1382 689 navibus
1413 646 1553 713 longis
1619 646 1694 690 ho-

214 702 294 744 diis
315 703 464 746 decem
483 713 527 747 et
550 704 750 747 Asiaticis
771 721 918 762 paneis
939 705 1246 748 Alexandriam
1280 705 1495 763 pervenit.
1560 705 1611 748 In
1631 704 1695 748 his

216 770 340 804 erant
365 762 608 820 legionibus
626 763 847 806 hominum
865 773 951 806 t11a
971 764 1091 806 milia
1111 764 1218 812 CC;
1251 764 1420 822 reliqui,
1443 763 1696 807 vulneribus

216 837 269 862 ex
291 822 456 888 proeliis
477 831 522 864 et
546 823 695 865 labore
729 839 780 866 ac
813 822 1110 880 magnitudine
1152 823 1317 865 itineris
1355 822 1555 876 confecti,
1594 838 1694 866 con-

215 880 337 936 sequi
372 895 458 923 non
491 890 739 938 potuerant.
819 882 908 924 Sed
949 881 1110 931 Caesar,
1153 880 1334 924 confisus
1384 881 1500 923 fama
1549 896 1694 924 rerum

212 946 447 995 gestarum,
492 940 668 982 infirmis
700 940 867 982 auxiliis
898 940 1108 999 proficisci
1137 956 1223 983 non
1250 939 1532 983 dubitaverat
1560 948 1694 997 atque

213 1013 382 1040 omnem
414 998 492 1041 sibi
534 998 679 1041 locum
725 1007 872 1042 tutum
916 1000 1007 1042 fore
1050 999 1337 1042 existimabat.
1416 997 1693 1041 Alexandriae

211 1054 268 1097 de
318 1056 511 1132 Pompeii
547 1066 688 1100 morte
725 1059 976 1115 cognoscit:
1031 1068 1164 1115 atque
1206 1058 1268 1100 ibi
1304 1058 1495 1115 primum
1530 1073 1553 1099 e
1591 1057 1692 1099 navi

213 1115 437 1171 egrediens
478 1115 713 1158 clamorem
749 1117 933 1159 militum
969 1116 1108 1166 audit,
1161 1132 1269 1173 quos
1311 1117 1407 1158 Rex
1443 1117 1486 1158 in
1527 1115 1692 1174 oppido

212 1173 400 1230 praesidii
433 1189 580 1216 caussa
613 1175 866 1232 reliquer‚at
905 1184 949 1218 et
991 1191 1248 1218 concursum
1277 1175 1331 1217 ad
1361 1192 1401 1217 se
1432 1174 1526 1216 fieri
1557 1174 1692 1224 videt,

211 1232 329 1289 quod
377 1232 510 1273 fasces
557 1234 895 1275 antefe11··.entu1
960 1234 1008 1277 In
1052 1234 1132 1276 hoc
1175 1234 1310 1276 omnis
1340 1232 1576 1275 multitudo
1605 1248 1692 1275 ma-

205 1290 407 1347 Jestatem
439 1289 623 1348 Regiam
654 1292 788 1333 minui
826 1292 1104 1349 praedicabat.
1170 1292 1267 1334 Hoc
1299 1292 1446 1334 sedato
1478 1291 1691 1341 tumultu,

210 1349 374 1391 crebrae
402 1349 615 1391 continuis
646 1350 800 1391 diebus
833 1366 887 1392 ex
919 1366 1128 1393 concursu
1168 1349 1466 1392 multitudinis
1505 1350 1692 1392 concita-

208 1407 345 1449 tiones
386 1406 564 1456 fiebant,
614 1408 941 1465 compluresque
978 1409 1135 1451 milites
1183 1408 1308 1466 hujus
1343 1408 1460 1452 urbis
1497 1408 1693 1452 omnibus

208 1466 406 1522 partibus
425 1466 780 1509 interficiebatur.

274 1524 366 1566 107.
414 1524 584 1573 Quibus
624 1526 753 1568 rebus
790 1525 1110 1575 animadversis,
1155 1525 1347 1584 legiones
1380 1524 1461 1567 sibi
1499 1525 1601 1567 alias
1638 1542 1692 1568 ex

209 1582 313 1625 Asia
344 1582 503 1625 adduci
522 1583 662 1641 ]ussit,
684 1600 789 1641 quas
808 1601 860 1626 ex
884 1583 1157 1642 Pompeianis
1181 1585 1392 1627 militibus
1414 1583 1689 1626 confecerat:

207 1641 300 1699 ipse
333 1641 447 1683 enim
477 1643 712 1684 necessario
747 1643 885 1684 etesiis
918 1644 1166 1692 tenebatur,
1192 1644 1267 1701 qui
1289 1641 1555 1685 Alexandria
1576 1642 1692 1685 navi-

209 1700 415 1756 gantibus
465 1709 565 1742 sunt
603 1700 887 1743 adversissimi
928 1702 1064 1744 venti.
1147 1701 1329 1744 Interim
1376 1700 1690 1744 controversias

207 1758 383 1815 Regum
418 1757 473 1800 ad
510 1759 727 1825 Populum
764 1759 1006 1802 Romanum
1044 1768 1088 1802 et
1120 1761 1176 1803 ad
1208 1776 1266 1809 se,
1301 1758 1421 1816 quod
1443 1766 1551 1801 esset
1576 1758 1687 1801 Con-

207 1816 290 1866 sul,
326 1817 547 1875 pertinere
575 1817 834 1869 existimans,
875 1827 1006 1876 atque
1043 1835 1094 1861 eo
1135 1818 1266 1876 magis
1303 1817 1443 1861 officio
1476 1832 1553 1860 suo
1591 1833 1688 1861 con-

205 1952 293 1984 faeta
309 1963 394 1984 esse.
435 1952 536 1990 Quod
553 1952 614 1984 ctsi
630 1963 748 1984 verum
763 1959 812 1985 est
830 1966 838 1984 ι
864 1960 912 1985 ta·
1029 1954 1242 1996 Levioraibus.
1311 1955 1365 1987 Al.
1415 1955 1685 1995 leqi0nariomm‚

205 2008 295 2035 men,
318 1997 346 2029 si
374 1997 486 2029 Caesar
512 1998 579 2028 hoc
607 1997 783 2035 voluisset,
807 1997 911 2038 scrip-

206 2042 304 2072 sisset
333 2047 436 2073 enata
464 2052 480 2071 e
503 2043 575 2073 tecte·
602 2044 806 2082 pavimento,
846 2052 912 2072 non

205 2091 317 2116 autem
329 2090 427 2116 enata
441 2087 476 2115 ’ἰη
491 2090 567 2116 tecto
587 2096 626 2115 θα·
644 2087 843 2125 parimento,
863 2085 913 2116 in-

206 2128 355 2170 terjectis
369 2129 469 2159 etiam
486 2128 691 2169 quibusdam
705 2129 815 2160 vorbis
829 2129 913 2160 inter

206 2182 259 2210 ea,
282 2183 358 2213 quae
383 2172 502 2202 divelli
529 2173 708 2211 cogitando
738 2183 803 2204 non
838 2184 914 2213 pos-

207 2221 292 2247 sunt.
332 2217 381 2246 M.
419 2216 559 2246 Temere
579 2215 715 2247 Ursinus
740 2227 803 2247 una
829 2228 912 2248 voce

205 2263 322 2291 ‘inlecto
341 2259 453 2299 legere
467 2260 641 2290 suadebat.
687 2260 785 2298 Quod
803 2262 914 2302 sequi-

206 2310 260 2334 tur
277 2305 432 2335 emstitisse
455 2302 624 2343 significat
650 2305 854 2346 adparuisse.
880 2316 913 2336 v.

209 2348 281 2378 Ind.

254 2393 296 2422 In
328 2392 419 2423 Asia.
470 2391 534 2422 Per
560 2391 645 2422 hanc
675 2391 915 2423 commoratio-

206 2445 281 2466 nem
322 2433 456 2466 Cnidiis
494 2434 689 2466 libertatem
736 2436 913 2470 concessit,

206 2490 274 2520 qua
293 2479 392 2520 paulo
409 2484 486 2510 ante
509 2478 692 2510 Thessalos
719 2479 750 2510 111
779 2481 914 2520 Europa

206 2524 398 2554 donaverat.
430 2522 605 2554 Plutarch.
634 2523 666 2554 in
691 2523 780 2555 Caes.
805 2535 835 2554 c.
860 2527 913 2555 48.

204 2568 254 2598 M.

253 2611 442 2652 AEyyptam
472 2613 536 2642 iter
560 2611 692 2642 habere.
735 2610 789 2641 Sic
814 2612 912 2642 codd.

206 2655 386 2696 subpressa
402 2655 658 2696 praepositione.
686 2654 796 2695 Vulgo
819 2655 913 2686 addi-

204 2705 266 2730 tur.

252 2743 514 2774 Necessitudines
541 2744 660 2783 Reym'.
701 2742 786 2773 Cum
814 2748 904 2783 patre

204 2785 309 2826 Regis
318 2787 372 2827 jus
384 2786 524 2827 hospitii
535 2785 719 2828 Pompeius
731 2786 906 2818 habuerat.

205 2830 258 2860 Cf.
275 2832 397 2861 c.103.
422 2832 473 2860 M.

250 2875 275 2904 A
294 2875 332 2907 Q.
352 2875 460 2914 Fufio.

203 2915 283 2950 iecit
300 2916 388 2949 Oud.

493 2875 690 2907 Praenomen
705 2885 725 2906 e
739 2874 905 2906 001111.αά-

984 1999 1076 2039 quod
1096 1999 1205 2038 pl‘icct
1225 1998 1359 2036 Vossio,
1376 2004 1513 2030 temere.

1029 2044 1080 2073 De
1095 2044 1244 2082 Pompeii
1261 2048 1377 2073 mor-u.
1413 2042 1520 2083 Cujus
1537 2047 1688 2083 caputet

983 2086 1138 2123 annulus,
1156 2086 1253 2117 leon(
1269 2097 1385 2117 ensem
1400 2091 1533 2117 tenente
1548 2085 1688 2128 insigni-

981 2135 1046 2163 tus
1061 2130 1135 2161 (faes
1121 2130 1187 2161 <ari
1214 2129 1258 2160 ab
1285 2130 1407 2162 aulicis
1430 2130 1606 2161 Ptolemaei
1623 2130 1688 2162 ob-

982 2173 1050 2204 lata
1085 2180 1173 2211 sunt,
1204 2185 1348 2214 quorum
1385 2174 1547 2214 adspectu
1588 2173 1687 2205 lacri-

981 2228 1089 2249 masse.
1121 2217 1270 2249 dicitur:
1319 2218 1491 2249 Plutarch.
1529 2219 1684 2258 Pompei.

981 2272 1058 2302 cap.
1082 2264 1134 2292 80.
1159 2261 1245 2293 Caes.
1271 2273 1301 2293 c.
1326 2265 1379 2293 48.
1426 2263 1587 2293 Praeterea
1618 2261 1684 2293 Dio

981 2305 1077 2336 Cass.
1094 2307 1148 2343 42,
1182 2308 1218 2336 18
1243 2306 1351 2343 refert,
1382 2306 1500 2337 Romae
1521 2315 1586 2336 non
1603 2310 1682 2336 ante

980 2349 1144 2380 creditum
1159 2360 1232 2380 esse
1246 2350 1287 2381 de
1302 2359 1383 2380 nece
1397 2348 1567 2390 Pompeii,
1579 2359 1682 2389 quam

979 2393 1051 2433 ejus
1066 2394 1208 2424 annulus
1223 2404 1263 2424 eo
1287 2393 1389 2424 fuerit
1413 2394 1557 2424 adlatus‘
1581 2403 1684 2433 quem

984 2437 1147 2468 annulum
1176 2436 1258 2468 dicit
1289 2437 1352 2468 tria
1376 2436 1685 2478 tropaeainsculpta

983 2480 1142 2512 habuisse
1157 2492 1164 2510 :
1189 2481 1230 2511 de
1245 2492 1313 2521 quo
1332 2481 1454 2512 Dionis
1469 2487 1502 2512 et
1514 2479 1684 2512 Plutarchi

983 2524 1133 2555 dissensu
1151 2524 1303 2557 laborare
1316 2525 1512 2564 velle‚foret
1526 2523 1686 2566 temporis

982 2568 1114 2600 inutilis
1127 2568 1269 2609 jactura.
1309 2570 1359 2600 M.

1028 2614 1180 2644 Conci-oc.
1214 2614 1325 2652 Reffl's,
1349 2612 1455 2653 Regis
1469 2611 1511 2644 Οἱ
1533 2611 1678 2652 Cleopa-

980 2662 1050 2689 trae.
1069 2655 1204 2687 sororis.
1221 2656 1290 2687 vid.
1305 2666 1336 2686 c.
1359 2658 1430 2688 103.
1455 2654 1509 2688 Sic
1527 2657 1564 2687 Β.
1580 2656 1678 2687 Alex.

981 2702 1034 2730 33.
1053 2699 1125 2729 Liv.
1148 2702 1175 2730 l.
1195 2701 1246 2730 39.
1268 2702 1365 2731 ewciti
1387 2701 1504 2739 Reqes,
1523 2700 1546 2731 i.
1561 2710 1591 2731 e.
1609 2699 1681 2729 Rex

980 2750 1010 2774 et
1035 2743 1191 2784 Regina:
1233 2743 1291 2774 ubi
1323 2755 1354 2774 v.
1385 2743 1534 2775 Gronov.
1550 2747 1583 2773 et
1600 2742 1682 2773 Dra-

973 2787 1161 2818 kenborch.
1173 2787 1225 2818 Cf.
1237 2787 1381 2819 Bentlei.
1391 2788 1433 2818 ad
1443 2788 1559 2818 Horat.
1573 2785 1680 2817 Serui.

977 2833 1143 2868 1,1,100.
1167 2832 1216 2862 M.

1019 2875 1190 2906 Pertinere
1206 2877 1410 2907 emisti-mans.
1453 2872 1523 2904 Alii
1547 2871 1682 2913 judica-

974 2924 1060 2958 runt,
1086 2918 1251 2952 Caesarem
1279 2929 1345 2951 non
1366 2915 1591 2950 necessarium
1618 2916 1683 2948 hoc
