1946 3261
193 173 278 218 666
820 161 1024 212 INDEX

198 348 454 379 Sacramentum
477 346 529 374 est
554 339 790 382 jusjurandum
809 337 901 368 mili-

239 395 321 421 tare.
366 388 455 418 Hinc
479 389 688 417 sacramento
713 383 833 414 milites
847 392 902 412 ro-

237 442 335 475 yare,
358 431 442 468 sive,
466 435 503 459 ut
516 433 568 459 est
583 427 675 469 apud
685 426 837 463 Festum,
851 426 904 455 in-

241 482 422 514 terroqare,
447 471 614 513 significat
629 480 760 511 rogare,
787 477 829 500 an
845 471 904 498 've-

240 519 302 550 lint
329 515 431 559 jurati
456 524 579 547 nomen
604 514 682 545 dare
698 512 843 550 militiae,
872 513 904 550 6,

246 565 276 593 1.
293 561 371 592 Liv.
390 563 442 598 32,
461 561 515 598 26,
535 562 587 590 35.
606 562 636 596 2,
652 559 706 595 40,
722 557 776 587 26.
815 554 903 586 Hinc

242 603 342 637 miles
357 604 435 635 dicit
447 607 709 638 sacramentum,
737 600 775 631 C.
809 601 835 638 l,
850 601 904 629 23.

241 652 300 680 aut
327 647 529 685 (secundum
555 645 659 684 alios)
688 645 768 675 dicit
791 652 907 674 sacra·

242 696 363 729 mento,
386 690 425 721 C.
457 693 484 728 l,
501 691 555 721 86.
585 689 622 720 h.
651 699 683 719 e.
709 685 908 726 interposito

241 738 451 767 sacramento
464 733 560 771 dicit,
575 743 610 763 se
624 741 698 762 esse
714 730 802 761 velle
819 727 911 759 mili-

243 784 323 816 tem,
339 788 397 809 seu
414 787 483 809 uno
499 776 619 812 verbo,
632 776 723 817 ju1at

202 823 380 865 Sayulum,
393 831 522 863 sagum,
533 824 565 857 5,
576 823 628 849 42.
662 817 910 848 Vestimentum

243 865 402 903 militare,
466 864 557 905 quod
594 860 718 893 ceteris
755 860 910 893 vestibus

245 908 553 951 superinduebatur

201 954 333 991 Salum,
349 962 452 989 mare,
466 950 520 982 Af.
537 951 591 989 46,
607 950 648 980 62

202 998 353 1033 Sancire,
374 994 506 1026 munire
522 1004 604 1031 rem,
633 992 687 1024 vel
705 991 814 1033 poenis
829 1000 909 1021 con-

242 1038 432 1078 stituendis,
445 1037 721 1079 veljurisjurandi
733 1034 910 1075 religione,

245 1089 282 1115 ut
298 1088 368 1115 rata
382 1082 436 1120 sit,
450 1091 470 1112 a
481 1080 616 1112 nemine
633 1084 793 1117 mutetur,
814 1081 841 1116 l,
857 1079 910 1108 30.

243 1131 399 1158 sanctum
421 1123 623 1164 (sancitum)
653 1123 800 1165 legibus,
818 1123 849 1160 6,
868 1122 908 1152 20

203 1171 354 1207 δαηὶἰαε,
369 1178 449 1201 sana
466 1178 571 1205 mens,
592 1170 618 1198 1.
635 1169 675 1197 42

201 1216 358 1250 Sara-ina,
372 1212 425 1243 Cf.
440 1213 512 1243 sub.
526 1213 910 1251 Sarcinavviajumenta,

245 1258 283 1288 C.
306 1259 333 1294 1,
349 1259 402 1287 81.
425 1257 571 1286 sarcina?
587 1255 770 1295 legionum,
793 1252 850 1284 As.
867 1255 907 1284 69

203 1303 377 1340 Saaeaqere,
394 1299 479 1331 bene
497 1298 640 1329 multum
658 1297 810 1329 laborare
827 1297 861 1328 in
876 1307 909 1328 re

244 1342 390 1381 difficili,
406 1342 460 1373 Af.
473 1344 515 1372 78

204 1387 401 1428 Sati-ffacere
418 1387 532 1424 alicui,
557 1395 718 1416 excusare
746 1394 781 1415 se
803 1383 910 1419 alteri,

250 1433 277 1469 l,
292 1432 345 1461 41.
387 1433 418 1467 5,
445 1432 498 1460 54.
537 1438 577 1459 ea
625 1429 672 1460 uti
701 1427 912 1466 defensione,

243 1484 311 1515 qua
327 1474 410 1504 alter
425 1471 626 1513 adquiescit,
650 1473 690 1503 A.
709 1473 762 1502 69.
777 1471 820 1501 H.
839 1474 880 1502 22

204 1517 392 1558 ιςαιίεῙαοιτό
422 1522 474 1548 est
504 1526 634 1554 eorum,
663 1515 724 1556 qui
750 1514 801 1546 sni
832 1525 912 1555 pur-

242 1559 345 1602 gandi
366 1570 468 1591 causa
491 1559 620 1600 legatos
636 1559 806 1593 miserant.
831 1560 862 1596 6,
878 1560 911 1589 9.

241 1604 501 1645 satisfactionem
511 1606 670 1645 accipere,
692 1602 910 1634 excusatione

242 1646 473 1688 adquiescere,
496 1650 522 1685 1,
540 1649 578 1677 41

203 1693 338 1732 Scapha
352 1694 461 1729 navis,
475 1691 538 1722 das
557 1691 650 1728 Boot,
672 1691 702 1728 4,
718 1691 758 1720 26

200 1736 315 1766 Scelus
329 1737 496 1776 concipere
509 1737 545 1765 in
558 1744 604 1772 se,
619 1734 659 1765 C.
684 1736 709 1772 1,
723 1736 763 1764 74

200 1779 355 1811 Scindere
392 1779 533 1815 vallum,
570 1777 679 1809 vallos
715 1775 846 1819 aggeri,
884 1786 909 1806 s.

240 1822 332 1853 vallo
361 1821 482 1852 infixos
507 1821 683 1858 revellere,
708 1826 745 1852 ut
771 1819 826 1851 via
851 1829 912 1860 pa-

247 1870 329 1902 teat,
345 1867 377 1903 3,
395 1869 425 1895 5.
452 1869 483 1903 5,
498 1867 534 1895 51

207 1910 389 1945 Scindulae‚
415 1911 449 1946 8,
464 1911 516 1939 42.
534 1912 607 1939 sunt
624 1906 759 1938 tabellae
776 1906 912 1947 ligneae,

245 1951 374 1994 quibus
388 1957 477 1983 tecta
498 1950 622 1983 aedium
638 1951 745 1982 solent
770 1949 838 1990 tegi
863 1950 910 1988 (e.

247 2006 291 2033 c.,
322 1996 512 2034 Schindeln,
543 1993 714 2036 spiilme).
745 1992 912 2025 Sel-ibitur

248 2039 349 2070 etiam
364 2039 538 2070 scandulae

207 2084 331 2124 Scopoe,
353 2083 408 2113 Af.
431 2084 472 2113 :17

206 2128 352 2167 Scorpio,
366 2126 523 2156 machina
546 2123 684 2161 bellica,
713 2126 812 2161 7‚‹25.
859 2123 913 2155 Af.

251 2171 304 2208 29,
319 2170 372 2200 31.
394 2171 518 2211 scorpio
544 2173 622 2200 ante
645 2173 756 2199 castra
775 2170 914 2210 positus.

209 2257 337 2294 Scrob&
357 2256 466 2293 fovea,
478 2256 509 2293 7,
525 2256 566 2286 73

210 2301 363 2338 Scutula,
376 2300 416 2331 C.
435 2301 465 2337 3,
479 2301 533 2330 40.

210 2345 360 2381 Sculum,
393 2344 466 2385 ejus
494 2340 658 2373 formandi
683 2340 782 2379 ratio,
808 2344 841 2379 2,
859 2344 912 2373 33.

251 2388 324 2429 ejus
337 2391 543 2427 tegumenta,
567 2389 598 2423 2,
614 2388 653 2416 21

211 2433 325 2470 Sectio,
343 2434 374 2468 2,
389 2433 440 2468 33,
456 2429 499 2461 cf.
512 2440 639 2461 corona

211 2476 352 2506 Seclura
380 2475 519 2511 φναν-ἔα,
557 2473 598 2504 de
629 2471 757 2505 metalli
786 2472 915 2512 fodina,

252 2520 284 2557 3,
299 2519 335 2548 21

211 2562 444 2599 Seczmdanus,
473 2561 628 2592 secundae
646 2559 788 2601 legionis
804 2560 916 2600 miles,

211 2649 428 2681 Secundiores
438 2658 502 2688 res,
522 2651 550 2688 l,
571 2650 620 2680 14.
634 2648 809 2681 secundius
826 2659 917 2690 proe-

254 2694 350 2728 lium,
365 2696 396 2730 2,
413 2695 432 2724 9

213 2737 404 2769 Secundum
422 2735 546 2778 (pone)
565 2736 692 2768 radices
706 2737 837 2773 montis,
865 2735 919 2767 Af.

255 2781 310 2814 41.
340 2786 373 2812 et
387 2785 447 2812 sec.
461 2781 540 2813 licus
554 2779 640 2813 ibid.
669 2782 697 2818 1,
712 2782 742 2812 7.
758 2789 820 2813 sec.
841 2780 918 2823 flu-

1010 301 1101 329 men,
1125 289 1168 321 ad
1198 289 1293 330 ripas
1324 287 1474 320 fluminis
1505 289 1572 325 (an
1600 286 1677 319 dem

1018 335 1095 375 Ufer
1121 335 1198 370 ltin)
1227 337 1260 371 2,
1281 334 1332 364 18.
1356 334 1388 369 7,
1403 335 1457 363 34.
1482 342 1546 362 sec.
1574 334 1683 369 mare,

1013 378 1051 409 C.
1084 380 1115 415 3,
1146 379 1199 409 65.
1227 387 1286 408 am
1299 376 1411 415 stleevje
1437 377 1520 407 hin.-
1556 378 1592 405 ut
1620 383 1684 418 seq.

1014 427 1112 453 oram
1126 423 1353 458 maritimam,
1375 418 1430 450 Af.
1446 421 1478 457 3,
1499 415 1682 450 secundum

1013 476 1064 503 ea,
1083 470 1157 505 post
1179 475 1231 502 ea,
1251 465 1279 502 l,
1298 464 1338 495 33
1654 502 1658 504 ‚

973 509 1155 545 Secundus,
1177 509 1315 549 flumen
1339 506 1525 539 secundam
1551 509 1681 546 oppon.

1015 552 1169 589 adverso,
1183 553 1214 589 7,
1233 552 1285 588 58,
1298 552 1339 581 60

974 596 1148 632 Seducere,
1171 594 1346 635 sejungere
1361 593 1406 625 ab
1434 591 1572 624 alterius
1599 589 1686 623 ami-

1019 638 1164 677 citia‚C.
1185 639 1212 676 l,
1227 639 1246 668 6

977 684 1140 714 Sementis
1155 691 1298 721 magma,
1311 691 1389 713 cum
1404 679 1503 712 multi
1515 678 1588 720 agri
1602 688 1683 710 con-

1020 732 1183 764 seruntur,
1214 727 1240 763 1,
1255 727 1274 755 3

978 770 1158 810 Semi-facta
1170 774 1283 810 porta,
1305 768 1361 799 Af.
1377 769 1419 798 83

979 815 1165 851 Semihora,
1183 813 1236 843 Af.
1255 813 1296 842 38

980 858 1122 894 Sentire,
1138 857 1243 888 hostes
1254 865 1295 886 ex
1311 853 1451 894 fremitu
1461 856 1634 885 semer-um
1645 853 1686 884 de

1020 900 1231 941 profectione,
1255 903 1286 937 5,
1302 900 1342 929 32

980 946 1166 986 Separarus
1191 953 1288 985 aqer,
1315 940 1374 983 qui
1400 939 1506 973 alicui
1530 937 1690 982 proprius

1023 988 1214 1029 adsignatus
1227 993 1290 1025 est,
1316 994 1383 1016 non
1399 983 1591 1016 communis
1600 982 1691 1022 aliis,

1022 1035 1055 1070 4,
1074 1035 1101 1063 1.
1117 1031 1433 1072 Additurprivatwe.

980 1076 1112 1117 Septem
1134 1077 1267 1114 triones,
1294 1076 1321 1109 1,
1340 1076 1367 1105 l.
1391 1074 1422 1111 4,
1437 1074 1491 1103 20.
1515 1073 1548 1111 7,
1565 1073 1607 1103 83

981 1120 1083 1161 Sequi
1110 1121 1404 1151 commutationem
1433 1120 1544 1154 aestus,
1589 1114 1621 1147 ei
1652 1124 1688 1146 se

1020 1163 1290 1203 accommodare,
1329 1165 1358 1200 5,
1389 1163 1420 1191 8.
1471 1162 1566 1200 sequi
1598 1169 1691 1200 posse

1023 1209 1180 1239 animum
1209 1209 1337 1239 viribus
1365 1205 1520 1244 corporis,
1545 1212 1689 1243 corpore

1022 1256 1150 1281 tantum
1172 1250 1294 1290 valere,
1317 1253 1479 1292 quantum
1493 1244 1621 1283 animo,
1652 1246 1679 1277 A

980 1339 1074 1375 Sero,
1090 1339 1264 1378 serissime,
1280 1339 1321 1370 C.
1339 1341 1370 1376 3,
1385 1338 1426 1368 75

980 1383 1134 1419 Servare,
1176 1382 1360 1420 custodire,
1400 1383 1432 1417 2,
1464 1379 1517 1409 33·
1552 1386 1688 1409 Bervssre

1022 1425 1233 1464 (observare)
1246 1428 1321 1465 iter,
1340 1431 1370 1464 5,
1387 1426 1423 1455 19

982 1471 1113 1501 Sem-ire
1136 1471 1337 1507 mmm-ibus,
1368 1468 1411 1500 iis
1441 1474 1688 1498 seaccommo-

1022 1513 1113 1550 dare,
1137 1523 1198 1544 eos
1216 1513 1248 1545 in
1266 1511 1422 1546 consiliis
1446 1508 1623 1552 capiendis
1638 1512 1691 1542 se'-

1023 1556 1095 1597 qui,
1111 1559 1142 1594 4,
1161 1561 1179 1588 5
1378 1563 1381 1566 ’

982 1602 1139 1638 Servitia,
1154 1600 1256 1640 servi,
1285 1600 1341 1633 Af.
1358 1602 1412 1639 85,
1437 1602 1479 1631 88

981 1645 1129 1676 Sep-ritus
1144 1655 1275 1683 eorum,
1303 1645 1362 1686 qui
1380 1643 1524 1686 imperio
1551 1639 1689 1675 alterius

1024 1693 1152 1729 parent,
1172 1691 1200 1726 1,
1217 1690 1258 1719 33

982 1732 1240 1773 Sesquipedalis,
1277 1742 1415 1775 aequans
1454 1731 1573 1775 pedem
1608 1740 1688 1762 cum

1022 1775 1181 1814 dimidio,
1206 1779 1237 1814 4,
1258 1778 1295 1807 17

981 1820 1118 1857 Secum,
1151 1819 1326 1860 pinguedo
1342 1818 1540 1856 bestiarum,
1569 1816 1612 1848 ad
1628 1815 1688 1848 do-

1024 1862 1186 1893 mesticos
1200 1873 1279 1894 usus
1294 1870 1419 1904 pamta,
1437 1865 1467 1901 7,
1479 1867 1532 1895 25.
1556 1863 1587 1899 8,
1604 1863 1645 1892 42

982 1907 1185 1937 Seme-enaria
1210 1907 1337 1945 cohors,
1361 1907 1401 1939 C.
1420 1908 1451 1944 3,
1467 1910 1498 1939 4.
1540 1905 1690 1937 Draken-

1025 1949 1121 1989 borg.
1135 1950 1177 1980 ad
1195 1949 1268 1980 Liv.
1285 1951 1318 1988 7,
1337 1952 1353 1980 7

983 1993 1043 2023 Si..-
1067 1999 1245 2031 conantur,
1261 1995 1288 2025 si
1314 1994 1430 2033 (num)
1451 1997 1587 2036 possint,
1614 1993 1643 2030 1,
1660 1995 1692 2023 8.

1025 2039 1057 2073 9,
1086 2038 1119 2066 9.
1159 2036 1198 2067 C.
1233 2039 1257 2075 1,
1283 2039 1336 2068 83.
1376 2040 1477 2077 2,34.
1508 2039 1610 2077 3,·15,
1633 2037 1687 2066 85.

1024 2080 1143 2111 Graeco
1160 2091 1252 2112 more
1270 2091 1329 2123 pro
1339 2091 1397 2114 αη.
1438 2082 1474 2113 Si
1486 2091 1546 2123 pro
1562 2085 1625 2118 sin,
1647 2078 1689 2110 C.

1025 2126 1057 2163 2,
1087 2127 1117 2154 5.
1149 2126 1179 2162 3,
1210 2126 1260 2163 17,
1277 2127 1328 2156 78.
1375 2124 1416 2156 G.
1448 2127 1479 2161 7,
1505 2126 1559 2157 66.
1581 2127 1636 2156 sin
1663 2121 1692 2154 si

1025 2177 1118 2206 vero,
1134 2167 1161 2198 si
1176 2174 1292 2201 contra
1309 2179 1361 2207 ea,
1383 2170 1409 2207 1,
1431 2171 1468 2199 13

982 2213 1125 2251 Siquam
1141 2213 1276 2252 tabella,
1293 2212 1485 2254 obsignata,
1503 2211 1556 2245 Af.
1574 2214 1594 2243 3

982 2257 1178 2295 Siqm‘ficare
1204 2257 1310 2288 alicui
1333 2257 1372 2289 de
1388 2266 1424 2295 re
1440 2258 1571 2299 aliqua,
1588 2257 1620 2294 7,
1637 2255 1694 2288 26.

1025 2297 1282 2331 Sueton..1ul.9

984 2344 1199 2384 Siynificatio,
1230 2342 1393 2375 indicium
1421 2343 1602 2376 voluntatis
1633 2351 1693 2385 per

1026 2386 1119 2427 signa
1134 2393 1284 2419 externa.
1307 2388 1348 2419 C.
1371 2391 1396 2423 1,
1415 2389 1469 2420 86.
1509 2387 1596 2420 Hinc
1622 2389 1691 2428 siq-

1026 2431 1389 2473 mficatinnemsacere,
1409 2436 1439 2470 2,
1463 2434 1505 2463 33

986 2475 1130 2515 Siquam
1155 2475 1250 2514 dare,
1276 2475 1317 2506 de
1333 2480 1467 2516 tessera,
1498 2479 1528 2514 2,
1545 2478 1599 2507 20.
1637 2475 1691 2507 Af.

1029 2519 1081 2548 83.
1104 2521 1192 2559 siyn.
1209 2520 1288 2551 tuba
1306 2519 1390 2550 dare
1403 2543 1411 2557 ‚
1428 2523 1460 2557 2,
1476 2522 1531 2551 20.
1545 2522 1693 2561 signum,

1027 2561 1225 2602 manipulus
1242 2562 1326 2604 ipse,
1352 2562 1396 2593 Π.
1417 2565 1466 2594 18.
1513 2563 1577 2595 Sed
1593 2565 1693 2606 sigma

1022 2605 1117 2645 ferre
1129 2611 1190 2644 est,
1205 2617 1224 2637 c
1241 2606 1357 2637 castris
1381 2606 1536 2648 proprius
1559 2606 1691 2639 hostem

1030 2649 1211 2697 prqficisci,
1231 2653 1257 2688 l,
1273 2651 1323 2681 39.
1340 2653 1529 2691 ‹mmsiyrzis
1539 2654 1599 2690 ire,
1612 2655 1692 2682 c'um

1028 2702 1184 2725 unwerso
1195 2694 1357 2732 exercitu,
1372 2693 1427 2725 Af.
1444 2696 1485 2725 77

987 2736 1072 2768 Sileo
1085 2738 1220 2770 verbum
1228 2737 1355 2786 ²facere,
1373 2748 1415 2768 ne
1431 2737 1529 2771 hisco
1543 2736 1692 2782 quidem,

1027 2779 1072 2812 H.
1091 2783 1120 2812 3.
1139 2780 1312 2815 insohtum
1328 2779 1429 2825 plane
