1946 3261
590 167 706 212 LIB.
740 167 802 212 Il.
865 167 1002 211 CAP.
1036 167 1165 210 5-8.
1520 168 1610 213 315

132 296 431 340 laborantibus
470 296 799 340 succurrebant.
863 295 1021 352 Neque
1055 309 1157 339 vero
1192 294 1409 354 conjuncti
1447 292 1612 338 Albicis

132 356 368 399 comminus
407 355 644 415 pugnando
679 354 964 401 deficiebant;
1007 368 1146 409 neque
1181 353 1370 396 multum
1399 354 1612 397 cedebant

133 414 300 458 virtute
321 415 503 459 nostris:
536 414 660 457 simul
688 430 739 456 ex
767 412 1005 456 minoribus
1037 413 1216 454 navibus
1246 427 1403 470 magna
1423 412 1487 455 vis
1509 413 1611 456 emi-

135 490 214 517 nus
230 474 353 516 missa
372 474 559 516 telorum
578 473 718 515 multa
736 472 890 514 nostris
914 470 988 527 [de
1004 471 1254 527 improviso]
1277 471 1613 528 inprudentibus

133 542 265 590 atque
302 532 506 590 inpeditis
546 531 729 573 vulnera
764 530 1043 573 inferebant:
1097 530 1442 587 conspicataeque
1483 545 1610 573 naves

136 591 332 634 triremes
351 590 450 633 duae
478 605 629 632 navem
654 590 710 631 D.
738 589 883 638 Bruti,
916 604 1015 645 quae
1033 603 1086 629 ex
1108 587 1262 645 insigni
1283 588 1407 629 facile
1439 589 1612 647 agnosci

138 658 328 708 poterat,
350 648 522 690 duabus
545 664 598 690 ex
620 648 818 706 partibus
851 663 940 689 sese
974 647 1017 688 in
1053 661 1148 688 eam
1183 646 1498 695 incitaverant;
1540 648 1616 691 sed

139 717 324 756 tantum,
356 722 404 749 re
427 707 616 764 provisa,
657 706 821 748 Brutus
859 705 1081 749 celeritate
1119 705 1238 747 navis
1271 703 1412 746 enisus
1449 714 1527 754 est,
1563 708 1615 748 ut

138 781 272 825 parvo
308 775 525 808 momento
566 765 860 807 antecederet.
930 763 1021 806 Illae
1055 762 1166 806 adeo
1201 763 1395 820 graviter
1426 763 1540 805 inter
1571 781 1614 806 se

137 825 322 868 incitatae
341 823 647 873 conflixerunt,
670 832 721 865 ut
733 822 1096 866 vehementissime
1119 831 1316 879 utraeque
1333 837 1387 863 ex
1405 837 1618 865 concursu

138 885 414 932 laborarent;
445 883 584 927 altera
609 898 712 925 vero
734 882 966 941 praefracto
994 889 1137 924 rostro
1169 890 1265 924 tota
1288 880 1616 924 conlabefieret.

142 944 240 993 Qua
261 958 306 985 re
324 943 512 985 animum
533 941 725 990 adversa,
748 956 845 998 quae
870 941 1074 999 proximae
1095 940 1133 982 ei
1152 940 1247 983 loco
1264 955 1318 981 ex
1341 939 1469 982 Bruti
1489 940 1620 983 classe

139 1017 266 1045 naves
297 1009 437 1050 erant,
480 1001 524 1043 in
557 1017 625 1043 eas
657 999 870 1058 inpeditas
904 1000 1102 1058 inpetum
1136 1000 1304 1042 faciunt
1334 997 1620 1057 celeriterque

139 1061 286 1103 ambas
305 1060 571 1119 deprimunt.

199 1120 238 1161 7.
274 1119 361 1162 Sed
386 1119 627 1162 Nasidianae
665 1133 792 1161 naves
829 1116 950 1159 nullo
985 1117 1080 1160 usui
1117 1116 1299 1160 fuerunt
1335 1115 1620 1175 celeriterque

143 1194 291 1237 pugna
318 1187 617 1221 excesserunt:
664 1192 747 1220 non
777 1176 888 1218 enim
910 1175 984 1217 has
1003 1185 1081 1219 aut
1100 1184 1354 1234 conspectus
1375 1175 1527 1234 patriae
1547 1183 1627 1219 aut

144 1238 491 1295 propinquorum
523 1246 739 1295 praecepta
767 1235 823 1277 ad
844 1243 1086 1278 extremum
1108 1236 1208 1277 vitae
1231 1235 1477 1294 periculum
1504 1233 1625 1278 adire

145 1296 375 1353 cogebant.
423 1295 580 1354 Itaque
599 1312 653 1338 ex
671 1311 722 1337 eo
740 1309 920 1336 numero
942 1294 1118 1336 navium
1140 1293 1260 1336 nulla
1280 1292 1523 1336 desiderata
1542 1302 1625 1343 est,

145 1370 199 1397 ex
223 1353 552 1397 Massiliensium
576 1355 706 1396 classe
727 1353 920 1409 quinque
940 1361 1042 1394 sunt
1062 1352 1291 1410 depressae,
1313 1360 1506 1409 quatuor
1525 1369 1627 1411 cap-

149 1423 219 1463 tae,
261 1429 346 1455 una
382 1429 479 1455 cum
515 1412 758 1455 Nasidianis
788 1410 1014 1469 profugit:
1064 1427 1161 1468 quae
1198 1425 1343 1452 omnes
1380 1411 1628 1455 citeriorem

150 1472 408 1531 Hispaniam
430 1471 710 1529 petiverunt:
757 1479 803 1511 at
838 1485 889 1511 ex
928 1469 1103 1526 reliquis
1140 1484 1227 1511 una
1261 1469 1479 1528 praemissa
1512 1470 1627 1513 Mas-

146 1530 298 1579 siliam,
336 1529 463 1587 hujus
494 1529 635 1571 nuncii
668 1527 915 1586 perferendi
957 1528 1114 1583 gratia,
1166 1543 1302 1584 quum
1340 1528 1429 1585 jam
1470 1527 1525 1570 ad
1560 1544 1628 1572 ro-

148 1590 385 1648 pinquaret
436 1587 554 1636 urbi,
605 1587 742 1629 omnis
792 1602 878 1628 sese
920 1585 1158 1628 multitudo
1188 1585 1242 1627 ad
1285 1601 1524 1644 cognoscen
1557 1603 1632 1630 um

147 1646 306 1690 effudit
346 1662 410 1695 ac,
461 1661 508 1687 re
556 1645 745 1703 cognita,
777 1652 923 1686 tantus
952 1643 1096 1686 luctus
1127 1643 1316 1701 excepit,
1360 1651 1410 1685 ut
1442 1645 1545 1688 urbs
1574 1647 1632 1689 ab

149 1705 344 1751 hostibus
393 1712 525 1762 capta
581 1704 731 1746 eodem
780 1702 964 1760 vestigio
1015 1702 1255 1746 videretur.
1349 1702 1636 1747 Massilienses

153 1774 295 1808 tamen
316 1763 448 1807 nihilo
469 1763 642 1820 sequius
662 1761 718 1806 ad
740 1761 1025 1805 defensionem
1054 1763 1174 1805 urbis
1212 1761 1386 1819 reliqua
1421 1760 1634 1822 adparare

155 1831 397 1881 coeperunt.

211 1883 255 1925 8.
289 1882 369 1924 Est
396 1880 743 1924 animadversum
763 1880 821 1922 ab
843 1878 1103 1937 legionariiS,
1124 1880 1198 1936 qui
1219 1879 1444 1922 dexteram
1465 1889 1635 1939 partem

156 1941 301 2000 operis
349 1939 725 1988 administrabant,
776 1955 829 1982 ex
875 1938 1037 1981 crebris
1087 1937 1273 1981 hostium
1319 1939 1639 1997 eruptionibus,

159 2014 314 2056 magno
330 1999 412 2041 sibi
432 2014 519 2041 esse
539 1998 736 2056 praesidio
760 2014 898 2057 posse,
930 1997 961 2040 si
989 2013 1070 2055 pro
1093 1997 1270 2040 castello
1289 2013 1339 2040 ac
1361 1998 1640 2056 receptaculo

160 2058 318 2101 turrim
345 2074 398 2100 ex
430 2057 566 2100 latere
589 2058 670 2100 sub
691 2073 818 2100 muro
853 2057 1064 2106 fecissent,
1086 2072 1218 2113 quam
1238 2057 1379 2115 primo
1409 2055 1465 2099 ad
1488 2072 1641 2116 repen-

211 2175 418 2216 Inferebant.
458 2173 549 2205 Bene
567 2172 629 2211 sic,
651 2178 687 2204 ut
710 2172 750 2203 G.
765 2175 796 2210 3,
818 2173 868 2203 17.

983 2172 1034 2203 Ad
1050 2172 1319 2213 coynosoemlam.
1349 2171 1431 2204 Haec
1442 2171 1548 2204 verba
1564 2182 1641 2214 per-

166 2218 342 2251 multitwlo
358 2235 401 2240 —
416 2223 647 2249 convenerant.
682 2216 764 2247 Vid.
779 2222 812 2247 et
823 2216 869 2246 Η.

940 2225 1052 2257 peram
1071 2221 1229 2257 suspecta
1246 2222 1324 2247 sunt
1339 2215 1496 2248 Davisio.

167 2265 198 2292 ὃ.
215 2267 251 2294 et
264 2261 340 2293 Liv.
358 2266 390 2300 2,
408 2267 438 2293 5.
457 2261 537 2292 item
553 2261 656 2293 Gron.
673 2261 715 2292 ad
727 2260 803 2291 Liv.
816 2261 869 2298 36,

170 2307 221 2338 16.
248 2306 325 2337 Non
341 2316 422 2347 ergo
440 2316 538 2346 opus,
553 2316 632 2336 cum
652 2305 870 2336 Hotomanno

169 2351 281 2392 legere
294 2360 423 2391 maqna
439 2352 484 2380 ri.

217 2395 349 2435 Insiqne
372 2392 541 2425 Praetoriae
566 2392 662 2424 navis
684 2392 748 2424 fuit
764 2391 873 2424 vexil-

168 2439 239 2470 lum
271 2448 493 2479 purpureum.
521 2438 686 2469 interdum
721 2443 754 2468 et
780 2437 872 2468 aliud

168 2481 265 2523 quid.
282 2481 386 2513 Conf.
401 2481 563 2513 Scheffer.
579 2482 620 2512 de
631 2481 735 2513 milit.
751 2491 827 2512 nav.
840 2491 874 2522 p.

175 2527 246 2557 17⁵.
266 2526 314 2556 M.
352 2525 447 2557 Male
463 2524 519 2557 hie
547 2525 606 2557 alii
631 2528 748 2566 miqui
764 2525 818 2556 vel
835 2536 875 2557 er

171 2573 278 2613 signo.
309 2569 441 2601 Locum
457 2569 650 2600 emendavit
666 2568 824 2600 Faernus.

222 2615 383 2651 Tantum,
405 2624 441 2645 re
462 2615 607 2655 provisa.
644 2613 713 2645 Alii
728 2619 827 2646 tanta.
844 2624 877 2644 re

168 2668 316 2701 prom-sa.

220 2701 402 2743 Pragfracto
418 2706 534 2733 rostro.
566 2701 620 2732 Sic
647 2702 746 2733 codd.
766 2701 877 2743 Vulgo

170 2745 347 2788 pevfracm.
380 2744 494 2776 Vossii
509 2746 587 2777 cod.
600 2752 784 2788 praerupto.

222 2791 380 2822 Animum
393 2790 545 2821 adversa.
564 2788 652 2820 Oud.
667 2800 685 2820 e
699 2791 777 2822 cod.
797 2789 881 2821 Vul-

178 2844 221 2875 go
238 2833 488 2865 animadversa.

224 2880 429 2920 Compectus.
460 2876 531 2910 Alii
551 2882 726 2920 respectus.

985 2261 1136 2302 Sequius.
1165 2260 1218 2291 Al.
1233 2262 1346 2300 secius,
1362 2260 1455 2302 quod
1472 2265 1523 2292 est
1537 2259 1640 2292 idem.

939 2304 992 2336 Al.
1007 2305 1152 2345 seyniuae,
1171 2313 1237 2335 non
1254 2305 1355 2336 male.
1385 2306 1435 2336 M.

987 2348 1049 2380 Est
1063 2348 1336 2380 animadversum
1349 2365 1404 2379 —.
1444 2349 1520 2380 Hoc
1537 2353 1643 2390 caput

941 2402 1017 2424 cum
1040 2401 1130 2423 nono
1157 2392 1190 2424 in
1205 2391 1499 2434 Francoganicum
1516 2403 1642 2424 sermo-

941 2446 1018 2467 nem
1030 2435 1203 2468 transtulit
1217 2442 1250 2468 et
1268 2436 1449 2468 illustravit
1459 2435 1645 2468 Guischar-

942 2481 1003 2512 dus
1019 2479 1053 2511 in
1068 2479 1257 2512 Memoires
1278 2481 1436 2522 critiques
1458 2485 1492 2512 et
1507 2479 1644 2512 histori-

940 2535 1023 2566 ques
1037 2524 1079 2555 T.
1097 2527 1127 2556 4.
1146 2536 1178 2566 p.
1201 2526 1274 2563 104,
1303 2536 1379 2556 cum
1401 2525 1470 2566 jam
1495 2529 1592 2555 antea
1608 2524 1643 2556 in

943 2567 1128 2600 Memoires
1136 2568 1313 2600 militaires
1328 2569 1369 2599 T.
1386 2572 1418 2598 2.
1432 2579 1467 2610 p.
1479 2571 1532 2599 58.
1545 2579 1643 2600 eum-

943 2613 1021 2644 dem
1038 2613 1152 2644 locum
1171 2618 1357 2651 tractasset,
1387 2618 1421 2644 et
1445 2611 1563 2644 tabula
1587 2613 1645 2645 aeri

945 2655 1052 2688 incisa
1083 2657 1293 2688 illustrasset.
1329 2657 1379 2688 M.
1423 2655 1476 2687 Eo
1507 2655 1645 2689 nomine

945 2700 1043 2732 illum
1056 2700 1272 2742 reprehendit
1283 2700 1443 2732 Lo-Looz
1457 2698 1491 2731 in
1499 2698 1646 2733 Defense

945 2746 990 2777 du
1005 2744 1188 2776 Chevalier
1200 2744 1335 2776 Folard.
1353 2755 1389 2785 p.
1407 2745 1461 2774 37.

997 2791 1136 2822 Turrim
1148 2799 1189 2820 em
1197 2790 1310 2826 latere,
1322 2787 1437 2820 turrim
1452 2787 1647 2822 lateritiam.

950 2835 1001 2865 M.
1024 2833 1135 2866 Bentl.
1151 2832 1244 2865 addit
1258 2834 1442 2866 elatiorem.
