1946 3261
292 224 378 268 496
520 223 575 266 Α.
610 219 810 265 HIRTII
844 219 928 263 DE
960 219 1162 264 BELLO
1195 219 1540 263 AFRICANO.

289 358 434 393 mento
465 347 731 403 auxiliisque,
754 345 929 389 tandem
944 345 1028 388 suis
1049 343 1294 386 exhilaratis
1322 360 1574 401 annonaque
1595 344 1752 394 levata,

287 407 612 451 sollicitudinem
632 404 826 462 deponit,
848 404 1033 462 legiones
1053 403 1324 460 equitesque,
1343 420 1396 446 ex
1416 403 1597 445 navibus
1615 417 1753 459 egres-

288 482 369 513 sos,
400 465 524 522 jubet
557 471 602 505 et
634 463 843 521 languore
876 478 1119 520 nauseaque
1150 460 1356 512 1·eficere;
1388 461 1578 504 dimissos
1598 460 1642 502 in
1671 475 1757 502 cas-

290 523 394 565 tella
408 521 751 579 munitionesque
771 521 976 580 disponit.

345 580 416 623 35.
452 580 620 630 Quibus
642 581 770 623 rebus
794 580 955 638 Scipio,
978 578 1139 637 quique
1157 593 1255 620 cum
1277 593 1328 620 eo
1350 585 1488 627 erant,
1515 574 1756 619 commirari

288 647 334 680 et
366 639 617 698 requirere:
653 639 705 681 C.
731 639 958 687 Caesarem,
992 638 1066 694 qui
1095 637 1211 678 ultro
1248 646 1488 678 consuesset
1508 635 1673 679 bellum
1694 634 1757 676 in-

286 698 398 740 ferre
447 713 495 740 ac
545 697 749 739 lacessere
798 696 967 754 proeliO,
1011 695 1157 738 subito
1194 703 1504 736 commutatum
1543 709 1628 736 non
1668 692 1756 735 sine

288 771 444 812 magno
465 755 638 798 consilio
671 753 1011 812 suspicabantur.
1073 753 1227 809 Itaque
1256 769 1308 794 ex
1343 752 1432 809 ejus
1470 751 1680 810 patientia
1710 751 1754 793 in

287 830 491 872 magnum
529 814 725 856 timorem
755 812 950 871 conjecti,
987 828 1038 855 ex
1071 811 1253 853 Gaetulis
1282 811 1406 861 duos,
1445 827 1553 867 quos
1572 810 1756 853 arbitra-

285 872 447 915 bantur
471 872 556 914 suis
577 873 705 914 rebus
727 872 1008 920 amicissimos,
1030 870 1194 928 magnis
1224 869 1405 926 praemiis
1438 867 1757 926 pollicitationi-

285 930 453 987 busque
476 930 719 989 propositis,
754 946 834 988 pro
866 929 1061 988 perfugis
1082 927 1329 985 speculandi
1351 928 1492 984 gratia
1513 927 1556 969 in
1580 926 1756 969 Caesaris

286 998 427 1030 castra
460 989 655 1031 mittunt.
721 989 807 1038 Qui
827 988 953 1030 simul
974 988 1029 1029 ad
1048 1003 1146 1029 eum
1166 994 1267 1028 sunt
1290 985 1482 1035 deducti,
1516 985 1756 1042 petierunt,

287 1055 338 1088 ut
367 1047 449 1089 sibi
470 1047 616 1089 liceret
636 1047 723 1089 sine
743 1047 938 1104 periculo
954 1047 1090 1089 verba
1108 1044 1321 1102 proloqui.
1386 1044 1602 1086 Potestate
1625 1044 1754 1092 facta,

287 1112 318 1131 ‘⁶
342 1106 692 1164 Saepenumer0,”
716 1105 933 1161 inquiunt,
960 1112 988 1130 “
1013 1104 1273 1162 Imperator,
1305 1102 1544 1159 complures
1574 1101 1753 1151 Gaetuli,

286 1171 318 1190 “
341 1164 416 1220 qui
450 1180 591 1206 sumus
623 1163 796 1205 clientes
820 1164 871 1205 C.
899 1163 1030 1205 Marii
1058 1172 1102 1204 et
1134 1160 1449 1219 propemodum
1481 1175 1623 1202 omnes
1645 1161 1757 1202 cives

286 1228 317 1248 ‘⁶
341 1221 541 1270 Romani,
592 1222 667 1278 qui
705 1231 803 1264 sunt
841 1221 883 1264 in
924 1222 1092 1275 legione
1130 1228 1286 1276 quarta
1324 1222 1381 1261 ‘et
1432 1227 1566 1267 sexta,
1617 1217 1673 1259 ad
1709 1226 1754 1260 te

285 1288 315 1306 ‘⁶
339 1280 550 1323 voluimus
591 1279 632 1321 in
679 1289 836 1336 tuaque
880 1275 1076 1338 praesidia
1116 1278 1382 1335 confugere;
1435 1276 1509 1318 sed
1550 1275 1754 1318 custodiis

285 1346 314 1365 “
337 1338 535 1395 equitum
559 1337 862 1388 Numidarum,
900 1354 988 1394 quo
1020 1338 1064 1379 id
1095 1336 1183 1377 sine
1218 1335 1411 1392 periculo
1433 1335 1571 1377 minus
1593 1335 1752 1376 facere-

286 1403 315 1423 “
338 1412 447 1444 mus,
469 1396 810 1453 inpediebamur.
874 1396 1018 1446 Nunc,
1041 1395 1146 1436 data
1168 1393 1391 1443 facultate,
1415 1409 1496 1451 pro
1516 1393 1756 1450 speculato-

285 1462 316 1481 “
339 1454 459 1496 ribus
489 1454 602 1496 missi
638 1455 694 1496 ab
733 1454 954 1512 Scipione,
993 1453 1047 1495 ad
1080 1461 1122 1494 te
1156 1451 1425 1509 cupidissime
1458 1452 1664 1501 venimus,
1704 1460 1754 1494 ut

284 1521 314 1540 “
339 1513 692 1570 perspiceremus,
714 1528 816 1554 num
838 1528 935 1568 quae
956 1512 1075 1554 fossae
1097 1518 1173 1553 aut
1201 1509 1359 1552 insidiae
1391 1510 1628 1567 elephantis
1655 1518 1755 1551 ante

284 1579 313 1597 ‘⁶
337 1579 476 1613 castra
498 1580 733 1628 portasque
751 1571 854 1612 valli
877 1572 999 1612 factae
1020 1578 1171 1617 essent,
1190 1568 1401 1625 simulque
1419 1568 1593 1610 consilia
1611 1576 1755 1610 vestra.

282 1638 310 1656 ‘⁶
334 1637 485 1671 contra
513 1628 683 1670 easdem
715 1629 872 1670 bestias
902 1627 1352 1685 comparationemque
1387 1642 1548 1684 pugnae
1578 1641 1753 1683 cognos-

281 1696 310 1714 “
335 1703 526 1729 ceremus
576 1694 708 1742 atque
750 1686 789 1727 ei
832 1687 1221 1727 renunciaremus.''
1299 1685 1401 1733 Qui,
1443 1685 1686 1726 conlaudati
1725 1699 1750 1725 a

283 1747 449 1788 Caesare
469 1743 771 1801 stipendioque
806 1742 969 1794 donati,
999 1743 1055 1784 ad
1086 1742 1276 1799 reliquos
1301 1744 1503 1799 perfugas
1534 1741 1750 1783 deducun-

279 1812 353 1846 tur
377 1819 386 1844 :
437 1818 625 1859 quorum
675 1802 915 1843 orationem
973 1801 1170 1842 celeriter
1218 1800 1377 1841 veritas
1429 1799 1745 1856 comprobavit.

284 1862 486 1918 Namque
508 1869 680 1917 postero
699 1859 768 1901 die
789 1875 842 1901 ex
862 1859 1100 1917 legionibus
1122 1857 1186 1906 iis,
1204 1872 1309 1913 quas
1326 1857 1488 1899 Gaetuli
1507 1857 1750 1900 nominave-

280 1928 400 1968 runt,
444 1918 600 1961 milites
638 1917 865 1975 legionarii
913 1917 1155 1974 complures
1197 1916 1253 1957 ab
1296 1916 1498 1974 Scipione
1533 1915 1576 1957 in
1614 1924 1752 1958 castra

284 1977 461 2022 Caesaris
482 1977 789 2034 perfugerunt.

339 2036 409 2078 36.
443 2036 559 2077 Dum
582 2034 669 2076 haec
691 2035 744 2076 ad
766 2033 1003 2090 Ruspinam
1024 2041 1254 2090 geruntur,
1279 2031 1343 2073 M.
1366 2030 1493 2082 Cato,
1516 2031 1590 2087 qui
1613 2031 1754 2074 Uticae

281 2102 479 2152 praeerat,
512 2093 694 2134 dilectus
714 2091 908 2149 quotidie
929 2091 1246 2139 libertinorum,
1275 2090 1497 2138 Afrorum,
1529 2105 1753 2132 servorum

279 2152 467 2209 denique
499 2160 543 2192 et.
572 2150 895 2208 cujusquemodi
924 2150 1089 2207 generis
1126 2149 1361 2197 hominum,
1395 2147 1472 2204 qui
1505 2147 1632 2190 modo
1674 2163 1753 2206 per

335 2288 486 2320 Tandem
512 2289 578 2319 suis
601 2288 702 2317 erlzil.
727 2303 772 2308 --
791 2288 984 2327 equitesque.

286 2332 339 2363 Sic
370 2330 531 2362 Davisius
556 2330 694 2368 eddidit,
722 2336 855 2360 secutus
886 2341 983 2361 suum

285 2375 450 2412 codicem,
469 2373 584 2415 inquo
611 2374 682 2405 haec.
714 2373 787 2414 ipsa
818 2373 985 2413 leguntur,

288 2424 506 2460 praeterquam
538 2417 628 2458 quod
662 2416 710 2447 ibi
744 2417 922 2454 hilaratus,
951 2423 984 2447 et

284 2472 504 2503 annonaeqm,
515 2462 626 2493 lez-ata
637 2460 849 2492 sollicitudine
863 2466 984 2491 exstat.

288 2506 433 2546 Vulgata
448 2504 548 2536 lectio
565 2504 628 2535 fuit
642 2516 649 2534 z
662 2504 797 2535 landem
813 2505 880 2533 suis
891 2506 985 2533 erhi-

283 2551 413 2583 [aratis.
424 2558 630 2589 annonaeque
640 2550 750 2578 levata
759 2547 986 2583 sollicitudine,

286 2593 417 2634 deponit
432 2594 583 2632 [afflone-s,
607 2592 797 2632 equitesque
810 2606 864 2620 -—.
908 2590 984 2627 Sed,

286 2637 376 2677 quod
393 2642 424 2666 et
440 2635 528 2666 Oud.
555 2634 697 2672 monuit,
719 2635 861 2674 legiones
884 2634 981 2673 clepo-

285 2690 365 2710 ηενρ
380 2679 460 2719 quid
474 2678 560 2709 erit?
590 2679 640 2709 M.

334 2724 491 2761 Reficere.
517 2721 628 2752 Jurin.
656 2720 814 2762 praemitti
838 2719 911 2750 vult
938 2730 982 2750 se.

329 2767 479 2803 Comites,
489 2767 619 2797 mirari.
639 2766 701 2796 Pro
710 2765 762 2795 his
770 2763 900 2795 duobus
911 2773 983 2793 ver-

287 2808 343 2840 bis
365 2809 543 2849 legendum
559 2814 641 2839 este
657 2809 756 2839 codd.
780 2807 982 2848 quibusdam

287 2860 321 2884 et
344 2853 420 2883 edd.
447 2858 514 2883 ant.
539 2854 744 2884 commirarz'.
771 2852 820 2882 M.
853 2850 980 2887 Quidni

287 2906 466 2938 sequamur
479 2895 643 2928 codices?
681 2895 770 2928 Oud.
792 2901 825 2927 et
849 2894 913 2926 hoc
931 2893 981 2926 vi·

1053 2297 1137 2321 sum,
1167 2286 1232 2317 etsi
1261 2295 1330 2317 non
1362 2284 1532 2325 receperit.
1568 2284 1693 2315 Saltem
1717 2284 1751 2315 id

1050 2333 1178 2361 comites
1191 2332 1289 2370 plane
1301 2334 1351 2360 est
1363 2328 1523 2359 otiosum.
1547 2327 1617 2359 Nec
1630 2327 1753 2366 obstat,

1050 2375 1141 2414 quod
1171 2373 1256 2404 alibi
1287 2382 1354 2403 non
1381 2372 1524 2413 legatur.
1567 2371 1750 2412 Egregium

1052 2427 1130 2448 sane
1145 2424 1177 2448 et
1190 2418 1335 2456 ἀνάλογον
1348 2415 1486 2447 verbum
1502 2421 1564 2447 est.
1595 2415 1749 2446 Jurinius

1051 2461 1131 2492 velit
1141 2463 1303 2498 commoti,
1320 2466 1355 2490 ut
1371 2470 1401 2490 c.
1416 2461 1468 2490 57.

1096 2505 1258 2535 potestate
1273 2503 1369 2544 farta
1390 2510 1455 2532 etc.
1482 2502 1570 2533 Tota
1586 2502 1657 2533 haec
1675 2512 1749 2534 nar-

1051 2547 1137 2579 ratio
1151 2554 1305 2588 suspecta
1320 2553 1369 2577 est
1385 2546 1607 2577 Guischardo.

1099 2594 1135 2622 (Υ.
1147 2591 1267 2621 Marii.
1296 2591 1348 2622 Cf.
1365 2601 1396 2620 c.
1415 2593 1466 2621 82.
1502 2590 1551 2619 M.

1097 2635 1145 2665 Ab
1165 2635 1322 2675 Scipione.
1355 2633 1408 2664 Sic
1425 2632 1626 2674 frequenter.
1655 2631 1697 2664 V.
1713 2643 1745 2662 c.

1051 2682 1103 2709 25.
1118 2683 1151 2708 et
1168 2677 1304 2718 passim.

1102 2722 1227 2752 remae
1239 2721 1466 2762 compmbavit.
1504 2718 1619 2750 Davis.
1632 2719 1745 2750 mallet

1050 2768 1169 2796 exitus.
1207 2764 1272 2795 Sed
1285 2770 1318 2795 et
1333 2764 1373 2795 G.
1391 2767 1422 2803 5,
1439 2765 1490 2794 58.
1500 2763 1642 2803 fortuna
1660 2772 1747 2793 corn-

1047 2808 1175 2849 probat.

1093 2852 1142 2884 M.
1164 2852 1257 2884 Calo.
1303 2850 1358 2882 Cf.
1375 2861 1404 2882 c.
1421 2854 1474 2883 22.
1499 2850 1549 2881 M.
