1946 3261
733 197 848 243 LIB.
910 199 1048 243 CAP.
1080 200 1152 244 42.
1599 205 1679 249 569

216 327 245 347 “
269 321 388 366 nullo
413 331 606 383 tempore
635 325 821 383 legiones
851 325 997 369 desitae
1031 326 1187 384 Populi
1209 325 1391 370 Romani
1419 327 1464 371 in
1482 327 1561 372 hac
1582 346 1684 388 pro-

218 387 247 405 “
270 381 410 424 vincia
430 382 592 425 haberi.
655 383 788 440 Apud
807 399 880 425 vos
897 384 1105 426 beneficia
1130 400 1210 441 pro
1228 385 1458 436 maleficiis,
1478 388 1685 430 maleficia

219 443 248 464 ‘⁶
272 455 352 497 pro
385 441 601 483 beneficiis
638 441 865 484 habentur.
927 441 996 482 Ita
1030 456 1168 498 neque
1206 443 1248 485 in
1282 443 1370 485 otio
1399 445 1683 496 concordiam,

218 503 247 522 “
268 512 405 554 neque
441 499 483 541 in
513 500 630 541 bello
666 499 873 540 virtutem
909 499 999 540 ullo
1031 507 1224 555 tempore
1257 501 1441 543 retinere
1472 504 1683 560 potuistis.

219 560 248 579 “
275 555 476 598 Privatus
492 572 544 598 ex
563 557 666 613 fuga
687 557 767 598 Cn.
792 556 1020 613 Pompeius
1035 556 1277 598 adolescens
1293 574 1317 599 a
1335 560 1456 601 vobis
1475 571 1685 619 receptus,

219 619 248 637 “
271 613 402 656 fasces
421 614 735 670 imperiumque
751 614 830 656 sibi
845 613 1059 672 adripuit:
1093 614 1238 655 multis
1255 615 1491 659 interfectis
1508 619 1687 669 civibus,

222 677 251 696 ‘⁶
270 671 433 722 ‘auxilia
452 680 603 713 contra
623 671 839 728 Populum
859 671 1101 715 Romanum
1121 673 1409 729 comparavit:
1445 691 1570 731 agros
1588 693 1687 735 pro-

221 734 250 754 “
271 729 538 785 vinciamque
552 737 694 771 vestro
713 729 885 787 inpulsu
903 729 1199 788 depopulavit.
1245 729 1295 770 In
1312 746 1398 787 quo
1415 747 1489 774 vos
1505 735 1688 778 victores

223 793 252 812 “
276 787 607 829 existimabatis?
669 788 754 836 An,
785 803 852 829 me
873 787 1033 836 deleto,
1062 802 1147 829 non
1177 787 1363 829 animum
1383 789 1690 843 advertebafis,

223 851 252 870 “
276 843 424 887 decem
444 845 599 887 habere
617 845 807 902 legiones
827 845 1045 904 Populum
1065 845 1320 895 Romanum,
1335 862 1431 903 quae
1451 862 1536 891 non
1553 850 1690 893 solum

223 910 252 928 ‘⁶
276 903 397 945 vobis
418 902 636 956 obsistere,
657 903 729 945 sed
750 903 880 944 etiam
900 904 1056 947 coelum
1074 902 1244 946 diruere
1263 909 1460 961 possent?
1503 923 1688 965 quarum

225 966 252 986 ‘⁶
275 960 476 1003 laudibus
494 969 537 1003 et
557 961 722 1003 virtute
744 963 768 989 *
783 963 808 988 *
821 963 846 989 *

269 1092 405 1122 Desitae.
442 1090 495 1122 Sic
523 1089 622 1120 codd.
646 1089 763 1119 Petav.
788 1093 822 1119 et
848 1087 925 1119 Sca-

220 1133 333 1177 ligeri.
381 1134 491 1175 Vulgo
506 1134 621 1164 desint.

277 1179 457 1218 Imperium
471 1177 633 1218 adripuit.
676 1174 743 1205 Dio
761 1174 855 1205 Cass.
873 1178 927 1212 43,

273 1266 561 1303 Provinciamqne.
605 1261 659 1293 Sic
677 1261 766 1292 Oud.
790 1272 809 1292 e
827 1262 927 1292 codd.

227 1313 261 1339 et
280 1309 355 1339 edd.
374 1312 441 1338 vet.
489 1306 600 1347 Vulgo
626 1310 830 1346 vestramque
849 1316 929 1346 pro-

228 1353 385 1383 vinciam.

276 1396 320 1427 In
343 1405 407 1436 quo
425 1404 480 1445 vqs
493 1411 549 1423 -—.
595 1392 730 1430 Quibus
761 1391 794 1423 in
821 1389 930 1429 rebus,

228 1449 302 1480 quae
319 1448 396 1470 cum
413 1438 596 1488 'iq-essent,
618 1447 696 1467 num
712 1445 773 1466 vos
788 1434 930 1466 victores

228 1483 299 1515 fore
331 1481 536 1523 sperabatis?
568 1480 616 1511 M.
663 1479 748 1511 Scal.
778 1479 867 1509 male
895 1481 930 1510 in

256 1536 324 1558 uos.
371 1543 377 1548 ι

233 1537 254 1568 q
278 1570 439 1600 Animum
452 1567 682 1599 advertebatis.
729 1565 841 1607 Vulgo
856 1567 931 1597 ani-

233 1612 497 1645 mdcertebaris.

280 1657 449 1698 Leqe'ones.
472 1654 579 1686 Codd.
590 1652 673 1684 varii
684 1653 785 1685 lectas
798 1652 930 1694 quidem

231 1701 383 1742 legiones.

279 1745 411 1775 Caelum
425 1742 568 1773 diruere.
613 1740 696 1771 Haec
707 1739 865 1781 jactantia
880 1744 931 1775 est

235 1798 255 1818 a
269 1786 409 1818 Caesaris
425 1784 564 1826 ingenio
578 1783 796 1815 alienissima.
808 1788 840 1813 et
856 1790 931 1814 sunt

235 1831 309 1863 haec
321 1829 424 1862 verba
434 1827 600 1861 recentius
610 1828 737 1860 adsuta.
771 1826 932 1859 Similiter

992 1087 1025 1119 in
1055 1087 1255 1129 quibusdam
1286 1088 1381 1121 libris
1408 1090 1554 1131 antiquis
1579 1091 1689 1134 inepte

992 1132 1160 1163 adsuitur:
1183 1142 1323 1172 quarum
1347 1133 1503 1164 laudibus
1518 1140 1550 1165 et
1566 1135 1689 1168 virtute

993 1180 1078 1206 totus
1091 1178 1127 1205 in
1141 1176 1215 1206 orbe
1236 1181 1406 1207 terrarum
1421 1179 1567 1209 mundus
1581 1182 1691 1211 exsuc-

992 1224 1052 1250 tat.
1094 1218 1251 1249 Ceterum
1282 1219 1394 1260 plures
1417 1221 1558 1252 bodices
1587 1223 1689 1254 verbo

995 1261 1156 1299 indicant,
1179 1263 1283 1292 multa
1308 1262 1362 1293 hic
1387 1263 1513 1301 deesse,
1539 1270 1576 1296 ut
1604 1267 1690 1298 adeo

995 1305 1050 1336 hic
1068 1307 1109 1337 de
1125 1306 1216 1336 hello
1233 1304 1445 1346 Hispaniensi
1471 1307 1561 1339 liber
1581 1310 1691 1341 omni-

995 1348 1059 1380 bus
1082 1349 1189 1380 modis
1211 1349 1350 1380 mutilus
1371 1349 1426 1380 sit.
1441 1351 1562 1382 —His
1590 1353 1691 1385 rebus

993 1392 1108 1432 gestis,
1130 1392 1241 1423 Caesar
1263 1402 1318 1423 eas
1339 1393 1510 1434 Hispaniae
1525 1395 1692 1435 civitates,

993 1447 1069 1476 quae
1084 1436 1195 1476 ipsum
1210 1436 1419 1477 adjuverant,
1434 1437 1533 1478 agris,
1545 1439 1690 1470 inmuni-

994 1485 1074 1517 tate,
1096 1480 1170 1521 jure
1196 1479 1346 1510 civitatis
1368 1481 1510 1519 omavit5
1534 1481 1690 1515 inimicas

995 1522 1083 1563 agris
1097 1522 1253 1564 privavit,
1269 1522 1377 1563 iisque
1400 1523 1555 1564 graviora
1570 1526 1692 1558 tributa

996 1566 1184 1597 constituit.
1230 1567 1376 1597 Romam
1404 1577 1552 1600 reversus
1578 1580 1690 1602 mense

997 1609 1140 1641 Octobri
1165 1609 1241 1640 anni
1271 1611 1345 1640 709.
1380 1610 1416 1642 P.
1430 1611 1471 1641 U.
1483 1610 1520 1642 C.
1548 1612 1688 1651 (Vellei.

996 1654 1124 1684 Patere.
1149 1657 1180 1691 9,
1210 1651 1279 1690 56),
1308 1663 1374 1683 non
1400 1652 1470 1685 sine
1495 1654 1622 1687 invidia
1650 1657 1691 1688 de

995 1698 1116 1728 cit-ibus
1131 1695 1228 1727 victis
1246 1696 1479 1737 triumphavit,
1502 1708 1578 1730 cum
1594 1705 1691 1731 antea

996 1741 1050 1779 (B.
1069 1740 1138 1772 Afr.
1153 1750 1228 1780 cap.
1243 1739 1319 1778 ult.)
1342 1750 1408 1771 non
1423 1740 1489 1772 nisi
1511 1742 1553 1772 de
1569 1743 1692 1774 exteris

997 1783 1184 1825 triumphos
1199 1793 1296 1823 agere
1312 1783 1430 1814 solitus
1449 1784 1577 1818 fuisset.
1622 1786 1690 1819 Dio

997 1827 1135 1860 Cassius
1150 1829 1204 1866 43,
1220 1828 1347 1859 39-43
1381 1828 1432 1860 M.
