1946 3261
242 337 404 383 Caesar,
442 330 780 389 transductoque
819 329 1013 372 exercitu
1047 329 1204 372 flumen
1230 329 1471 379 Genusum,
1501 329 1724 374 veteribus

238 395 328 438 suis
347 394 390 435 in
411 391 559 433 castris
579 398 731 433 contra
759 389 1049 448 Asparagium
1081 387 1276 431 consedit
1311 389 1556 446 militesque
1583 403 1726 432 omnes

243 453 357 495 intra
377 450 541 493 vallum
562 458 800 492 castrorum
822 447 1035 490 continuit
1051 447 1400 506 equitatumque,
1435 463 1515 506 per
1536 462 1726 490 caussam

241 508 483 569 pabulandi
514 508 728 557 emissum,
762 506 982 550 confestim
1012 506 1248 549 decumana
1278 516 1409 565 porta
1438 508 1482 549 in
1515 512 1656 549 castra
1682 521 1727 548 se

240 568 436 626 recipere
458 567 599 626 jussit.
663 567 804 609 Simili
832 566 998 608 ratione
1035 565 1279 623 Pompeius,
1310 566 1507 609 confecto
1537 564 1727 623 ejusdem

240 627 325 670 diei
346 627 516 676 itinere,
535 626 579 669 in
599 626 684 669 suis
708 625 930 668 veteribus
950 625 1099 667 castris
1126 624 1180 666 ad
1204 625 1498 683 Asparagium
1519 622 1728 673 consedit,

242 686 424 744 ejusque
442 686 615 735 milites,
653 685 771 743 quod
790 685 846 726 ab
868 700 1016 741 opere,
1048 683 1226 741 integris
1247 683 1575 733 munitionibus,
1605 698 1729 724 vaca-

242 746 366 795 bant,
387 745 460 788 alii
482 744 673 803 lignandi
697 742 1022 801 pabulandique
1044 759 1188 785 caussa
1205 742 1375 799 longius
1395 741 1731 802 progredieban-

241 812 340 853 tur3
371 804 461 852 alii,
483 803 600 861 quod
622 803 769 845 subito
790 801 1014 845 consilium
1035 802 1314 859 profectionis
1336 810 1556 860 ceperant,
1573 816 1733 858 magna

242 871 369 922 parte
405 862 797 920 inpedimentorum
829 870 873 903 et
909 861 1176 903 sarcinarum
1208 861 1379 910 relicta,
1411 861 1465 903 ad
1485 860 1575 903 haec
1606 875 1731 926 repe-

240 922 373 965 tenda
391 922 563 964 invitati
585 921 914 979 propinquitate
935 920 1209 978 superiorum
1239 929 1498 970 castrorum,
1528 918 1735 977 depomtis

241 982 285 1024 in
317 980 605 1024 contubernio
638 980 781 1030 armis,
815 979 979 1022 vallum
1014 979 1334 1035 relinquebant.
1399 978 1570 1028 Quibus
1594 976 1650 1020 ad
1671 993 1734 1020 se-

238 1040 460 1098 quendum
481 1039 704 1098 inpeditis,
744 1039 902 1087 Caesar,
937 1038 1056 1095 quod
1080 1038 1171 1080 fore
1194 1037 1467 1095 providerat,
1497 1036 1732 1080 meridiano

241 1100 332 1141 fere
372 1107 585 1156 tempore,
637 1098 760 1154 signo
810 1097 1086 1154 profectionis
1126 1097 1249 1144 dato,
1287 1097 1527 1138 exercitum
1567 1095 1731 1145 educit,

239 1157 554 1216 duplicatoque
574 1155 666 1211 ejus
684 1155 767 1197 diei
796 1155 964 1202 itinere,
995 1162 1096 1196 octo
1119 1153 1234 1195 milia
1255 1169 1458 1212 passuum
1490 1170 1543 1196 ex
1563 1169 1615 1197 eo
1636 1154 1734 1198 loco

242 1216 464 1276 procedit:
498 1214 616 1270 quod
637 1214 777 1255 facere
802 1212 1030 1271 Pompeius
1050 1213 1233 1255 discessu
1256 1213 1441 1254 militum
1465 1228 1548 1255 non
1571 1213 1735 1271 potuit.

300 1275 373 1318 77.
408 1273 589 1315 Postero
625 1271 694 1313 die
730 1272 890 1320 Caesar,
926 1271 1121 1313 similiter
1166 1271 1389 1329 praemissis
1427 1271 1566 1328 prima
1607 1279 1733 1314 nocte

243 1331 564 1392 inpedimentiS,
587 1330 642 1373 de
665 1339 822 1386 quarta
841 1330 987 1387 vigilia
1006 1330 1095 1388 ipse
1116 1330 1356 1387 egreditur,
1380 1338 1446 1379 ut,
1467 1329 1500 1372 si
1521 1346 1611 1397 qua
1626 1339 1737 1373 esset

244 1391 431 1451 inposita
462 1388 694 1433 dimicandi
730 1389 971 1437 necessitas,
1004 1389 1195 1431 subitum
1225 1405 1368 1431 casum
1389 1388 1594 1446 expedito
1616 1405 1737 1432 exer-

241 1451 330 1495 citu
352 1449 533 1493 subiret.
600 1447 698 1491 Hoc
718 1447 830 1490 idem
860 1447 1038 1505 reliquis
1059 1447 1161 1490 fecit
1180 1447 1348 1490 diebus.
1413 1447 1583 1496 Quibus
1605 1448 1736 1492 rebus

241 1509 487 1577 perfectum
521 1516 602 1557 est,
641 1516 690 1549 ut
721 1505 935 1549 altissimis
963 1506 1213 1549 fluminibus
1247 1516 1381 1565 atque
1420 1506 1737 1565 inpeditissimis

242 1568 470 1612 itineribus
498 1567 666 1610 nullum
700 1566 920 1623 acciperet
954 1564 1287 1608 incommodum.
1353 1566 1584 1624 Pompeius
1604 1565 1736 1617 enim,

243 1623 375 1687 primi
390 1626 476 1669 diei
498 1641 618 1668 mora
647 1625 796 1673 inlata,
834 1634 877 1666 et
912 1624 1181 1682 reliquorum
1203 1623 1373 1667 dierum
1397 1625 1561 1668 frustra
1583 1625 1734 1669 labore

241 1693 461 1745 suscepto,
483 1700 619 1741 quum
642 1700 685 1725 se
708 1683 870 1741 magnis
891 1683 1117 1726 itineribus
1136 1683 1392 1726 extenderet
1412 1692 1457 1726 et
1477 1699 1735 1741 praegressos

242 1743 449 1802 consequi
466 1750 661 1801 cuperet,
685 1751 847 1799 quarto
867 1741 937 1784 die
960 1742 1083 1783 finem
1103 1743 1306 1799 sequendi
1329 1742 1433 1784 fecit
1452 1751 1585 1800 atque
1613 1743 1733 1786 aliud

241 1804 320 1849 sibi
339 1803 564 1847 consilium
585 1800 842 1859 capiendum
865 1800 1138 1842 existimavit.

304 1863 377 1905 78.
413 1860 589 1910 Caesari,
618 1860 671 1903 ad
703 1860 867 1902 saucios
895 1858 1188 1917 deponendos,
1224 1857 1490 1915 stipendium
1526 1859 1736 1903 exercitui

245 1921 455 1970 dandum,
487 1920 621 1962 socios
653 1917 983 1963 confirmandos,
1019 1918 1264 1976 praesidium
1289 1917 1468 1960 urbibus
1491 1918 1735 1976 relinquen-

244 1981 366 2032 dum,
402 1995 571 2022 necesse
605 1985 701 2021 erat
720 1977 839 2020 adiro
869 1977 1163 2035 Apolloniam.
1227 1976 1315 2017 Sed
1338 1976 1400 2018 his
1417 1976 1545 2019 rebus
1565 1985 1736 2021 tantum

246 2039 456 2097 temporis
488 2037 664 2087 tribuit,
694 2045 908 2094 quantum
929 2045 1024 2078 erat
1047 2035 1316 2094 properanti·
1334 2050 1521 2078 necesse:
1565 2036 1735 2080 timens-

247 2115 334 2158 que
373 2097 585 2146 Domitio,
619 2112 670 2138 ne
699 2095 892 2138 adventu
917 2095 1111 2153 Pompeii
1136 2103 1534 2152 praeoccnparetur,
1563 2095 1617 2138 ad
1637 2111 1736 2140 eum

254 2242 402 2283 pres-sion
425 2238 555 2280 justum
574 2237 617 2269 ito
625 2249 635 2269 r
655 2248 736 2269 nous
753 2238 799 2269 (lit
825 2239 960 2279 simple-

252 2290 355 2322 ment,
379 2294 442 2325 que
462 2280 565 2314 Cesar
584 2284 624 2321 ,Ιῐι
652 2293 715 2313 une
739 2283 844 2313 bonne
861 2286 959 2322 jaur-

251 2327 323 2367 πέρ,
337 2338 404 2360 une
415 2328 522 2358 bonne
532 2327 678 2363 marche,
689 2337 768 2357 sun-s·
779 2338 800 2367 y
811 2328 961 2358 “Machor

251 2371 347 2405 l'ide‘e
376 2372 419 2403 de
457 2372 595 2411 quelque
630 2370 789 2401 distance.
851 2372 962 2411 Argu-

256 2415 378 2449 mentis
407 2415 512 2446 utitur
540 2424 616 2445 cum
647 2413 737 2447 aliis,
779 2419 848 2445 tum
881 2415 962 2447 hoc.

254 2461 346 2503 quod
365 2460 410 2491 ab
426 2470 467 2491 co
483 2459 574 2493 loco.
596 2457 655 2488 ubi
678 2458 790 2488 Caesar
806 2459 961 2489 confecto

255 2506 376 2538 ninere
397 2503 490 2545 justo
515 2502 682 2535 consedit.
698 2502 912 2542 Pompeiani,
931 2503 962 2534 in

256 2550 377 2581 eodem
406 2549 484 2579 loco
510 2552 691 2584 versantes,
716 2551 827 2577 tamen
857 2546 888 2577 in
907 2558 964 2578 ve-

258 2600 330 2625 tera
356 2598 477 2627 castra,
502 2598 539 2623 ut
566 2594 602 2622 in
626 2592 748 2627 vicina,
781 2589 961 2622 redierunt.

258 2638 355 2669 Unde
384 2636 439 2668 liic
466 2636 574 2668 locus.
598 2634 655 2665 ubi
685 2635 922 2667 consederunt.
945 2647 963 2666 a

258 2680 431 2713 veteribus
446 2679 564 2711 castris
581 2688 646 2709 non
665 2677 788 2714 viginti
806 2685 864 2708 aut
879 2689 964 2719 qua-

260 2731 336 2756 tuor
362 2731 396 2756 ct
414 2723 533 2759 vigimi
552 2722 645 2754 inilia
665 2732 827 2763 passuum
844 2722 962 2754 abesse·

262 2769 385 2810 potuit.
431 2767 519 2798 Mihi
558 2767 697 2809 quidem
735 2765 836 2797 etiam
877 2766 964 2799 inde.

258 2813 339 2853 quia
368 2812 515 2844 additur.
545 2812 633 2852 quod
664 2814 725 2841 iter
746 2818 964 2852 proposuerat.

265 2859 390 2895 Caesar,
421 2855 566 2897 intelligi
599 2854 742 2888 videtur.
769 2864 834 2886 non
862 2854 964 2885 fuiss=¹

260 2900 394 2934 finitum
420 2907 455 2931 et
477 2906 606 2933 eertum
623 2899 686 2931 viae
711 2899 882 2942 spatium3
907 2900 964 2930 sed

1030 2237 1063 2268 in
1082 2238 1225 2270 arbitrio
1252 2238 1396 2270 (faesaris
1421 2245 1453 2270 et
1469 2245 1660 2280 temporum
1677 2250 1735 2272 ne-

1028 2282 1181 2314 cessitate
1223 2283 1385 2324 positum,
1421 2294 1597 2324 quousque
1635 2285 1738 2316 venet

1029 2326 1230 2368 deberetque.
1256 2328 1368 2357 (ει-ΞΜ
1393 2326 1455 2359 illo
1482 2328 1538 2358 die
1566 2329 1735 2368 progredi.

1031 2372 1175 2402 Omnem
1193 2382 1258 2402 rem
1284 2371 1418 2403 coniicit
1447 2381 1602 2403 numerus
1618 2382 1736 2414 passu-

1032 2426 1100 2448 um.
1123 2415 1181 2456 qui
1214 2415 1326 2457 capite
1355 2416 1420 2447 hoc
1450 2422 1601 2448 extremo
1634 2416 1737 2449 tradi-

1033 2465 1096 2489 lur.
1122 2460 1171 2490 M.
1514 2461 1517 2464 ’

1078 2504 1121 2534 1η
1133 2505 1357 2541 contubernio,
1386 2504 1417 2536 in
1442 2504 1588 2536 tentorio
1613 2516 1676 2537 suo
1701 2510 1738 2536 et

1029 2548 1339 2580 contubernalium.
1364 2550 1415 2580 M.

1079 2592 1152 2623 Octo
1171 2595 1266 2624 milia
1279 2604 1369 2634 pass.
1391 2591 1450 2624 alii
1465 2598 1532 2624 octo
1545 2594 1690 2624 milibus.

1079 2637 1240 2668 Procedit.
1280 2636 1361 2670 Alii.
1385 2636 1416 2667 in
1433 2636 1558 2678 quibus
1573 2635 1736 2668 cellarius

1033 2686 1063 2709 vt
1083 2680 1211 2713 Morus.
1226 2681 1374 2712 discedit.

1079 2726 1296 2764 stra—mesen&
1320 2725 1373 2756 Sic
1393 2726 1472 2756 cod.
1492 2725 1617 2757 bovan.
1651 2724 1735 2756 Vul-

1032 2779 1076 2808 go
1087 2780 1288 2809 prosp-essm.

1080 2814 1238 2851 Domitio,
1261 2812 1319 2855 qui
1338 2812 1371 2845 in
1390 2813 1590 2846 Macedonia
1604 2817 1686 2844 erat.
1703 2823 1734 2844 c.

1036 2858 1088 2888 36.
1114 2857 1164 2888 JI.
