1992 3271
239 173 297 216 28
654 170 737 215 DE
770 167 971 211 BELLO
1005 168 1296 211 GALLICO.

240 295 373 355 legati
401 295 458 337 ab
488 293 640 337 AEduis
670 302 715 336 et
746 309 772 336 a
805 292 994 336 Treviris
1025 293 1275 338 veniebant:
1326 294 1458 338 AEdui
1488 303 1706 354 questum,

274 355 360 397 uod
395 353 609 402 Harudes,
649 351 726 409 qui
757 368 898 410 nuper
926 353 970 394 in
1009 352 1197 395 Galliam
1230 355 1514 412 transportati
1552 361 1706 403 essent,

271 429 342 455 nes
371 427 521 454 eorum
542 411 887 468 popularentur;
928 426 1014 452 sese
1044 426 1096 453 ne
1129 411 1349 454 obsidibus
1385 413 1558 470 quidem
1597 411 1709 454 datis

239 485 388 528 pacem
419 469 628 511 Ariovisti
660 469 866 511 redimere
898 470 1112 526 potuisse:
1161 469 1330 512 Treviri
1369 479 1530 519 autem,
1571 485 1707 528 pagos

238 537 411 570 centum
454 527 699 569 Suevorum
733 528 788 594 ad
814 528 929 585 ripas
958 526 1097 569 Rheni
1123 529 1371 578 consedisse,
1401 529 1477 586 qui
1508 528 1709 571 Rhenum

238 586 419 628 transire
445 595 730 635 conarentur;
756 586 805 628 iis
834 601 1013 643 praeesse
1044 586 1236 628 Nasuam
1262 596 1307 629 et
1338 587 1606 630 Cimberium
1624 586 1708 628 fra-

237 653 340 686 tres.
405 644 576 692 Quibus
597 645 727 686 rebus
753 645 896 686 Caesar
918 643 1186 687 vehementer
1208 656 1461 695 commotus,
1491 654 1707 688 maturan-

235 702 341 744 dum
361 701 442 744 sibi
463 703 737 752 existimavit,
758 718 826 751 ne,
846 703 879 744 si
908 717 1019 744 nova
1038 718 1187 746 manus
1210 705 1455 747 Suevorum
1472 720 1569 746 cum
1592 712 1707 745 vete-

236 761 358 803 ribus
399 761 532 818 copiis
567 761 776 803 Ariovisti
802 777 888 803 sese
919 761 1219 818 conjunxisset,
1250 763 1390 805 minus
1418 763 1541 804 facile
1569 761 1707 805 resisti

236 827 394 877 posset.
457 819 611 877 Itaque
639 835 685 861 re
706 819 1002 867 frumentaria,
1025 835 1156 885 quam
1174 820 1392 862 celerrime
1410 821 1572 878 potuit,
1595 835 1708 862 com-

236 886 404 936 parata,
424 878 588 935 magnis
608 878 832 920 itineribus
851 877 905 919 ad
926 877 1197 920 Ariovistum
1217 879 1450 921 contendit.

295 938 366 979 38.
399 936 548 985 Quum
569 936 702 978 tridui
719 937 832 978 viam
851 936 1136 994 processisset,
1159 937 1408 979 nunciatum
1427 945 1490 979 est
1505 937 1560 986 ei,
1581 935 1709 979 Ario-

235 994 396 1037 vistum
432 1010 531 1036 cum
561 995 647 1036 suis
681 995 879 1036 omnibus
911 1010 1045 1060 copus
1085 995 1139 1036 ad
1177 996 1475 1053 occupandum
1511 995 1709 1038 Vesonti-

235 1069 375 1101 onem,
394 1053 513 1111 quod
531 1062 595 1095 est
615 1053 826 1110 oppidum
848 1069 1079 1094 111311111111111
1103 1054 1420 1111 Sequanorum,
1434 1054 1707 1102 contendere,

235 1112 457 1169 triduique
484 1112 599 1153 viam
635 1127 660 1152 a
691 1127 777 1153 suls
806 1110 963 1153 finibus
1000 1111 1242 1169 profecisse.
1306 1110 1357 1154 Id
1392 1128 1444 1155 ne
1479 1112 1707 1161 accideret,

234 1185 391 1227 magno
416 1185 547 1227 opere
567 1170 895 1226 praecavendum
914 1169 994 1211 sibi
1017 1170 1161 1212 Caesar
1191 1170 1486 1213 existimabat:
1524 1186 1708 1237 namque

235 1228 427 1270 omnium
446 1243 608 1276 rerum,
629 1243 726 1285 quae
743 1228 798 1270 ad
826 1227 990 1269 bellum
1011 1228 1106 1269 usui
1129 1238 1267 1277 erant,
1288 1245 1452 1271 summa
1470 1238 1563 1271 erat
1592 1229 1635 1271 in
1655 1244 1706 1272 eo

234 1287 398 1344 oppido
418 1285 624 1332 facultas:
659 1286 788 1342 idque
819 1295 975 1327 natura
1002 1286 1084 1327 loci
1114 1286 1171 1328 sic
1197 1287 1490 1335 muniebatur,
1520 1295 1570 1328 ut
1590 1302 1708 1345 mag-

234 1360 333 1387 nam
353 1345 408 1386 ad
432 1320 674 1386 ducendum
696 1343 861 1385 bellum
883 1343 1006 1385 daret
1036 1344 1060 1383 f
1053 1344 1302 1393 {cultatem‚
1336 1353 1571 1402 propterea
1589 1345 1709 1403 quod
1760 1371 1766 1374 ·

233 1403 393 1444 flumen
426 1402 585 1450 Dubis,
621 1410 670 1442 ut
703 1401 862 1443 circino
889 1401 1248 1450 circumductum,
1284 1417 1404 1459 paene
1422 1412 1565 1445 totum
1583 1404 1709 1462 oppi-

232 1461 337 1503 dum
354 1460 513 1518 cingit:

280 1610 450 1642 Harudes.
488 1607 541 1639 Cf.
558 1618 588 1639 c.
605 1609 658 1640 31.
683 1607 733 1638 Μ.

284 1663 411 1693 Treriri
423 1666 533 1692 autem
547 1670 594 1690 sc.
619 1658 812 1691 nunciatum
823 1657 937 1690 venie-

232 1705 325 1737 bant.
350 1706 400 1736 M.

279 1750 388 1789 Ραῃος
408 1753 537 1779 centum
562 1748 657 1778 Suev.
693 1746 715 1777 i.
739 1759 785 1781 0.,
801 1745 939 1783 milites,

233 1804 276 1824 ex
291 1791 434 1829 sina-ulis
447 1797 579 1822 centurn
595 1801 753 1831 pagorum
767 1791 916 1822 delectos
930 1801 938 1819 z

234 1846 312 1867 nam
336 1831 469 1867 centum
494 1834 632 1866 omnino
652 1835 730 1875 pagi
756 1835 938 1867 Suevorum

234 1881 378 1921 fuerunt,
407 1890 426 1910 e
454 1879 579 1920 quibus
606 1879 783 1919 quotannis
808 1877 938 1913 sinzula

233 1923 341 1955 millia
355 1928 557 1954 armatorum
572 1921 811 1953 educebantur.
840 1921 892 1952 Cf.
910 1924 942 1957 4,

238 1970 266 1999 1.
307 1968 426 1999 Cellar.
471 1965 685 1997 Tralatitiutn
717 1972 780 2003 est,
801 1965 940 1996 Latinos

233 2022 357 2052 pagum
373 2010 418 2041 ita
430 2010 566 2047 dixisse,
581 2015 615 2039 ut
629 2010 859 2050 exprimerent
874 2009 941 2039 hoc

234 2055 337 2086 verbo
352 2055 398 2087 id.
411 2054 499 2095 quod
512 2052 614 2085 nostri
630 2054 775 2094 majores
785 2054 941 2084 dixerunt

239 2101 325 2131 Gau..
352 2099 447 2139 cujus
460 2097 554 2128 verbi
579 2097 720 2137 vestigia
737 2097 768 2128 in
788 2095 941 2138 pluribus

232 2143 406 2181 regionum
424 2140 616 2172 nominibus
633 2147 823 2182 supersunt.
864 2139 940 2170 Vid.

233 2197 264 2217 c.
286 2188 334 2223 12,
360 2192 393 2217 et
408 2188 462 2223 27,
485 2191 519 2215 et
534 2190 653 2225 praeter
675 2185 762 2216 alios
784 2184 939 2215 Dithma-

235 2240 308 2261 rum
333 2230 374 2261 ad
402 2228 515 2260 Taciti
539 2228 693 2259 German.
733 2239 765 2259 c.
801 2231 849 2261 12.
880 2226 938 2258 ubi

235 2273 417 2315 scriptores
462 2273 503 2302 (10
542 2272 603 2302 1130
642 2282 676 2302 10
715 2272 864 2310 colleg-it,
906 2275 940 2301 et

234 2317 411 2349 Wachteri
435 2315 642 2348 Glossarium
657 2315 886 2356 germanicum
905 2315 937 2346 in

239 2364 326 2394 Gau.
350 2362 401 2393 M.

280 2415 393 2455 Ripas·
410 2412 465 2444 Sic
482 2411 602 2443 Clarke
614 2422 632 2442 0
645 2412 743 2442 codd.
755 2412 812 2443 Gr.
826 2410 939 2451 ὄχθαις.

233 2458 277 2490 31.
292 2460 412 2499 ripam.

281 2509 462 2549 Pmrecisse.
509 2506 561 2537 Sic
573 2505 697 2547 optimi
711 2506 809 2537 codd.
829 2506 939 2547 Vulgo

231 2554 427 2595 processisse,
449 2562 468 2582 e
484 2551 605 2592 glossa.

283 2605 447 2641 Facultas,
474 2602 588 2644 copia,
613 2608 647 2633 ut
673 2605 703 2639 3,
725 2603 757 2633 9.
781 2602 854 2633 Cic.
879 2613 941 2642 pro

236 2647 397 2686 Quinctio
415 2651 446 2678 4.
461 2647 598 2683 facultas
612 2657 800 2678 numm-um.
848 2645 940 2676 Male

235 2693 333 2723 codd.
350 2690 469 2731 paucis
484 2689 638 2730 exceptis
652 2696 687 2720 et
701 2690 776 2720 edd.
798 2695 865 2720 vet.
882 2690 940 2720 ha-

235 2735 315 2765 bent
337 2735 520 2774 difficultas.
564 2734 724 2765 Gruterus
747 2743 864 2764 vocem
883 2733 939 2774 fu-

234 2780 337 2810 cultas
358 2778 527 2809 abundare
540 2777 692 2818 putabat.

282 2830 400 2862 Dubis.
437 2829 573 2860 Certum
585 2835 637 2860 est
649 2840 669 2860 a
686 2828 846 2861 Strabone
863 2827 940 2867 (lib.

235 2878 267 2906 4.
285 2885 319 2915 p.
341 2875 411 2912 186,
426 2878 459 2903 et
478 2874 566 2912 192),
599 2873 725 2911 Dubin,
740 2873 859 2905 Gallia·
882 2872 941 2903 flu-

232 2918 337 2956 vium,
360 2927 436 2949 011111
451 2917 546 2949 Arari
561 2918 773 2959 conjunctum
789 2917 822 2949 111
847 2916 941 2948 Rho·

550 1459 770 1517 reliquum
797 1459 1002 1517 spatium,
1024 1459 1142 1517 quod
1160 1469 1223 1502 est
1242 1476 1326 1503 non
1345 1461 1530 1519 amplius
1549 1462 1710 1519 pedum

1004 1607 1126 1638 danum
1150 1607 1309 1647 influere;
1341 1615 1375 1640 et
1397 1609 1461 1640 fuit
1485 1608 1545 1647 ibi,
1569 1609 1628 1641 ubi
1656 1609 1709 1641 hae

1005 1661 1056 1681 res
1072 1656 1172 1691 gestae
1190 1657 1275 1690 sunt,
1296 1663 1370 1693 quae
1393 1653 1427 1684 h.
1443 1654 1464 1684 1.
1485 1658 1709 1694 exponuntur.

1003 1693 1090 1725 Cum
1105 1705 1184 1733 ergo
1201 1696 1232 1726 in
1249 1697 1346 1727 codd.
1361 1697 1506 1728 varietur
1530 1697 1706 1729 vehemen-

1003 1744 1063 1772 ter.
1089 1739 1181 1777 (nam
1206 1739 1363 1771 scribitur
1395 1741 1560 1778 Alduahis,
1588 1741 1710 1773 ΑΙάιια·

1003 1782 1108 1819 alubis,
1140 1784 1186 1814 ..u
1189 1783 1372 1818 lunda-‚eius
1400 1784 1622 1818 Adluadubis.
1652 1785 1707 1815 Al-

1002 1826 1196 1862 ‹lnamluffiq
1206 1827 1324 1858 maluit
1336 1827 1504 1859 Cellarius
1518 1833 1593 1869 post
1609 1827 1709 1858 Vale-

1004 1868 1090 1900 sium
1106 1875 1139 1900 et
1156 1869 1313 1902 vossium
1333 1871 1460 1912 aliquid
1473 1871 1555 1903 certi
1572 1882 1708 1913 ponere,

1003 1919 1035 1943 et
1051 1915 1155 1945 Dubze
1168 1913 1201 1944 h
1212 1914 1233 1944 1.
1246 1915 1420 1951 leoendum
1444 1926 1515 1947 esse
1534 1914 1710 1964 judicavit:

1005 1957 1104 1988 Ilunc
1129 1957 1248 1998 reliqui
1271 1959 1416 1990 editores
1439 1958 1578 1991 Caesaris
1602 1958 1706 1990 secuti

1003 2006 1091 2031 sunt.
1137 2001 1167 2029 t
1171 2002 1232 2033 nde
1249 2001 1379 2033 fluxerit
1395 2003 1450 2033 illa
1467 2002 1651 2045 corruptio,
1676 2008 1709 2034 et

1003 2043 1062 2085 qui
1088 2044 1211 2076 factum
1238 2045 1293 2083 sit,
1319 2052 1353 2077 ut
1373 2052 1499 2078 1010105
1523 2046 1600 2078 libri
1626 2056 1707 2078 con-

1005 2093 1127 2118 stanter
1139 2089 1183 2119 ab
1209 2088 1307 2120 initio
1331 2089 1460 2131 aliquot
1483 2090 1626 2132 syllabas
1649 2091 1709 2121 ad-

1004 2131 1215 2172 (Ὧι-0111411115
1229 2133 1424 2173 intesttget’
1462 2134 1561 2166 Putet
1572 2134 1707 2175 aliquis,

1002 2175 1083 2216 quia
1118 2175 1241 2207 flumen
1274 2175 1391 2211 Ἀδοόας
1421 2183 1470 2210 ter
1497 2188 1518 2209 a
1546 2178 1708 2209 Strabone

1004 2226 1284 2251 commemoratur
1301 2222 1350 2262 (p.
1370 2223 1440 2252 199.
1464 2223 1540 2251 90⁴.
1563 2221 1679 2260 909).'
1672 2231 1705 2252 111

1005 2262 1070 2294 1100
1088 2263 1237 2295 fortassis
1259 2275 1330 2295 esse
1344 2265 1472 2306 aliquid
1487 2265 1707 2304 adminiculi;

1004 2307 1060 2337 sed
1079 2306 1138 2338 ille
1161 2308 1272 2338 Aduas
1292 2313 1341 2340 est
1355 2309 1397 2339 ad
1415 2308 1540 2340 Lacum
1561 2308 1709 2348 Larium,

1006 2351 1122 2390 procul
1147 2361 1166 2381 a
1183 2351 1356 2392 Sequanis,
1372 2352 1403 2383 in
1422 2363 1563 2393 quorum
1585 2353 1709 2384 finibus

1005 2394 1056 2424 hae
1073 2405 1124 2425 res
1139 2400 1238 2435 ‘gestae
1253 2400 1340 2433 sunt,
1352 2401 1528 2427 remotum.
1547 2397 1596 2427 Μ.
1627 2396 1709 2428 For-

1006 2448 1063 2469 san
1082 2438 1110 2468 is
1127 2438 1249 2470 fluvius
1263 2439 1370 2470 dictus
1394 2439 1500 2471 fuet-at
1520 2440 1641 2472 Addua
1654 2441 1708 2472 vel

1007 2482 1131 2519 ΑΙιλιια,
1155 2482 1251 2523 cujus
1266 2483 1431 2514 recentius
1446 2493 1580 2522 nomen,
1594 2484 1707 2515 statim

1006 2535 1067 2565 per
1098 2526 1244 2565 glossam
1277 2537 1296 2557 a
1321 2526 1471 2558 librariis
1495 2527 1528 2558 in
1558 2528 1708 2566 margine

1007 2569 1166 2609 positum,
1177 2569 1255 2601 dein
1272 2581 1348 2601 cum
1361 2570 1426 2602 isto
1442 2569 1554 2612 priore
1569 2571 1707 2603 coaluit.

1053 2613 1146 2647 Quod
1158 2619 1203 2645 est
1217 2624 1283 2646 non
1297 2615 1447 2656 amplius.
1493 2614 1548 2645 Sic
1564 2615 1662 2646 codd.
1675 2620 1709 2646 et

1006 2656 1079 2686 edd.
1096 2662 1163 2687 vet.
1219 2655 1341 2688 Verum
1361 2657 1475 2699 potius
1494 2658 1577 2690 MD.
1598 2659 1709 2697 legen-

1006 2700 1085 2730 dum
1110 2706 1223 2732 censet
1245 2701 1424 2733 D’Anville
1448 2702 1481 2733 in
1506 2702 1585 2733 Not.
1608 2703 1649 2733 de
1676 2703 1708 2733 la

1007 2743 1124 2781 Gaule,
1150 2755 1185 2785 p.
1213 2745 1288 2776 694.
1339 2745 1405 2777 Tot
1425 2745 1513 2777 enim
1542 2746 1642 2786 pedes
1673 2746 1706 2777 in

1006 2786 1151 2818 circuitu
1180 2788 1306 2819 montis
1334 2788 1464 2820 radices
1492 2788 1634 2828 habent,·
1670 2789 1706 2821 ni

1007 2830 1117 2862 Caesar
1133 2831 1208 2863 heic
1235 2833 1337 2872 pedes
1356 2831 1505 2874 accipiat
1525 2842 1586 2874 pro
1602 2832 1707 2873 passi-

1006 2874 1070 2906 bus
1116 2875 1367 2914 communibus,
1407 2887 1492 2917 quos
1525 2876 1708 2918 conficiunt

1007 2919 1110 2960 pedes
1124 2919 1190 2952 duo
1205 2930 1283 2951 cum
1297 2919 1452 2960 dimidio.
