1946 3261
683 162 800 207 LIB.
834 161 870 207 Ι.
934 161 1073 207 CAP.
1113 161 1239 207 1—3.
1626 156 1712 202 261

220 289 404 334 Dixerat
424 289 581 349 aliquis
600 289 809 334 leniorem
825 289 1097 339 sententiam,
1119 298 1171 333 ut
1189 288 1332 350 primo
1353 286 1422 332 M.
1443 284 1705 338 Marcellus,

218 350 433 408 ingressus
465 351 508 394 in
541 367 635 394 eam
667 350 910 394 orationem
937 365 1022 394 non
1053 358 1260 407 oportere
1291 357 1391 392 ante
1415 347 1471 391 de
1499 363 1550 391 ea
1576 356 1631 391 ‘re
1650 347 1708 391 ad

223 410 431 453 Senatum
455 410 625 459 referri,
643 425 775 466 quam
795 409 979 452 dilectus
998 417 1096 451 tota
1118 407 1246 450 Italia
1266 407 1405 451 habiti
1425 415 1470 450 et
1490 406 1711 450 exercitus

222 469 458 528 conscripti
477 478 642 517 essent;
673 483 762 524 quo
782 468 981 525 praesidio
1003 475 1102 510 tuto
1136 475 1180 510 et
1209 466 1346 510 libere
1375 468 1581 516 Senatus,
1612 481 1714 524 quae

221 527 371 578 vellet,
402 528 633 571 decernere
655 526 862 568 auderet:
896 535 948 568 ut
972 526 1040 569 M.
1065 524 1280 575 Calidius,
1314 525 1391 583 qui
1413 525 1633 576 censebat,
1656 532 1712 568 ut

225 586 460 645 Pompeius
495 586 539 628 in
575 601 672 628 suas
708 584 952 643 provincias
987 583 1352 643 proficisceretur,
1389 599 1442 627 ne
1478 599 1567 642 qua
1600 590 1715 628 esset:

220 661 444 688 armorum
478 660 650 693 caussa;
683 644 835 686 timere
871 643 1101 694 Caesarem,
1133 643 1330 702 abreptis
1361 642 1419 686 ab
1450 659 1503 686 eo
1533 643 1711 686 duabus

221 703 480 763 legionibus,
506 719 558 746 ne
580 702 636 745 ad
658 703 751 761 ejus
772 701 1018 761 peri-culum
1051 717 1270 744 reservare
1290 710 1335 744 et
1355 702 1544 745 retinere
1564 718 1634 745 eas
1654 701 1713 744 ad

219 763 369 806 urbem
413 762 648 821 Pompeius
687 761 936 805 videretur:
979 769 1031 803 ut
1071 760 1136 803 M.
1161 759 1322 810 Rufus,
1358 761 1434 818 qui
1455 761 1715 804 sententiam

221 822 381 874 Calidii
403 823 551 882 paucis
571 822 660 864 fere
682 821 860 864 mutatis
877 821 1008 864 rebus
1026 818 1313 878 sequebatur:
1348 818 1391 861 hi
1413 835 1576 871 omnes,
1609 834 1714 863 con-

217 880 330 924 vicio
353 881 402 924 L.
428 881 606 925 Lentuli
629 879 830 924 Consulis
852 879 1068 939 conrepti,
1091 878 1444 937 exagitabantur.
1497 877 1714 922 Lentulus

217 942 474 984 sententiam
498 941 656 984 Calidii
677 940 1069 999 pronunciaturum
1090 954 1134 981 se
1150 936 1327 982 omnino
1350 937 1542 997 negavit.
1589 938 1714 981 Mar-

216 1000 369 1050 cellus,
408 1001 671 1060 perterritus
704 999 924 1048 conviciis,
956 1014 982 1041 a
1015 1014 1092 1042 sua
1122 996 1338 1041 sententia.
1368 997 1573 1040 discessit.
1639 996 1716 1040 Sic

217 1060 396 1104 vocibus
419 1060 637 1109 Consulis,
655 1068 824 1102 terrore
881 1059 1070 1102 raesentis
1083 1057 1314 1107 exercitus,
1330 1056 1456 1099 minis
1472 1056 1717 1099 amicorum

221 1119 437 1179 Pompeii,
460 1120 661 1178 plerique
684 1076 915 1178 compulsi,
936 1117 1062 1161 inviti
1084 1126 1129 1160 et
1147 1116 1287 1160 coacti
1307 1114 1524 1175 Scipionis
1544 1123 1714 1159 senten-

220 1178 325 1222 tiam
359 1187 628 1238 sequuntur:
664 1187 693 1205 “
714 1177 779 1220 uti
813 1187 914 1220 ante
951 1186 1117 1220 certam
1148 1176 1265 1219 diem
1303 1175 1449 1219 Caesar
1474 1174 1716 1218 exercitum

221 1238 498 1286 “·dimitt.at;
530 1239 673 1281 sinon
706 1237 854 1286 faciat,
884 1253 982 1279 eum
1018 1235 1228 1279 adversus
1259 1233 1596 1293 Rempublicam
1629 1234 1717 1277 fac-

221 1305 250 1324 “
276 1307 425 1341 turum
449 1297 629 1341 vide1·i.”
691 1295 930 1338 Intercedit
955 1294 1024 1337 M.
1050 1294 1285 1344 Antonius,
1319 1293 1375 1343 Q.
1400 1293 1588 1341 Cassius,
1616 1292 1716 1336 Tri-

219 1356 326 1400 buni
369 1356 523 1415 plebis.
588 1356 800 1398 Refertur
841 1352 1070 1396 confestim
1109 1353 1167 1396 de
1208 1352 1512 1396 intercessione
1554 1351 1719 1395 Tribu-

218 1431 403 1460 norum:
438 1416 649 1458 dicuntur
682 1413 907 1457 sententiae
937 1426 1111 1471 graves:
1147 1418 1198 1454 ut
1219 1412 1406 1469 quisque
1436 1410 1716 1454 acerbissime

217 1474 602 1533 crudelissimeque
625 1472 754 1522 dixit,
778 1472 838 1515 ita
868 1487 998 1530 quam
1031 1470 1217 1514 maxime
1241 1470 1299 1513 ab
1329 1469 1510 1514 inimicis
1535 1469 1721 1514 Caesaris

215 1542 521 1587 conlaudatur.

277 1604 320 1645 3.
357 1602 493 1645 Misso
520 1600 575 1644 ad
599 1615 830 1659 vesperum
855 1599 1039 1646 Senatu,
1061 1611 1224 1648 omnes,
1255 1595 1455 1654 quisunt
1487 1598 1581 1655 ejus
1601 1597 1720 1642 ordi-

216 1662 296 1714 nis,
343 1677 369 1704 a
410 1660 622 1720 Pompeio
663 1668 918 1703 evocantur.

219 1782 284 1809 rat.
309 1775 343 1808 In
359 1774 459 1807 codd.
475 1771 652 1805 Ciacconii
670 1778 703 1804 et
718 1770 847 1804 Mureti
868 1771 930 1810 (V.

220 1821 259 1853 L.
281 1823 330 1859 10,
345 1821 417 1860 20.)
429 1818 552 1860 legitur
566 1823 700 1855 auct-(11,
713 1817 805 1859 quod
820 1821 930 1848 ortum

221 1870 340 1907 putant
362 1875 403 1896 ex
431 1875 466 1895 a.
484 1874 518 1896 u.
534 1868 620 1901 erat,
649 1863 697 1894 ad
714 1862 830 1893 urbam
843 1866 930 1896 erat.

220 1910 306 1943 Sane
321 1909 371 1941 sic
389 1908 424 1940 τὸ
438 1908 557 1940 aderat
571 1912 622 1939 est
636 1906 853 1948 capiendum.

267 1956 320 1987 De
335 1965 376 1985 ea
390 1964 439 1985 re.
474 1951 529 1984 Sic
545 1952 646 1983 codd.
673 1950 737 1982 Sed
760 1950 874 1992 vulgo,
891 1949 932 1981 de

222 1999 411 2042 Republica.
443 1997 493 2028 M.
535 1999 538 2002 '

266 2044 422 2082 Abreple's.
444 2041 557 2072 Gitan.
570 2040 602 2073 in
613 2039 699 2072 obs.
718 2038 755 2070 L.
768 2036 807 2070 L.
820 2049 853 2080 p.
873 2038 927 2068 53.

219 2087 331 2120 minus
347 2086 433 2118 benc·
446 2087 610 2126 rot-replis.

266 2132 409 2164 Duabus
437 2129 632 2170 tussionibus.
668 2127 739 2159 vid.
763 2137 865 2169 supra
893 2128 924 2165 S,

220 2177 276 2208 54.
303 2176 352 2208 M.

266 2221 403 2253 Μαλαιὶς
418 2218 526 2250 robus.
555 2217 601 2249 al.
626 2217 742 2249 verbis.
766 2227 785 2248 e
801 2215 927 2257 glossa.

219 2264 380 2297 Ciaccon.
398 2262 625 2304 expungebat-

265 2310 586 2342 Pronunciaaemum.
615 2303 822 2338 Pronunciat
835 2302 926 2335 Con-

219 2353 271 2386 sul
299 2352 494 2387 sententias.
523 2362 601 2383 cum
627 2361 698 2389 eas,
723 2360 799 2392 qua·
826 2348 927 2379 dictae

218 2403 309 2434 sunt,
331 2395 475 2428 breviter
491 2396 613 2438 repetit
635 2402 668 2426 et
685 2398 870 2431 enumerat,
891 2398 929 2424 ut

221 2443 366 2474 Senatus
390 2440 422 2472 in
439 2439 598 2483 suffragia
614 2439 788 2471 discedere
807 2436 928 2480 possit.

220 2488 272 2520 M.

270 2532 407 2563 Terrore
417 2539 517 2572 praes.
531 2538 637 2561 exerc.
650 2526 710 2570 qui
728 2536 807 2559 cum
825 2526 927 2557 Pom-

220 2575 300 2618 peio
318 2580 399 2605 erat.
426 2574 475 2605 M.
499 2573 553 2604 4Τὸ
565 2574 736 2615 premendas
750 2571 782 2602 in
799 2571 927 2603 Lovan.

220 2622 327 2657 deest,
341 2619 431 2661 quod
450 2617 570 2659 probat
587 2616 703 2648 Davis-
720 2625 787 2647 nen
803 2625 881 2657 ego.

265 2662 402 2696 ild-vers.
423 2663 540 2704 Remp.
561 2660 648 2702 face.
680 2659 825 2691 Mollior
860 2660 929 2690 for·

219 2709 325 2747 mula,
361 2717 476 2749 quam,
518 2706 652 2737 hostem
688 2701 853 2746 judicari3
892 2712 927 2734 re

216 2758 333 2785 autem
365 2751 446 2784 huic
476 2751 544 2782 sere
575 2748 800 2806 conset-fiens.
856 2748 928 2780 Cec-

213 2799 332 2833 ίαν-ωε.

267 2840 456 2875 Inter-redit.
502 2837 558 2871 Sic
588 2837 688 2870 codd.
736 2835 803 2870 Alii
827 2838 930 2869 inter·-

220 2887 486 2926 cedant,c0nt1a
509 2883 608 2916 codd.
658 2880 736 2914 Vid.
765 2881 800 2914 b.
828 2881 926 2915 Alex.

996 1656 1176 1701 Laudat
1220 1655 1455 1715 Pompeius
1494 1664 1630 1715 atque
1671 1658 1719 1702 in

1001 1780 1032 1801 c.
1049 1772 1081 1844 Ξ.
1104 1768 1160 1801 Cf.
1179 1767 1275 1812 Virg.
1289 1768 1414 1814 Georg.
1433 1772 1466 1809 2,
1484 1771 1560 1802 495.
1585 1769 1716 1803 Lucan.

1007 1816 1035 1853 1,
1073 1816 1127 1845 22.

1049 1862 1074 1890 Α
1094 1859 1250 1900 Pompeio
1267 1863 1461 1895 evocantur,
1481 1864 1576 1891 extra
1592 1858 1713 1891 urbem

1001 1908 1188 1935 evocantur
1204 1902 1394 1941 Senatores,
1425 1908 1462 1934 ut
1490 1902 1633 1936 Senatus
1650 1904 1715 1936 ha-

1002 1947 1135 1979 beatur.
1187 1947 1287 1979 Cont'.
1319 1958 1350 1979 c.
1381 1948 1411 1978 6.
1447 1948 1625 1980 Οεὶἱανὶιιε.
1674 1947 1711 1978 Οἱ

1000 1992 1142 2036 ἄρχοντες
1156 1989 1359 2036 στεατοσέδων
1368 1993 1425 2031 (ac
1437 1990 1517 2023 talis
1527 1997 1598 2024 erat
1611 1992 1715 2024 Pom-

1002 2036 1116 2077 peius)
1129 2037 1165 2070 εἰς
1179 2037 1230 2070 τὴν
1243 2036 1329 2067 πόλιν
1340 2049 1392 2067 ουκ
1404 2035 1518 2067 εἷο-ἴασι.
1538 2036 1714 2068 Plutarch.

1000 2080 1034 2112 in
1054 2080 1223 2122 Pompeio
1238 2091 1269 2112 c.
1286 2082 1341 2112 58.
1365 2079 1533 2111 Praeterea
1542 2080 1715 2113 Marcian-

999 2126 1062 2157 dus
1078 2125 1129 2165 (in
1150 2123 1453 2167 Explicationibus
1474 2131 1557 2157 vett.
1582 2125 1715 2167 aliquot

998 2176 1194 2208 auctorum,
1221 2169 1265 2200 ad
1283 2169 1416 2201 calcem
1433 2167 1555 2211 Suppl.
1587 2169 1711 2212 Eurip.

999 2225 1035 2256 p.
1069 2215 1148 2252 264)
1180 2212 1250 2255 legi
1279 2213 1377 2253 vult3
1416 2213 1536 2245 Omnes
1564 2216 1673 2245 sui—
1688 2225 1714 2247 a

1001 2259 1122 2300 Pomp.
1139 2263 1324 2291 evocantur
1335 2270 1347 2289 .-
1370 2259 1471 2290 utsui
1483 2257 1550 2289 sint
1561 2258 1713 2291 fautores

997 2308 1031 2334 et
1046 2302 1150 2334 amici
1168 2301 1315 2344 partium
1330 2301 1489 2343 Pompeii
1503 2314 1511 2333 :
1527 2313 1602 2334 esse
1617 2302 1711 2335 enim

997 2345 1210 2386 incredibile,
1223 2351 1332 2379 totum
1350 2346 1511 2378 Senatum
1525 2353 1711 2380 evocatum

997 2401 1072 2423 esse
1098 2401 1118 2422 a
1145 2390 1327 2434 Pompeio,
1352 2397 1386 2422 et
1405 2390 1576 2423 Caesarem
1599 2392 1712 2424 nullos

998 2435 1048 2467 ibi
1085 2434 1219 2468 amicos
1256 2434 1430 2467 habuisse.
1490 2437 1557 2468 Sed
1593 2446 1706 2468 nonne

997 2485 1118 2522 sponte
1145 2479 1364 2522 intelligitur,
1397 2479 1484 2512 illud
1514 2491 1630 2512 omnes
1669 2479 1705 2512 in

996 2528 1141 2564 tantum,
1156 2524 1190 2557 in
1206 2530 1374 2566 quantum
1390 2534 1443 2556 res
1460 2524 1598 2566 patitur,
1610 2523 1709 2566 capi-

996 2569 1122 2601 endum
1137 2570 1235 2602 esse?
1280 2567 1383 2601 Talia
1398 2577 1465 2599 non
1485 2573 1567 2609 puto
1582 2567 1709 2610 corrigi

996 2613 1134 2646 debere.
1181 2613 1314 2645 Eodem
1329 2613 1433 2644 modo
1447 2617 1644 2654 argutantur
1656 2612 1710 2645 in-

996 2663 1162 2700 terpretes
1178 2657 1211 2689 in
1225 2656 1446 2699 sequentibus
1456 2655 1592 2688 verbis:
1613 2657 1710 2690 Lau-

995 2702 1057 2735 dat
1079 2703 1198 2744 Pomp.
1223 2706 1325 2743 alque
1348 2703 1386 2733 in
1405 2712 1443 2743 p.
1459 2702 1657 2742 confirmat.-
1674 2700 1711 2733 in

995 2746 1123 2789 quibus
1137 2756 1239 2778 nemo
1257 2745 1383 2777 haerere
1403 2750 1531 2788 potest.
1573 2745 1709 2778 Tamen

994 2791 1241 2833 edd.quaedam
1259 2789 1407 2821 habeut:
1448 2789 1588 2822 Laudat
1592 2801 1710 2833 prom-

995 2841 1042 2869 ms
1073 2842 1176 2878 atque
1204 2850 1262 2864 --.
1308 2833 1406 2866 Alius
1434 2833 1580 2866 maluitz
1612 2835 1708 2867 Lau-

995 2881 1056 2917 dat
1081 2890 1178 2914 acres
1206 2884 1406 2923 atque-v—.
1455 2878 1586 2914 Rursus
1610 2878 1708 2914 Mat·
