1946 3261
589 215 709 265 LIB.
742 215 824 262 VI.
887 215 1024 265 CAP.
1055 215 1246 260 25-27.
1577 214 1657 260 155

171 341 359 388 fluminis
401 343 594 390 Danubii
644 345 818 404 regione
866 343 1056 403 pertinet
1105 343 1162 387 ad
1201 343 1306 387 fines
1347 343 1570 387 Dacorum
1610 351 1657 387 et

173 402 428 446 Anartium:
477 404 576 447 hinc
611 421 654 447 se
685 405 821 448 flectit
856 404 1139 453 sinistrorsus,
1180 402 1359 449 diversis
1389 402 1447 445 ab
1480 402 1656 445 flumine

171 462 438 521 regionibus,
477 464 802 521 multarumque
842 461 1038 520 gentium
1077 461 1179 504 fines
1217 469 1402 521 propter
1437 461 1656 520 magnitu-

171 520 317 564 dinem
337 522 546 581 adtingit:
581 539 720 580 neque
742 522 972 581 quisquam
992 527 1058 563 est
1077 519 1487 578 hujus‘Germaniae,
1514 520 1592 578 qui
1612 536 1656 563 se

171 588 249 622 aut
268 580 404 623 adisse
433 581 488 624 ad
510 581 683 624 initium
701 582 792 640 ejus
812 582 929 624 silvae
948 579 1081 628 dicat,
1113 594 1251 637 quum
1275 578 1446 623 dierum
1467 579 1551 623 iter
1575 579 1657 622 LX

171 639 444 697 processerit,
465 647 543 682 aut
564 655 653 697 quo
675 656 729 682 ex
743 640 845 683 -1000
866 639 1051 688 oriatur,
1073 637 1306 695 acceperit.
1371 638 1521 680 Multa
1541 638 1585 680 in
1604 654 1657 681 ea

171 712 330 755 genera
361 697 554 741 ferarum
585 699 699 741 nasci
730 706 914 749 constat,
941 713 1039 754 quae
1060 695 1238 752 reliquis
1270 696 1314 737 in
1334 694 1439 737 locis
1458 696 1548 738 visa
1568 712 1656 739 non

170 756 276 798 sint:
309 771 363 797 ex
383 757 559 814 quibuS‚
581 774 678 815 quae
698 758 882 800 maxime
902 757 1102 800 differant
1123 755 1180 798 ab
1202 755 1355 798 ceteris
1375 761 1420 796 et
1438 756 1656 799 memoriae

171 814 394 873 prodenda
413 815 659 866 videantur,
681 816 768 860 haec
790 824 904 859 sunt.

229 873 302 915 26.
336 881 365 899 “
389 873 469 917 Est
488 874 566 917 bos
585 876 701 918 cervi
717 876 874 934 figura,
896 875 1019 934 cujus
1038 890 1063 917 a
1080 872 1222 916 media
1236 872 1380 915 fronte
1401 868 1513 913 inter
1532 886 1658 915 aures

172 939 202 957 ‘⁶
224 948 359 974 unum
379 949 516 976 cornu
536 934 717 985 exsistit,
748 934 954 977 excelsius
974 933 1196 991 magisque
1216 932 1434 974 directum
1455 929 1535 979 his,
1557 945 1657 986 quae

170 997 201 1017 ‘⁴
225 991 349 1034 nobis
369 999 473 1035 nota
500 1001 616 1044 sunt,
649 994 864 1037 cornibus.
928 993 1001 1035 Ab
1022 993 1112 1050 ejus
1140 1007 1322 1039 summo,
1353 989 1464 1031 sicut
1484 988 1658 1055 palmae,

171 1057 200 1076 “
223 1050 332 1093 rami
352 1066 483 1108 quam
503 1052 590 1095 late
610 1052 931 1096 diffunduntur.

993 1051 1159 1095 Eadem
1179 1059 1243 1094 est
1261 1049 1427 1093 feminae
1443 1063 1659 1107 marisque

141 1133 143 1135 ·
171 1117 200 1135 ‘⁶
224 1118 396 1160 natura,
418 1110 565 1153 eadem
586 1112 726 1155 forma
745 1111 1086 1170 magnitudoque
1106 1125 1336 1154 cornuum.

229 1168 301 1211 27.
336 1177 365 1196 ‘⁶
393 1170 507 1213 Sunt
528 1171 648 1222 item,
670 1187 768 1230 quae
788 1171 1067 1230 adpellantur
1090 1170 1231 1214 Alces.
1285 1168 1458 1212 Harum
1477 1174 1542 1210 est
1561 1181 1660 1211 con-

172 1357 181 1363 ,
221 1316 387 1358 Rectaque
393 1317 503 1360 flum.
541 1317 578 1349 Id
594 1322 645 1350 est
661 1323 829 1360 perpetuo
845 1322 879 1349 et

174 1369 207 1390 111
240 1360 379 1401 longum
408 1367 567 1403 porrecto
596 1367 715 1393 tractu.
762 1362 817 1393 Sic
847 1367 880 1394 et

173 1403 269 1435 Curt.
286 1405 318 1443 7,
335 1406 367 1441 7,
384 1408 414 1436 4.
433 1405 493 1437 ubi
511 1406 579 1437 vid.
597 1406 753 1437 Pitiscus.

219 1449 414 1480 Anartium.
459 1449 665 1491 Designante
693 1450 879 1481 Ptolemaeo

172 1492 223 1531 (9,
252 1491 300 1530 8),
337 1492 393 1524 cui
423 1493 562 1538 ’'Arnen-ot
599 1494 766 1533 dicuntur,
805 1499 881 1525 Sunt

173 1538 312 1585 Anartes
331 1548 398 1568 seu
423 1538 541 1569 Anarti
564 1538 668 1570 Dacis
690 1550 710 1571 a
733 1543 881 1580 septem-

173 1586 284 1612 trlone
301 1581 466 1613 continui.
492 1583 616 1613 Cellar.

220 1626 338 1665 qu'as
353 1627 553 1664 Germanice,
571 1625 675 1667 partis
688 1626 790 1667 hujus
799 1625 880 1656 Ger-

173 1667 307 1707 maniae,
319 1669 360 1699 de
370 1679 439 1710 qua
451 1668 564 1701 Caesar
578 1670 733 1712 proxime
749 1670 880 1704 locutus

171 1717 256 1744 erat.
282 1714 403 1744 Dat-is.

220 1758 286 1792 Qui
299 1768 346 1789 se.
391 1758 473 1790 Post
497 1758 572 1790 haec
596 1758 699 1790 verba
721 1759 820 1790 codd.
845 1762 880 1789 et

170 1801 247 1832 edd.
270 1811 392 1842 magno
420 1812 560 1834 numero
585 1803 710 1834 addunt
737 1809 796 1834 aut
817 1813 881 1833 αῑι-

170 1845 267 1877 disse.
306 1845 382 1884 Sed,
398 1852 436 1878 ut
449 1858 502 1878 res
514 1847 665 1888 loquitur
676 1853 709 1878 et
722 1847 877 1878 Oudend.

170 1888 314 1929 monuit,
339 1890 437 1931 plane
462 1892 646 1923 redundant
667 1891 742 1923 haec
760 1891 879 1931 verba3

169 1933 251 1974 quia
282 1934 447 1975 sequitur,
471 1941 530 1968 aut
559 1937 736 1977 acceperit.
780 1936 880 1967 Foret

171 1988 253 2019 ergo
279 1989 371 2011 mera
395 1980 595 2021 tautologia,
620 1982 678 2021 qui
695 1991 728 2011 se
744 1980 880 2012 audisse

171 2022 274 2061 dicat,
290 2028 335 2062 et,
351 2025 409 2065 qni
426 2027 597 2066 acceperit.
644 2025 734 2064 Ergo
756 2023 880 2055 delevit

171 2065 231 2097 ille
248 2066 298 2098 vir
313 2067 431 2100 doctus
449 2068 513 2099 hoc
529 2067 811 2100 additamentum.
827 2069 877 2099 M.

217 2111 393 2143 filemoriae
419 2113 608 2153 prodenda.
656 2112 804 2153 Respice
835 2112 878 2143 ad

175 2156 206 2192 5,
222 2156 271 2185 12.
286 2154 346 2186 ubi
362 2161 412 2187 est
427 2158 590 2188 memoria
600 2157 784 2199 proditum.
823 2156 878 2188 Sic

172 2204 205 2230 et
222 2198 292 2230 h.l.
307 2199 445 2240 quidam
462 2201 560 2231 codd.

219 2244 283 2275 Est
307 2243 362 2275 bos
387 2247 475 2276 cervi
493 2247 613 2286 ιῙὶφιτίι
626 2261 671 2267 -·
684 2261 730 2267 —-
744 2246 880 2284 masmi-

171 2287 315 2328 tudoque
340 2298 518 2320 commum.
565 2288 716 2329 Scriptus
742 2293 791 2318 est
810 2287 879 2318 5111-

172 2331 300 2371 gularis
324 2330 460 2363 libellus
483 2343 504 2363 a
528 2333 628 2363 Joan.
650 2332 878 2369 Beckmunno,

172 2376 212 2407 de
228 2377 366 2407 historia
380 2378 537 2408 naturali
556 2382 716 2414 reem-mn,
738 2375 798 2416 qui
816 2376 879 2405 Pe-

175 2419 302 2459 tropoli
330 2424 363 2450 et
387 2420 553 2461 Gottingae
576 2431 607 2451 a.
636 2421 717 2450 1766
741 2419 881 2459 prodiit.

174 2463 291 2494 Exstat
318 2463 468 2504 ejusdem
497 2464 563 2496 viri
592 2462 781 2494 doctissimi
811 2463 880 2495 alia

173 2506 365 2539 dissertatio
401 2509 442 2539 de
470 2510 649 2550 praecipuis
689 2508 879 2539 Germanice

173 2555 325 2593 antiquae
355 2553 575 2591 animalibus,
602 2552 636 2583 in
658 2549 879 2592 Bueschingii

173 2595 426 2627 commentariis
470 2596 628 2628 Russicis
668 2597 880 2637 (Bitscsamys

176 2640 449 2681 Ablzandlmzqen
471 2641 544 2672 und
567 2641 793 2672 Nachrichten
814 2650 879 2671 von

173 2684 246 2716 und
256 2694 318 2715 aus
334 2684 515 2715 Russlcmd.
535 2684 754 2725 Regiomont.
770 2684 879 2724 1765).

176 2728 211 2759 111
236 2727 290 2759 1115
310 2727 438 2759 libellis
459 2728 695 2760 Beckmannus
710 2727 772 2758 hos
788 2726 880 2768 ipsos

176 2771 319 2804 Caesaris
335 2772 428 2803 locos
444 2771 595 2803 tractavit
609 2771 806 2812 docuitque,
818 2771 880 2803 bo-

174 2827 252 2848 vem
279 2817 343 2848 hoc
368 2816 447 2847 loco
469 2815 679 2857 descriptum
694 2826 767 2847 esse
789 2815 879 2848 haud

176 2860 281 2892 dubie
298 2861 478 2892 rhenonem
495 2859 555 2903 (ch.
571 2871 601 2891 c.
613 2861 683 2900 21),
701 2870 758 2892 seu
772 2866 880 2892 taran-

177 2907 260 2939 dum
289 2904 435 2944 Linnaei,
463 2905 528 2936 das
558 2905 754 2943 Renntlzier,
778 2910 810 2936 et
837 2906 881 2937 ad

176 2950 404 2991 platycerotas
426 2947 529 2981 Plinii
551 2949 613 2987 (H.
627 2949 669 2981 N.
689 2950 739 2987 11,
757 2949 814 2989 37)
829 2961 880 2981 re-

171 2995 351 3041 ..ferendum
376 2993 497 3029 videri.
542 2993 680 3028 Monuit
700 2992 796 3034 item,
819 2994 881 3028 has

945 1317 1074 1350 bestias
1097 1316 1201 1349 hodie
1226 1315 1259 1347 in
1284 1312 1465 1348 Germania
1488 1313 1566 1345 ideo
1591 1323 1658 1346 non

948 1361 1100 1403 reperiri,
1129 1360 1305 1403 quoniam,
1341 1358 1469 1390 excisis
1498 1358 1594 1390 silvis
1622 1363 1658 1390 et

947 1406 1037 1447 agris
1052 1405 1162 1439 cultis.
1187 1406 1288 1446 longe
1308 1403 1510 1435 clementius
1530 1403 1657 1434 coelum

948 1450 1005 1489 sit,
1020 1460 1122 1491 quam
1138 1449 1197 1480 illa
1212 1447 1314 1479 fuerit
1326 1452 1436 1478 aetaoe.
1480 1446 1566 1477 Loci
1581 1451 1657 1478 sunt

949 1493 982 1525 in
1008 1494 1048 1525 de
1074 1505 1124 1535 pr.
1140 1493 1255 1525 Germ.
1271 1497 1339 1524 ant.
1353 1501 1408 1522 an.
1425 1501 1459 1531 p.
1476 1493 1530 1522 60.
1558 1494 1591 1520 et
1613 1490 1657 1521 de

950 1538 1031 1569 hist.
1056 1543 1126 1569 nat.
1148 1543 1215 1569 vet.
1242 1548 1276 1578 p.
1302 1538 1376 1566 193.
1421 1535 1514 1566 Idem
1542 1533 1660 1566 multis

948 1582 1025 1613 aliis
1051 1582 1162 1613 visum
1184 1587 1248 1619 est,
1272 1579 1418 1611 Buffono
1441 1577 1657 1615 nominatim,

948 1625 1208 1667 diligentissimo
1236 1630 1361 1655 naturae
1387 1621 1571 1663 interpreti,
1595 1620 1656 1662 qui

949 1668 1214 1710 descriptionem
1231 1669 1317 1700 hanc
1331 1666 1474 1704 tarandi,
1489 1676 1509 1696 a
1522 1665 1657 1696 Caesare

948 1713 1211 1754 subpeditatam,
1241 1710 1533 1743 accuratissimam
1564 1708 1658 1749 judi-

948 1763 1014 1789 cat.
1032 1769 1064 1789 v.
1083 1757 1231 1789 Histoire
1246 1755 1411 1787 naturelle
1426 1753 1468 1784 T.
1487 1754 1535 1783 12.
1554 1755 1654 1793 p.82.

951 1802 1037 1839 Quae
1060 1812 1136 1833 cum
1159 1801 1206 1833 ita
1229 1800 1307 1839 sint,
1330 1798 1444 1830 Caesar
1464 1796 1656 1835 ‚rhenonem

947 1846 1117 1878 abusione
1138 1846 1286 1887 quadam
1306 1843 1392 1874 dixit
1416 1841 1558 1890 boyenu
1581 1851 1658 1889 0111-

947 1890 1096 1932 ninoque
1111 1896 1242 1921 veteres
1266 1888 1420 1935 solebant
1443 1894 1569 1926 majora
1583 1895 1655 1917 ani-

948 1935 1052 1966 malia
1087 1934 1317 1976 quadrupeda,
1346 1940 1430 1971 ipsis
1459 1935 1558 1960 antea
1587 1938 1654 1960 non

948 1980 1019 2011 visa
1045 1979 1225 2020 bobusque
1249 1974 1373 2008 similia
1396 1972 1568 2003 communi
1592 1983 1654 2003 no-

948 2023 1040 2055 mine
1057 2022 1340 2063 bovesadpellare
1352 2022 1385 2048 et
1403 2017 1448 2048 ita
1461 2017 1503 2047 ad
1513 2016 1653 2058 aliquod

947 2078 1053 2110 genus
1068 2068 1202 2099 referre.
1232 2065 1282 2094 M.
1330 2061 1454 2092 Notum
1476 2059 1511 2091 id
1526 2061 1568 2091 de
1585 2061 1655 2092 ele-

948 2111 1097 2154 phantis,
1116 2119 1201 2149 quos
1220 2108 1328 2138 Lucas
1343 2107 1436 2137 boz-es
1451 2105 1564 2136 dixere
1583 2106 1654 2136 Ro-

948 2155 1050 2193 mani,
1080 2159 1163 2184 teste
1194 2151 1346 2182 Varrone
1371 2150 1414 2180 de
1443 2148 1483 2180 L.
1500 2148 1540 2180 L.
1566 2150 1597 2188 6,
1622 2151 1654 2180 3.

949 2199 1060 2231 Plinio
1092 2200 1125 2236 8,
1155 2198 1187 2228 6.
1231 2196 1471 2226 Hotomannus
1500 2204 1562 2234 pro
1599 2194 1654 2226 box

946 2242 1048 2274 dabat
1063 2242 1184 2273 bisons.

992 2288 1086 2318 Sicut
1097 2287 1238 2327 palmae.
1276 2282 1476 2325 Intelligitur
1491 2282 1593 2323 vulgo
1612 2282 1654 2313 de

946 2330 1040 2362 foliis
1072 2329 1196 2371 palmae
1226 2327 1375 2367 arboris;
1414 2327 1654 2358 Beckmannus

947 2380 1064 2405 contra
1079 2373 1228 2415 explicat
1251 2373 1292 2404 de
1313 2373 1439 2414 palma,
1461 2381 1538 2412 quae
1553 2370 1654 2402 latior

947 2419 1030 2450 101111
1057 2429 1148 2460 pars,
1172 2418 1269 2460 cujus
1296 2416 1434 2458 inpulsu
1459 2414 1554 2446 navis
1574 2424 1652 2456 pro-

945 2463 1102 2494 truditur.

993 2509 1098 2538 Alces.
1141 2506 1224 2537 Haec
1240 2505 1353 2536 bellua
1367 2502 1513 2536 Buffono
1529 2503 1584 2542 (T.
1601 2504 1650 2533 19.

947 2562 981 2593 p.
999 2552 1057 2591 83)
1082 2556 1116 2582 et
1141 2550 1357 2581 sseckmanno
1379 2549 1436 2587 (de
1459 2549 1573 2580 Germ.
1596 2557 1652 2578 an.

948 2606 984 2636 p.
1003 2598 1056 2627 39.
1080 2596 1123 2626 de
1140 2595 1219 2626 hist.
1234 2599 1302 2625 nat.
1318 2599 1387 2624 vet.
1406 2603 1482 2633 pag.
1502 2592 1577 2630 199)
1601 2590 1652 2622 vi-

947 2640 1042 2672 detur
1056 2650 1108 2678 ea,
1126 2648 1229 2679 quam
1245 2643 1361 2669 nostra
1374 2637 1488 2677 lingua
1505 2635 1654 2677 adpellat

948 2684 1009 2716 das
1024 2684 1236 2720 Elentltliier,
1247 2681 1317 2713 sive
1334 2691 1454 2712 cervus
1467 2681 1558 2711 alces
1572 2679 1654 2710 Lin-

947 2727 1027 2760 naei.
1072 2727 1204 2758 Nomen
1221 2725 1306 2757 alcis
1327 2729 1483 2765 repetunt
1504 2724 1548 2755 ab
1565 2722 1652 2755 anti-

947 2783 1015 2813 quo
1051 2772 1175 2803 belluae
1207 2770 1305 2811 hujus
1342 2768 1482 2800 nomine
1517 2767 1653 2800 Celtico
1678 2790 1682 2797 .

950 2818 1038 2848 Elclzf
1054 2816 1127 2847 sive
1147 2816 1227 2856 Elq,
1250 2813 1306 2844 cui
1324 2813 1450 2852 simile,
1476 2812 1654 2854 Elle,‘AE69

948 2866 982 2891 et
1008 2862 1095 2901 OElq,
1118 2859 1303 2890 etiamnum
1333 2857 1366 2889 in
1394 2857 1653 2899 septemtriona-

950 2905 1035 2936 lium
1066 2904 1310 2944 Europaeorum
1347 2912 1502 2934 sermone
1541 2906 1654 2933 restat.

949 2950 1057 2990 Atque
1074 2953 1109 2979 ut
1126 2958 1192 2979 non
1205 2953 1340 2988 negant,
1350 2947 1516 2979 interdum
1530 2945 1597 2978 alei
1612 2955 1654 2977 ea

948 2993 1050 3030 tribui
1065 3003 1086 3025 a
1098 2991 1284 3031 veteribus,
1297 3002 1375 3035 quae
1389 3002 1488 3026 cervo
1503 2989 1653 3025 alcinon
