1946 3261
225 236 310 279 654

276 361 406 403 cupati,
419 360 461 390 ad
476 356 633 399 proelium
644 365 709 387 non
726 354 830 397 parati
843 362 930 387 sunt.

273 409 415 437 Ani-mus·
429 402 617 443 impeditus,
634 404 665 438 5,
681 401 699 430 7
762 442 769 448 ⁶

231 451 418 490 Imperare,
432 455 534 476 arma
546 447 702 485 imperat,
712 454 771 484 qui
784 448 931 487 armatos

273 493 314 523 ad
328 490 459 522 bellum
475 487 655 519 convenire
668 486 776 528 jubet,
794 486 833 517 (Ξ.
855 489 883 524 1,
899 491 930 517 5.

272 536 393 565 ‘milites
421 528 578 572 irmpemt„
613 529 673 570 qui
700 540 761 561 eos
787 529 878 561 mitti
903 541 928 561 s.

274 575 431 608 exhiberi
442 574 551 616 jubet,
568 576 596 611 1,
611 574 630 603 7

232 623 424 662 Imperator
446 623 523 659 post
538 616 716 648 victoriam
731 616 931 657 adpellem,

272 664 311 695 C.
329 667 361 701 2,
376 665 431 694 26.
455 662 498 692 H.
519 663 567 692 19.
591 660 660 693 vid.
675 661 757 690 Tac.
784 660 825 690 A.
843 660 874 696 3,
889 660 929 690 74

231 708 385 749 Imperia
412 715 512 742 nova,
538 714 614 736 cum
645 703 751 734 sonna
779 701 930 733 civitatis

272 755 431 788 mutatur,
451 747 541 781 alius
554 748 630 778 Rex
645 746 791 787 eligitur,
807 748 838 783 2,
857 747 869 776 l

229 795 422 835 Imperitus,
445 791 639 832 inprudens,
661 789 700 820 C.
723 791 750 824 1,
765 789 806 819 86

229 838 430 878 Impetrare,
443 839 558 875 rogata
571 833 740 873 accipere,
756 834 784 871 1,
798 833 817 862 9

229 881 421 921 Implorare
435 878 606 909 ‹zu-vilium
619 876 662 907 ab
677 876 803 917 aliquo,
822 877 850 913 1,
863 877 899 906 31

229 924 420 964 Importare
445 922 487 952 de
508 919 689 957 mercibus,
705 919 839 958 εὶσάγειν,
856 919 883 956 1,
902 921 928 950 1..

178 966 179 969 ’
270 969 301 1003 4,
315 969 346 996 2.
360 962 860 1007 importatidumfrunwmum,
875 963 928 994 Af.

270 1012 324 1041 20.
345 1008 398 1040 Cf.
416 1011 448 1047 4,
461 1011 493 1039 2.
507 1007 548 1037 C.
565 1008 596 1044 3,
612 1009 652 1037 42

228 1053 481 1094 Importunitas,
495 1049 550 1082 Af.
566 1051 606 1080 87

226 1097 430 1137 Impotenter
440 1103 596 1136 reynare,
619 1093 659 1123 A.
684 1091 759 1122 33.f

225 1139 485 1180 Imm-essimwm
515 1135 714 1176 (impetum)
756 1134 864 1166 facere
893 1133 926 1165 in

268 1183 426 1222 aliquem,
447 1179 503 1212 Af.
519 1181 564 1210 78

227 1225 442 1266 Imprudene,
464 1221 610 1261 nescius,
633 1224 664 1260 3,
678 1222 718 1252 29

225 1268 429 1309 Impuberes,
452 1268 483 1303 6,
498 1268 538 1297 21

226 1313 269 1342 In
284 1316 430 1352 quatuor
441 1310 578 1341 milibus
588 1308 858 1350 pammm‚intra
868 1317 924 1348 qu.

267 1365 310 1385 m.
326 1355 379 1386 Af.
408 1355 460 1384 63.
484 1353 527 1384 cf.
543 1354 642 1391 5,24.
668 1352 699 1389 6,
715 1353 767 1384 36.
793 1351 847 1382 As.
872 1353 926 1382 47.

264 1399 480 1430 iou-ircuitum
516 1396 642 1437 oppidi,
665 1394 756 1426 circa
783 1404 865 1435 opp.
897 1397 928 1432 8,

269 1444 287 1472 3
299 1444 329 1479 3,
344 1443 381 1471 in
393 1445 585 1482 potestatem
602 1438 739 1475 habere,
769 1438 809 1468 C.
830 1440 856 1473 1,
873 1441 927 1468 25.

266 1487 303 1514 in
317 1486 437 1525 spano,
466 1493 524 1524 pei·
539 1482 677 1523 aliquod
704 1481 925 1518 intervallum,

268 1528 323 1558 Af.
341 1529 393 1558 70.
416 1529 453 1557 ’δη
465 1527 670 1567 colloquium
686 1525 813 1559 venire..
841 1526 869 1561 1,
885 1527 924 1555 35

224 1570 449 1610 Jnaedificare,
470 1570 682 1605 dranbauem
701 1568 928 1610 drauflmumz,

265 1614 356 1646 Ιιᾶιὶν
386 1614 406 1644 ὰ
434 1611 506 1645 εΰιέ
530 1623 573 1644 ou
600 1621 666 1652 par
692 1612 817 1649 desms,
839 1613 871 1648 8,
894 1614 924 1642 9.

266 1657 331 1695 ibi,
359 1656 420 1688 illo
436 1657 512 1687 loco
530 1654 709 1693 aedificata,
732 1658 763 1693 8,
777 1660 807 1687 5.
823 1655 925 1686 inoed.

261 1702 408 1742 plateas,
435 1700 612 1737 rev-baum,
657 1700 824 1737 zubauen,
851 1709 926 1729 ver-

263 1744 429 1781 schiitten,
457 1744 600 1774 bour-her
622 1753 687 1772 ime
707 1753 769 1774 rue
790 1753 857 1784 par
877 1752 925 1773 ‘un

268 1786 395 1826 adfice,
419 1795 461 1817 ne
485 1787 599 1816 aditus
624 1786 805 1827 pateat,C.
827 1788 854 1824 l,
869 1787 922 1815 27.

264 1830 343 1861 hart
371 1830 461 1861 alran
492 1829 661 1866 anbauen,
689 1828 778 1860 bdeir
815 1833 882 1860 tout
907 1829 926 1857 ὰ

265 1871 345 1910 efflet,
367 1872 406 1903 C.
423 1876 456 1910 2,
474 1873 512 1903 16

225 1917 419 1957 Inaequmv,
433 1925 581 1956 aequare,
604 1914 643 1945 C.
664 1917 691 1951 l,
707 1915 747 1944 27

222 1961 374 1991 Incertus
406 1959 566 1999 (ratione)
595 1959 668 1995 loci,
711 1957 770 1998 qui
801 1956 923 1995 nescit,

262 2013 362 2044 quem
380 2003 493 2034 locum
512 2007 618 2044 petat,
643 2001 697 2032 As.
712 2002 731 2031 7

223 2047 373 2078 Incidere
395 2047 542 2083 arbores,
564 2051 600 2077 ut
633 2043 762 2076 inflecti
780 2043 921 2085 possint,

221 2133 346 2163 Incidet
360 2134 490 2163 malum
505 2133 620 2168 alicui,
645 2133 676 2169 8,
694 2133 744 2162 12.
760 2141 866 2170 error,
881 2129 920 2160 C.

267 2178 298 2213 3,
319 2177 368 2206 13.
383 2176 513 2212 incidit,
527 2174 664 2212 accidit,
695 2175 748 2204 As.
770 2176 782 2204 1

222 2218 366 2250 Imitare
379 2229 501 2250 navem
525 2220 640 2249 remis,
665 2220 695 2249 4.
711 2220 764 2248 25.
781 2220 919 2249 incitare

264 2263 416 2300 cmv-xum,
447 2264 479 2299 2,
506 2262 561 2291 26.
586 2261 651 2291 inc.
679 2271 711 2290 se
732 2271 774 2291 at·
800 2263 917 2302 aliquo

263 2306 343 2343 Ioco,
365 2315 406 2336 ex
431 2315 473 2335 eo
497 2303 638 2335 celerius
665 2303 807 2343 prodire,
831 2304 870 2334 C.
888 2307 919 2341 2,

268 2351 316 2380 14.
344 2351 410 2379 inc.
433 2359 466 2379 se
490 2349 526 2378 in
536 2348 702 2388 aliquem,
727 2346 862 2381 irruere,
877 2348 917 2377 C.

262 2395 294 2430 2,
322 2394 352 2422 6.
393 2395 424 2429 3,
451 2394 504 2422 24.
535 2392 582 2421 ris
605 2400 702 2431 aeque
730 2400 762 2420 se
790 2393 919 2427 incitat,

264 2446 349 2476 aqua
360 2445 438 2466 cum
451 2434 483 2464 vi
501 2433 610 2471 irruit,
626 2436 656 2469 4,
674 2435 722 2463 17.
734 2434 776 2464 cs.
792 2434 916 2464 Act-me.

265 2480 329 2510 Res
344 2481 458 2510 incitat
468 2477 600 2518 (auget)
614 2478 826 2517 coqitationes
837 2479 919 2507 stul-

261 2527 326 2560 tas,
363 2524 394 2559 8,
428 2523 476 2552 10.
498 2521 539 2552 de.
569 2519 710 2551 homine
737 2519 915 2560 arroganti.

264 2566 427 2597 Imitatur
451 2566 572 2605 aliquis
608 2564 651 2594 ad
683 2562 917 2603 arrogantiam,

260 2611 292 2647 8,
312 2612 348 2640 12

220 2652 383 2684 Imitatus
397 2662 513 2693 equus,
535 2653 565 2688 4,
585 2652 620 2682 12

219 2695 375 2733 Incolere,
402 2694 594 2736 frequenter
619 2695 660 2725 de
694 2692 914 2730 habitatione,

263 2740 532 2777 1,1,5.2,3,4.
561 2739 645 2776 l,20

218 2781 435 2822 Inmwpitare,
449 2782 640 2824 objurgare,
657 2784 687 2818 2,
708 2782 758 2811 15.
782 2779 865 2812 ibid.
882 2790 912 2810 c.

260 2826 313 2855 30.
338 2825 517 2858 vanitatem
545 2833 577 2857 ct
603 2823 777 2857 stultitiam
808 2822 912 2856 alicui

253 2867 457 2909 exprobrare

861 227 1063 273 INDEX

1000 355 1223 393 Incursiones,
1239 358 1272 392 5,
1291 355 1319 385 1.
1343 354 1424 392 6,10

999 399 1176 434 Jnvuxare,
1191 397 1394 438 exprobrare
1409 395 1528 435 alicui,
1545 398 1574 435 1,
1589 396 1632 428 40

999 441 1145 480 Indayn,
1163 447 1319 482 rete,quo
1337 441 1445 478 silvae,
1468 450 1500 470 v.
1515 450 1546 471 c.
1562 451 1583 472 a
1597 447 1699 472 vena-

1040 483 1173 515 toribus
1186 483 1376 525 cinguntur,
1391 486 1423 521 8,
1440 486 1479 514 18

997 527 1148 558 Imlicere
1158 529 1331 559 concilium
1338 530 1375 558 in
1383 527 1471 558 diem
1481 531 1617 566 certam,
1627 529 1638 558 1
1647 529 1699 565 ,30

1000 570 1230 611 Indiqnitmes,
1246 570 1379 612 injuriae
1392 569 1698 612 maximae‚quibus

1040 623 1106 644 non
1120 613 1242 655 dig-nus
1256 620 1330 645 erat
1343 613 1438 653 alter,
1460 616 1543 652 2,14

999 657 1218 698 Indlliqentia
1233 658 1306 699 ejus
1321 663 1381 696 est,
1407 657 1466 698 qui
1478 658 1574 689 nullo
1589 657 1696 690 ntudio

1040 709 1106 731 rem
1124 703 1206 741 ayit,
1228 703 1260 739 7,
1280 702 1330 732 17.
1363 701 1403 732 C.
1423 705 1453 739 3,
1468 703 1499 731 8.
1515 700 1561 731 cf.
1585 701 1626 731 A.
1641 702 1694 732 65.

1040 743 1101 775 ubi
1117 743 1166 776 sic
1194 745 1372 785 legendum
1397 751 1460 776 est.
1494 745 1694 786 Indiliqens,

1039 788 1072 823 τ,
1090 789 1142 817 71.
1155 788 1380 828 iruliliqemer,
1395 791 1428 825 2,
1444 789 1486 818 33

997 830 1160 861 Imlucere
1187 835 1317 862 scutum
1343 831 1431 871 pelle
1466 829 1545 861 loco
1582 829 1695 861 ferreae

1039 872 1184 911 laminae,
1197 877 1229 911 2,
1244 875 1296 904 33.
1309 872 1378 904 vid.
1394 874 1435 904 ad
1462 873 1516 905 As.
1531 873 1574 904 90

998 915 1144 947 Induere
1158 918 1301 957 qaleam,
1329 915 1432 957 capiti
1450 916 1635 956 imponere,
1663 919 1695 954 2,

1037 961 1092 998 21,
1113 959 1157 991 cf.
1188 959 1280 1000 Virg,
1309 960 1385 991 AEn.
1413 963 1445 999 2,
1462 961 1538 992 393.
1575 963 1605 997 5,
1621 959 1699 990 674.

1037 1002 1211 1034 Hactenus
1248 1002 1376 1034 milites
1410 1003 1558 1034 Caesaris
1590 1007 1699 1034 castra

1037 1046 1236 1085 munierant,
1248 1046 1309 1077 ubi
1321 1057 1388 1078 non
1399 1057 1487 1088 opus
1498 1045 1564 1078 fuit
1571 1045 1698 1088 galeis,-

1037 1098 1124 1120 nunc
1143 1090 1189 1121 ita
1203 1095 1339 1131 repente
1365 1089 1620 1131 confligendum
1634 1093 1696 1128 ent,

1037 1137 1074 1163 ut
1114 1143 1155 1164 ne
1200 1139 1335 1174 tempus
1376 1133 1514 1174 quidem
1551 1132 1697 1174 supersit

1036 1175 1144 1215 galeis
1164 1187 1184 1207 e
1202 1177 1346 1208 tentorio
1365 1177 1519 1217 petendis
1533 1182 1567 1208 et
1589 1175 1694 1217 capiti

1036 1218 1265 1260 imponendis.
1290 1219 1453 1251 Similiter
1465 1220 1590 1261 aliquis
1601 1219 1691 1260 apud

1037 1262 1126 1293 Gell.
1152 1263 1194 1294 N.
1211 1264 1251 1293 A.
1279 1263 1310 1301 7,
1328 1265 1360 1294 4.
1385 1263 1483 1301 dixit,
1506 1272 1628 1296 corona
1643 1266 1695 1294 in-

1034 1305 1147 1337 dutus.
1205 1307 1350 1339 Induere
1376 1316 1409 1339 se
1422 1308 1533 1346 vallis,
1558 1305 1694 1344 irretiri,

1036 1350 1068 1386 7,
1084 1351 1135 1387 73,
1151 1351 1190 1380 82

995 1392 1191 1435 Indulqmv,
1207 1392 1393 1436 benignum
1407 1403 1491 1433 esse,
1516 1395 1549 1432 7,
1563 1395 1605 1425 40

997 1435 1178 1475 Indum-ie,
1195 1439 1226 1475 7,
1243 1439 1296 1468 60.
1319 1437 1358 1468 C.
1375 1440 1405 1476 3,
1419 1439 1462 1469 95

997 1479 1162 1518 Ῑηρν-ηιιιτ,
1183 1482 1210 1519 1,
1223 1483 1264 1512 40

996 1523 1187 1562 Insatimre,
1202 1525 1341 1555 stultum
1356 1524 1505 1563 reddere,
1520 1523 1575 1556 Af.
1594 1523 1633 1555 16

995 1566 1143 1607 Inferior
1157 1570 1282 1605 animo,
1295 1568 1352 1609 qui
1365 1568 1497 1600 minore
1511 1573 1562 1598 est
1574 1566 1696 1599 vinme

1037 1615 1069 1640 et
1083 1610 1220 1649 fiducia,
1234 1622 1334 1652 quam
1361 1612 1457 1647 alter,
1480 1614 1512 1649 2,
1527 1613 1559 1642 8.
1584 1613 1615 1649 3,
1638 1614 1692 1642 24.

1037 1658 1132 1684 oetaee
1149 1660 1208 1686 aut
1222 1657 1359 1693 viribus,
1388 1657 1419 1693 8,
1440 1657 1492 1686 14.
1517 1654 1694 1694 inferiores

1034 1697 1126 1728 urbis
1157 1703 1283 1738 partes,
1315 1698 1369 1730 ‹lae'e
1400 1696 1626 1735 Niedev·stmlt‚
1659 1698 1695 1729 la

1032 1742 1142 1780 partie
1156 1742 1250 1772 basse
1265 1742 1350 1773 dela
1367 1743 1456 1780 ville,
1471 1740 1512 1772 C.
1527 1742 1559 1779 3,
1577 1742 1637 1771 112

994 1783 1128 1823 Jnserre
1144 1793 1264 1815 merces
1281 1785 1497 1822 extrinsecus,
1517 1792 1583 1815 non
1598 1787 1690 1814 natas

1034 1826 1142 1864 domi,
1158 1830 1189 1864 2,
1210 1829 1258 1858 15.
1285 1828 1408 1867 inferre
1424 1830 1534 1870 siqua,
1563 1827 1598 1858 iu
1613 1826 1690 1858 hos-

1034 1874 1101 1899 tem
1116 1870 1215 1908 ferro,
1234 1872 1262 1907 1,
1280 1873 1331 1901 25.
1355 1881 1457 1912 spem,
1476 1873 1509 1908 2,
1524 1873 1578 1901 25.
1594 1879 1691 1902 ‹nanc-

1033 1915 1201 1950 tationem,
1217 1923 1360 1951 moram,
1389 1915 1430 1944 A.
1445 1917 1478 1944 2.
1502 1913 1565 1955 inf.
1585 1914 1691 1944 alicui

1032 1957 1168 1991 vulnus.
1184 1958 1210 1993 l,
1225 1959 1278 1987 50.
1302 1956 1346 1987 cf.
1369 1957 1504 1989 Vulnus.
1539 1957 1690 1988 Causam

1032 1998 1169 2038 inferre,
1185 2009 1225 2030 ea
1242 1999 1305 2036 uti,
1325 2009 1400 2030 eam
1413 2009 1690 2038 commemorare,

1036 2043 1063 2079 1,
1081 2044 1133 2073 39.
1160 2053 1299 2073 causam
1322 2045 1425 2075 alicui
1450 2044 1590 2084 inferre,
1617 2043 1690 2074 cul-

1034 2095 1113 2125 pam
1129 2086 1294 2127 conjicere
1313 2086 1344 2116 in
1361 2096 1452 2125 eum,
1473 2085 1687 2118 comminisci

1031 2128 1171 2163 crimen.
1186 2130 1275 2170 quod
1305 2129 1489 2171 objiciatur
1511 2130 1559 2168 ei,
1587 2129 1631 2160 H.
1657 2131 1687 2161 1.

1030 2172 1154 2212 insen-e
1167 2176 1315 2214 aliquem
1326 2175 1362 2204 in
1371 2184 1505 2215 equum,
1517 2173 1689 2215 imponere

1029 2226 1130 2256 eque,
1147 2217 1335 2254 ἔπιβιβείζειν,
1355 2218 1386 2254 6,
1402 2218 1442 2248 30

993 2259 1140 2298 Infit-ere,
1157 2260 1298 2299 tingere,
1312 2264 1343 2292 5.
1365 2262 1402 2290 14

989 2303 1182 2342 Jnfizlelitm,
1197 2306 1228 2341 8,
1243 2306 1297 2334 23.
1320 2303 1360 2334 C.
1377 2307 1409 2337 2.
1425 2306 1466 2335 33

986 2346 1132 2386 Infirma
1149 2347 1263 2381 arbor,
1275 2347 1399 2385 accisa,
1415 2348 1445 2384 6,
1459 2347 1499 2376 27

987 2390 1174 2429 Infirmims
1197 2392 1315 2428 animi,
1337 2389 1527 2425 mobilitas,
1549 2391 1582 2428 4,
1598 2392 1630 2425 5.
1649 2391 1686 2421 13

989 2433 1115 2470 Itislnri
1131 2433 1247 2471 (fastu)
1263 2435 1296 2471 8,
1316 2435 1429 2469 10,12.
1455 2433 1592 2464 sueton.
1606 2432 1685 2465 Ner.

1028 2478 1080 2506 37.
1103 2477 1258 2517 inflatus,
1273 2476 1441 2514 incitatus,
1458 2475 1497 2507 C.
1514 2477 1546 2515 3,
1564 2478 1624 2508 108

986 2519 1111 2560 Infima
1125 2521 1227 2561 loqui,
1244 2520 1300 2557 ita,
1317 2525 1351 2550 ut
1368 2529 1421 2551 res
1437 2519 1550 2551 verbis
1559 2529 1683 2562 augea-

1027 2569 1091 2597 tur,
1106 2563 1147 2593 C.
1165 2565 1265 2601 2,17,
1280 2565 1332 2594 39.
1355 2565 1386 2600 3,
1401 2565 1442 2594 79

985 2606 1095 2646 Infra.
1120 2606 1153 2638 iu
1172 2607 1297 2638 *locum
1325 2606 1529 2643 inferiorem,
1565 2610 1598 2645 4,
1627 2607 1681 2636 36.

1024 2649 1116 2689 infra
1130 2651 1335 2691 elephantos,
1356 2650 1467 2682 minor
1480 2649 1681 2691 elephantis,

1025 2693 1055 2727 6,
1071 2695 1112 2722 28
1640 2724 1645 2727 .

985 2736 1123 2775 Insulae,
1139 2736 1245 2774 vittae,
1265 2747 1292 2767 s.
1310 2736 1423 2768 fasciae
1444 2737 1562 2774 laneae,
1587 2744 1679 2767 mmo

1024 2779 1181 2819 oleagino
1206 2779 1378 2820 adligatae,
1402 2779 1441 2811 C.
1458 2782 1559 2818 2,12.
1603 2777 1679 2810 Liv.

1026 2823 1078 2859 30,
1094 2824 1146 2853 36.
1180 2823 1300 2854 Talem
1316 2833 1446 2856 ramum
1462 2829 1602 2865 gestare,
1615 2820 1680 2852 fuit

1023 2865 1158 2906 sig-num
1175 2866 1341 2909 supplicis
