1946 3261
648 171 767 217 LIB.
801 172 886 218 ΙΙΙ.
956 173 1095 219 CAP.
1128 173 1320 218 23-25.
1635 173 1718 220 361

222 299 415 345 cratibus
437 300 684 360 pluteisque
707 303 914 355 contexit,
950 319 1088 363 eoque
1110 304 1268 348 milites
1287 302 1480 349 delectos
1508 303 1724 364 inposuit,

220 370 355 419 atque
376 377 445 404 eas
462 361 506 404 in
526 361 655 405 litore
674 363 880 421 pluribus
895 363 1000 406 locis
1011 364 1243 420 separatim
1257 365 1484 423 disposuit,
1503 380 1728 425 navesque

220 421 418 464 triremes
439 420 548 463 duas
566 437 688 479 quas,
705 422 926 465 Brundisii
942 423 1156 465 faciendas
1169 433 1415 474 curaverat,
1434 441 1514 483 per
1531 440 1727 468 caussam

221 480 566 523 exercendorum
588 482 800 539 remigum
821 482 873 524 ad
897 482 1042 525 fauces
1062 490 1217 539 portus
1237 483 1413 539 prodire
1424 483 1566 542 jussit.
1631 483 1728 526 Has
1757 513 1762 516 -

221 555 321 581 cum
335 539 542 582 audacius
561 555 808 598 progressas
824 540 936 583 Libo
955 539 1146 590 vidisset,
1160 556 1340 599 sperans
1357 542 1560 601 intercipi
1583 559 1728 601 posse,

218 597 520 656 quadriremes
541 598 738 656 quinque
759 600 813 642 ad
835 616 906 642 eas
922 599 1051 642 misit.
1117 600 1226 649 Quae
1247 616 1345 642 cum
1367 601 1550 643 navibus
1568 602 1728 645 nostris

218 657 660 716 adpropinquassent,
680 658 815 700 nostri
834 659 1027 702 veterani
1045 659 1087 702 in
1105 667 1284 717 portum
1305 659 1608 717 refugiebant:
1643 661 1728 711 illi,

218 715 362 759 studio
384 715 569 765 incitati,
593 715 809 759 incautius
830 719 1140 775 sequebantur.
1205 718 1232 760 J
1237 734 1306 760 am
1329 734 1382 760 ex
1403 718 1605 762 omnibus
1629 737 1727 778 par-

220 775 337 818 tibus
365 775 514 817 subito
541 775 799 818 Antonianae
824 777 1007 835 scaphae,
1033 777 1156 836 signo
1184 776 1306 827 dato,
1331 794 1375 820 se
1395 777 1439 819 in
1463 777 1604 820 hostes
1623 779 1727 821 inci-

216 843 441 883 taverunt,
475 834 710 892 primoque
746 835 898 894 inpetu
934 852 1061 879 unam
1094 853 1147 879 ex
1179 836 1243 879 his
1276 837 1596 894 quadriremem
1627 854 1728 881 cum

217 893 454 952 remigibus
486 893 878 952 defensoribusque
919 896 1005 937 suis
1037 905 1266 954 ceperunt,
1311 897 1500 953 reliquas
1537 896 1729 955 turpiter

218 952 422 1010 refugere
453 961 707 1011 coegerunt.
774 955 845 996 Ad
869 954 948 996 hoc
970 955 1284 997 detrimentum
1306 956 1496 1005 accessit,
1520 963 1587 1006 ut,
1606 957 1730 1015 equi-

218 1012 335 1055 tibus
356 1028 437 1070 per
454 1027 575 1054 oram
596 1013 874 1056 maritumam
896 1014 954 1057 ab
976 1014 1170 1058 Antonio
1191 1015 1426 1073 dispositis,
1456 1015 1611 1073 aquari
1629 1032 1730 1074 pro-

218 1071 493 1115 hiberentur.
558 1071 659 1121 Qua
691 1073 947 1115 necessitate
981 1082 1027 1116 et
1065 1074 1300 1131 ignominia
1335 1083 1560 1133 permotus
1597 1074 1728 1126 Lib0‚

216 1131 409 1174 discessit
429 1147 455 1174 a
479 1130 732 1180 Brundisio,
755 1131 1129 1190 obsessionemque
1152 1142 1402 1177 nostrorum
1421 1134 1578 1177 omisit.

277 1190 351 1232 25.
387 1190 527 1232 Multi
553 1189 643 1246 jam
675 1206 839 1233 menses
871 1191 1134 1235 transierant
1156 1201 1202 1235 et
1224 1192 1356 1235 hiems
1374 1194 1463 1251 jam
1482 1192 1729 1253 praecipita-

219 1257 361 1299 verat,
385 1265 528 1308 neque
552 1249 780 1293 Brundisio
803 1265 933 1295 naves
954 1251 1234 1310 legionesque
1257 1252 1313 1295 ad
1345 1253 1559 1296 Caesarem
1584 1254 1728 1297 venie-

219 1310 351 1352 bant:
396 1324 446 1351 ac
479 1308 700 1351 nonnullae
734 1310 825 1366 ejus
858 1309 919 1352 rei
958 1312 1257 1368 praetermissae
1292 1313 1535 1356 occasiones
1567 1313 1731 1357 Caesari

216 1367 499 1416 videbantur,
521 1366 643 1425 quod
663 1376 782 1410 certe
802 1384 914 1426 saepe
927 1368 1141 1412 flaverant
1161 1370 1298 1421 venti,
1317 1371 1477 1429 quibus
1488 1372 1729 1416 necessario

219 1425 583 1470 committendum
605 1427 907 1471 existimabat:
953 1438 1209 1487 quantoque
1233 1431 1324 1488 ejus
1345 1430 1534 1489 amplius
1555 1447 1730 1490 proces-

217 1494 337 1529 serat
367 1486 594 1544 temporis,
627 1494 751 1528 tanto
780 1494 909 1530 erant
928 1487 1162 1530 alacriores
1181 1489 1235 1531 ad
1258 1489 1491 1540 custodias,
1522 1491 1600 1548 qui
1621 1490 1729 1534 clas-

217 1546 334 1589 sibus
367 1554 610 1603 praeerant,
654 1545 952 1604 majoremque
985 1546 1188 1589 fiduciam
1214 1547 1474 1605 prohibendi
1504 1548 1731 1593 habebant

220 1613 267 1648 et
302 1604 468 1647 crebris
513 1603 710 1662 Pompeii
751 1603 912 1648 litteris
949 1606 1294 1663 castigabantur,
1334 1607 1542 1665 quoniam
1582 1608 1728 1667 primo

219 1663 465 1707 venientem
490 1663 705 1705 Caesarem
730 1678 815 1706 non
838 1663 1179 1722 prohibuissent,
1203 1674 1253 1708 ut
1276 1665 1468 1723 reliquos
1490 1665 1582 1725 ejus
1603 1684 1726 1711 exer-

221 1723 331 1766 citus
354 1722 626 1781 inpedirent:
670 1721 913 1780 duriusque
933 1724 1132 1781 quotidie
1154 1734 1326 1783 tempus
1347 1726 1403 1769 ad
1425 1735 1724 1785 transportan-

217 1782 325 1826 dum
342 1781 582 1825 lenioribus
602 1782 742 1824 ventis
762 1783 1090 1840 exspectabant.
1158 1784 1330 1834 Quibus
1352 1785 1481 1829 rebus
1501 1796 1726 1845 permotus

269 1896 612 1938 Adpropinquasspm.
691 1894 761 1926 Alii
794 1899 934 1938 propin·
1007 1896 1042 1927 Si
1061 1897 1214 1938 syntaxin
1240 1898 1402 1940 sequaris.
1426 1899 1655 1941 Pompeiani:
1679 1898 1719 1940 {si

1008 1952 1089 1979 rem,
1123 1942 1319 1974 caesariani.
1383 1945 1607 1976 1‘1-aef0ranms
1639 1955 1719 1982 erg-0

248 1945 391 1972 urz-esent.

221 1950 244 1982 q
266 1985 430 2015 Veterani.
444 1982 564 2016 Marci.
579 1983 645 2021 logi
655 1982 816 2024 praecipit
829 1986 934 2016 veriti.

228 2040 262 2070 p.
280 2030 357 2060 272.
382 2027 537 2059 Jurinius
555 2030 642 2060 velut
659 2030 776 2060 terrici.

270 2073 353 2104 Jam
367 2082 409 2103 ea:
424 2082 514 2103 osum.
540 2071 609 2103 Alii
632 2073 736 2104 Nam.

270 2117 375 2148 Multi
397 2126 524 2146 memes
547 2119 766 2154 transierant,
798 2126 838 2147 ex
864 2127 934 2157 quo

225 2162 337 2193 Caesar
376 2159 595 2191 Brundisium
632 2167 782 2191 venerat.
833 2161 935 2192 Cous.

224 2217 301 2247 cap.
336 2210 366 2237 2.
408 2204 467 2235 ubi
500 2204 603 2235 etiam
636 2205 678 2235 de
708 2214 787 2235 vero
819 2214 936 2235 mense

222 2250 317 2283 illius
342 2249 469 2282 itineris
494 2259 534 2280 ex
562 2247 697 2281 rjsserio
721 2248 935 2280 admonitum

224 2301 287 2327 est.
312 2295 363 2326 M.
412 2294 455 2324 V.
474 2299 507 2325 et
523 2304 553 2325 c.
572 2296 602 2324 6.

272 2340 391 2371 Hiems
418 2340 703 2381 prwcipitarerat.
750 2336 806 2368 Sic
832 2336 934 2368 Ovid.

225 2383 329 2414 Trist.
347 2385 484 2421 ]‚3,<17.
510 2393 574 2413 rmi-
588 2384 812 2423 praepicitam.
840 2381 935 2413 Alibi

224 2433 334 2465 (θείως,
347 2433 533 2458 autumnus
544 2437 703 2468 praeceps.

273 2471 368 2506 (lund
397 2477 493 2503 certe.
562 2469 758 2503 Gronovius
796 2469 938 2512 conjicit

227 2518 318 2547 cerci.
335 2525 401 2546 non
419 2515 520 2546 male.

274 2560 556 2592 Committemlmn
579 2560 642 2598 (se,
667 2566 724 2592 aut
749 2557 866 2596 naves)
881 2569 937 2590 exc-

228 2605 409 2636 istimnbat.
435 2605 484 2635 M.

275 2650 340 2683 Qui
357 2649 518 2679 classibus
541 2647 734 2689 (Pompeii)
758 2652 938 2687 pit-reeram.

228 2692 281 2724 Cf.
299 2704 328 2724 c.
350 2694 399 2723 18.
426 2694 475 2723 M.

273 2739 473 2778 Duriusque
486 2754 530 2759 —-
546 2738 792 2779 etspectabant.

228 2781 332 2813 verba
349 2787 426 2814 sunt
444 2781 602 2813 obscura.
631 2781 780 2819 Quinam
797 2790 938 2820 exspec-

228 2826 369 2858 tabant?
415 2825 596 2858 Caesariani
629 2836 672 2859 an
708 2823 938 2866 Pompeiani?

853 2736 937 2767 llaec

1007 1985 1054 2022 iu,
1070 1987 1162 2027 quod
1181 1998 1230 2018 res
1256 1988 1416 2028 postulat.
1463 1988 1541 2020 Jarn
1564 1990 1645 2020 dum
1670 1988 1721 2026 hi,

1004 2030 1062 2071 qui
1097 2031 1267 2063 Brundisii
1300 2039 1389 2071 sunt,
1420 2039 1605 2072 morantur,
1635 2033 1718 2075 quid

1001 2074 1240 2107 nanciscuntur
1257 2078 1442 2109 morando?
1472 2078 1554 2118 quid
1577 2088 1721 2119 exspec-

1003 2119 1099 2149 tant?
1123 2119 1255 2160 Nempe
1272 2121 1387 2152 durius
1402 2121 1560 2163 quotidie
1583 2128 1719 2163 tempus

1001 2163 1044 2194 ad
1061 2162 1290 2204 navigandum
1308 2166 1375 2197 tict.
1423 2167 1596 2198 Hactenus
1617 2166 1717 2198 bene.
1746 2164 1751 2169 ⁸

1003 2207 1092 2238 lllud
1107 2218 1188 2239 vero
1203 2210 1383 2242 lenioribus
1411 2212 1515 2242 tentis
1537 2210 1619 2252 quid
1644 2211 1719 2242 est?

1005 2252 1071 2289 An,
1101 2252 1183 2293 quia
1214 2253 1323 2285 lenius
1348 2254 1430 2287 flare
1454 2254 1545 2286 venti
1570 2254 1716 2297 incipie-

1004 2294 1108 2328 bant?
1154 2297 1219 2329 Sed
1238 2298 1303 2330 hoc
1321 2299 1441 2331 fuisset
1453 2299 1494 2331 iis
1508 2300 1605 2330 valde
1618 2309 1716 2331 com-

1004 2339 1145 2372 modum
1178 2348 1256 2383 post
1293 2342 1418 2375 hiemis
1449 2343 1715 2375 inclementiam.

1005 2384 1097 2415 Oud.
1114 2396 1251 2418 sensum
1269 2387 1339 2419 loci
1358 2387 1584 2429 putabatesse
1598 2387 1713 2418 hunc:

1003 2428 1083 2459 dum
1108 2438 1306 2472 exspectant
1336 2432 1482 2464 leniores
1517 2437 1634 2464 ventos
1670 2432 1713 2463 ad

1002 2477 1309 2514 transportandum,
1349 2477 1577 2518 exspectando
1621 2474 1716 2507 acci-

1005 2516 1103 2558 piunt
1127 2519 1283 2560 quotidie
1311 2520 1426 2552 durius
1453 2527 1600 2562 tempus.
1646 2520 1714 2551 Sed

1005 2561 1071 2594 hoc
1089 2573 1153 2594 non
1171 2570 1222 2596 est
1239 2564 1272 2596 in
1286 2565 1412 2603 verbis,
1426 2564 1489 2596 nisi
1504 2565 1551 2596 sic
1564 2565 1692 2605 legatur
1705 2576 1714 2594 ε

1005 2607 1192 2649 duriusque
1223 2619 1279 2649 qn.
1310 2615 1454 2648 tempas,
1484 2609 1715 2649 esc-spectandis

1003 2651 1086 2688 (vel.
1124 2652 1297 2693 optandis)
1335 2654 1380 2685 ad
1411 2652 1714 2693 transportandum

1002 2696 1185 2727 lenioribus
1218 2699 1331 2734 ventis,
1368 2697 1616 2738 e.1·.s·pectabc1nt.
1663 2697 1714 2728 M.

1004 2739 1120 2771 Ciacc.
1135 2742 1192 2772 dat
1206 2742 1471 2783 acspeccabacam
1494 2741 1587 2783 quod
1602 2741 1717 2784 placet

1007 2784 1156 2817 Jurinio.
1652 2784 1654 2787 ’
