1946 3261
640 193 757 238 LIB.
792 192 879 237 ΙΙΙ.
944 191 1084 237 CAP.
1118 190 1308 236 95-97.
1653 187 1742 232 407

232 337 338 366 num
355 323 527 382 argenti
547 322 718 383 pondus
736 321 997 383 expositum,
1015 321 1263 365 recentibus
1283 317 1520 379 cespitibus
1538 318 1740 362 taberna-

232 383 332 427 cula
353 392 591 434 constrata,
616 384 670 428 L.
694 384 824 427 etiam
847 381 1025 426 Lentuli
1046 389 1090 423 et
1115 380 1423 423 nonnullorum
1455 378 1744 422 tabernacula

231 450 434 501 protecta
454 444 582 486 edera
602 459 611 492 ;
643 445 871 502 multaque
889 450 1119 501 praeterea,
1143 456 1239 496 quae
1261 439 1437 482 nimiam
1459 438 1677 481 luxuriam
1699 447 1745 483 et

232 502 427 545 victoriae
448 502 653 546 fiduciam
675 503 981 561 designarent:
1013 507 1064 543 ut
1086 499 1210 541 facile
1232 498 1436 541 aestimari
1454 507 1614 557 posset,
1636 498 1747 544 nihil

232 577 305 604 eos
318 561 373 604 de
388 570 548 604 eventu
560 561 651 619 ejus
662 562 748 604 diei
761 562 967 611 timuisse,
978 559 1054 619 qui
1064 575 1150 602 non
1164 557 1421 600 necessarias
1433 559 1747 617 conquirerent

233 620 499 679 voluptates.
565 623 628 662 At
658 620 701 663 hi
732 621 972 664 miserrimo
1001 635 1051 662 ac
1081 616 1394 677 patientissimo
1416 617 1624 661 exercitui
1649 618 1745 663 Cae-

230 680 334 722 saris
365 678 582 722 luxuriem
612 679 896 739 objiciebant,
919 679 990 723 cui
1010 693 1181 736 semper
1211 676 1354 720 omnia
1375 675 1432 718 ad
1454 676 1743 722 necessarium

231 754 357 781 usum
386 737 643 781 defuissent.
709 739 959 798 Pompeius,
987 739 1076 797 jam
1109 753 1247 796 quum
1278 735 1394 779 intra
1416 735 1582 779 vallum
1604 738 1744 781 nostri

229 805 525 848 versarentur,
548 814 714 856 equum
735 807 903 849 nactus,
925 797 1134 841 detractis
1165 795 1406 854 insignibus
1428 794 1747 853 Imperatoriis‚

229 857 468 901 decumana
500 867 629 916 porta
658 875 702 901 se
733 875 786 902 ex
817 859 969 901 castris
1000 857 1126 915 ejecit
1156 856 1447 915 protinusque
1468 870 1584 913 equo
1607 855 1745 899 citato

234 916 451 959 Larissam
486 917 729 961 contendit.
796 918 956 976 Neque
985 917 1046 960 ibi
1077 915 1290 967 constitit,
1321 915 1396 958 sed
1420 913 1573 957 eadem
1594 914 1744 958 celeri-

232 983 339 1026 tate,
366 992 528 1035 paucos
548 992 647 1020 suos
670 994 723 1020 ex
745 977 851 1036 fuga
873 984 1041 1027 nactus,
1074 983 1292 1019 nocturno
1317 974 1472 1017 itinere
1503 989 1590 1016 non
1613 974 1748 1018 inter-

230 1035 374 1086 misso,
395 1037 606 1079 comitatu
628 1037 829 1096 equitum
853 1037 1038 1096 triginta
1059 1035 1117 1078 ad
1140 1051 1259 1078 mare
1280 1034 1481 1093 pervenit
1501 1049 1746 1092 navemque

228 1095 559 1139 frumentariam
572 1096 820 1139 conscendit
838 1112 846 1145 ;
871 1113 998 1155 saepe,
1018 1104 1068 1138 ut
1085 1094 1334 1144 dicebatur,
1348 1109 1552 1152 querens,
1572 1101 1747 1137 tantum

231 1171 274 1199 se
307 1155 555 1214 opinionem
588 1155 808 1205 fefellisse,
838 1165 904 1206 ut,
935 1173 960 1198 a
982 1171 1071 1214 quo
1094 1170 1250 1215 genere
1271 1154 1495 1198 hominum
1516 1153 1748 1197 victoriam

233 1223 460 1273 sperasset,
479 1216 536 1258 ab
555 1231 620 1266 eo,
643 1215 766 1259 initio
784 1216 900 1274 fugae
924 1215 1056 1265 facto,
1080 1230 1202 1274 paene
1226 1213 1429 1273 proditus
1451 1213 1695 1257 videretur.

293 1273 365 1316 97.
411 1274 572 1324 Caesar,
607 1276 762 1317 castris
792 1276 976 1333 potitus,
1011 1291 1036 1317 a
1069 1274 1284 1317 militibus
1322 1273 1560 1322 contendit,
1592 1288 1662 1322 ne,
1700 1271 1743 1315 in

236 1333 386 1393 praeda
424 1334 643 1393 occupati,
687 1335 843 1392 reliqui
887 1334 1051 1393 negotii
1095 1333 1272 1393 gerendi
1304 1332 1562 1375 facultatem
1601 1331 1749 1375 dimit-

231 1401 391 1436 terent.
457 1394 556 1443 Qua
578 1410 624 1436 re
646 1393 884 1452 inpetrata,
910 1401 1101 1437 montem
1122 1409 1255 1452 opere
1277 1391 1595 1435 circumvenire
1627 1391 1749 1434 insti-

231 1454 335 1497 tuit.
401 1452 672 1511 Pompeiani‚
705 1452 824 1511 quod
848 1452 881 1496 is
901 1469 1021 1496 mons
1042 1460 1138 1496 erat
1159 1452 1248 1495 sine
1271 1467 1403 1510 aqua,
1425 1450 1554 1494 diffisi
1573 1449 1612 1492 ei
1634 1450 1747 1501 loco,

233 1512 389 1556 relicto
418 1520 582 1564 monte,
612 1513 804 1556 universi
828 1513 940 1572 juris
964 1513 1056 1572 ejus
1080 1512 1294 1554 Larissam
1314 1526 1464 1554 versus
1485 1527 1529 1553 se
1552 1509 1749 1570 recipere

1739 1611 1752 1645 i

236 1642 484 1675 tricliniaribus
508 1648 661 1681 stratum,
687 1642 720 1674 in
744 1653 814 1684 quo
841 1642 953 1684 posita

237 1693 424 1730 parataque
471 1693 548 1718 sunt
595 1687 767 1719 triclinia:
825 1687 954 1729 poterit

237 1731 344 1764 etiam
361 1732 431 1763 dici
448 1733 582 1763 trichila
597 1737 716 1766 strata.
734 1731 768 1762 h.
783 1743 814 1762 o.
826 1731 955 1763 mensis

241 1782 355 1816 strata,
375 1777 408 1808 in
432 1788 499 1818 qua
525 1776 646 1818 positae
665 1782 859 1818 parataque
876 1782 954 1808 sunt

240 1831 380 1853 mensae.
428 1821 531 1863 Atqui
549 1822 643 1863 apud
659 1821 878 1853 Macrobium
895 1821 955 1853 Sa-

240 1867 364 1897 turnal.
387 1868 420 1904 2,
445 1867 478 1904 9,
507 1877 526 1896 ‹=
553 1865 659 1897 veteri
686 1865 852 1907 scriptore
880 1877 957 1907 pro-

239 1910 394 1943 feruntur
426 1910 497 1942 haec
522 1911 650 1942 verba:
688 1912 833 1943 triclinia
865 1913 957 1943 lectis

239 1956 392 1988 eburneis
421 1960 542 1987 strata.
604 1956 736 1987 Eodem
773 1956 877 1987 modo
920 1955 953 1987 in

242 1999 342 2031 libris
358 1999 463 2031 sacris
479 2000 608 2038 (Marc.
630 2002 680 2037 14,
701 2001 753 2030 15.
780 2001 883 2032 Lucae
901 2004 956 2039 22,

246 2045 301 2083 ll)
331 2043 455 2075 dicitur
486 2043 611 2084 ἀνώγεων
642 2044 825 2087 ἐστρωμένον,
861 2045 954 2086 quod

243 2087 395 2129 Scaliger
406 2088 465 2127 (de
476 2089 644 2119 emendat.
663 2096 794 2130 tempp.
823 2100 857 2130 p.
875 2090 957 2129 571)

243 2132 332 2164 bene
346 2132 457 2172 vertit,
466 2133 681 2164 coenaculum
694 2133 792 2164 lectis
805 2140 956 2166 stratum.

244 2178 334 2219 Ergo
358 2187 427 2208 non
453 2176 624 2209 debebant
651 2177 715 2209 viri
740 2177 834 2209 docti
854 2178 960 2210 dubi-

240 2227 326 2260 tare,
355 2231 398 2252 an
427 2223 566 2254 trichila
592 2221 662 2253 dici
697 2228 812 2262 posset
841 2222 958 2261 sterni,

245 2267 425 2308 multoque
449 2265 561 2298 minus
594 2265 734 2308 phrasin
768 2266 853 2298 hanc
883 2278 958 2299 cor-

243 2310 365 2352 rigere.
413 2309 447 2342 Si
471 2310 550 2353 quis
575 2316 688 2342 tamen
717 2311 814 2342 malit
843 2322 959 2343 emen-

244 2356 338 2393 dare,
361 2365 428 2386 non
445 2356 650 2387 contendam
673 2356 715 2386 de
738 2366 793 2387 eo.
818 2355 958 2397 Lipsius

244 2400 303 2439 (de
320 2398 393 2430 mil.
413 2399 515 2432 Rom.
533 2404 565 2438 5,
587 2402 637 2432 16.
656 2411 689 2442 p.
709 2401 790 2439 326)
805 2402 959 2433 trichilas

245 2449 370 2476 stratas
385 2445 507 2476 eodem
524 2446 641 2483 modo,
663 2455 733 2487 quo
756 2451 833 2476 ante
858 2445 959 2477 inter-

245 2494 403 2530 pretatus
427 2499 513 2528 sum,
537 2489 727 2532 descripsit,
757 2490 959 2522 umbracula

244 2533 292 2565 ad
308 2536 528 2565 coenationem
542 2536 691 2566 instrata
706 2535 823 2576 fuisse.
847 2536 960 2567 lectos-

245 2587 310 2619 que
325 2578 507 2618 dispositos.
539 2579 592 2610 M.
636 2579 729 2611 Bene
751 2584 876 2611 strata-s
900 2579 958 2610 de-

246 2621 352 2654 fendit
366 2621 498 2654 Morus.
513 2622 658 2654 restitui.

297 2667 538 2698 Tabernacula
562 2667 726 2699 militum.
788 2667 960 2700 Differunt

246 2722 328 2753 ergo
347 2712 421 2743 haec
446 2711 492 2742 ab
518 2710 589 2742 illis
613 2712 802 2744 luxuriosis
825 2713 961 2745 umbra-

246 2755 349 2794 culis,
379 2767 489 2797 neque
511 2756 630 2787 eadem
660 2767 725 2795 res,
752 2762 789 2788 ut
816 2756 959 2790 Vossius

247 2800 402 2842 putabat,
421 2800 472 2832 bis
489 2799 596 2832 dicitu
604 2802 729 2833 r.—De
745 2801 881 2834 luxuria
896 2802 960 2835 hac

248 2845 486 2887 intempestiva
498 2844 588 2877 conf.
601 2845 779 2878 Plutarch.
788 2845 820 2878 in
836 2848 960 2889 Pomp.

244 2900 276 2921 c.
294 2892 346 2920 72.
374 2891 423 2921 M.

294 2935 552 2967 Patientis-simo.
592 2935 628 2967 In
645 2934 744 2967 MSS.
757 2934 901 2975 cunctis,
917 2947 959 2970 ne

1031 1653 1097 1674 uno
1112 1642 1251 1684 quidem
1269 1646 1427 1683 excepto,
1443 1647 1477 1673 ct
1491 1641 1569 1673 edd.
1586 1646 1656 1673 ant.
1679 1642 1736 1683 leg

1028 1690 1262 1729 potentissimo,
1279 1686 1415 1717 monuit
1432 1686 1524 1718 Oud.
1565 1685 1685 1728 Neque
1702 1691 1752 1717 ta-

1031 1742 1108 1763 men
1126 1731 1241 1762 locum
1258 1731 1384 1762 habore
1403 1735 1528 1773 potest.
1554 1730 1605 1761 Μ.

1079 1776 1265 1807 Ε.ι“ρνει”1ιη“.
1312 1775 1373 1807 alii
1405 1777 1565 1813 exercitu,
1594 1779 1633 1806 ut
1662 1772 1753 1806 alibi

1032 1820 1156 1854 Caesar.
1206 1820 1250 1851 V.
1266 1820 1307 1852 G.
1329 1823 1358 1859 1,
1377 1822 1428 1852 16.

1080 1867 1232 1907 Semper.
1258 1865 1381 1897 Marcl.
1400 1876 1435 1907 p.
1452 1865 1530 1896 278.
1544 1874 1640 1907 saepe.
1655 1863 1700 1896 cf.
1717 1875 1750 1896 c.

1033 1912 1086 1942 49.
1113 1910 1169 1941 Sic
1187 1917 1221 1941 et
1236 1921 1314 1952 cap.
1335 1912 1388 1942 86.
1414 1910 1503 1941 Cod.
1520 1908 1620 1942 Leid.
1640 1911 1669 1940 1.
1686 1920 1751 1951 pro

1030 1966 1116 1998 soepe
1131 1955 1236 1986 habet
1249 1966 1392 1997 semper.

1085 2002 1202 2032 Usum.
1241 2000 1296 2031 Al.
1312 2002 1449 2032 victum.
1464 1997 1579 2029 minus
1595 1997 1695 2031 bene.

1080 2044 1278 2084 Insiqnibm
1298 2044 1463 2086 Imperat.
1487 2043 1736 2075 Paludamento

1033 2089 1120 2121 Nam
1138 2088 1342 2119 Plutarchus
1353 2088 1395 2119 de
1412 2087 1582 2129 Pompeio
1605 2086 1657 2125 (in
1674 2088 1748 2129 ejus

1031 2133 1103 2165 vita
1121 2143 1154 2164 c.
1174 2134 1243 2172 72),
1257 2132 1317 2175 qui
1336 2132 1368 2164 in
1386 2138 1494 2164 castra
1511 2141 1554 2163 ex
1570 2131 1647 2163 acie
1664 2131 1753 2164 effu-

1031 2183 1145 2219 gerat:
1177 2176 1280 2214 λαβὼν
1306 2177 1436 2216 {asin-ra,
1460 2179 1498 2220 τῇ
1518 2174 1649 2221 παιζούσῃ
1666 2175 1754 2219 τύχῃ

1033 2222 1210 2266 πρέπουσαν,
1230 2223 1394 2262 ὑπεξῆλθε,
1417 2228 1450 2254 et
1467 2221 1500 2253 in
1515 2221 1588 2253 vita
1607 2220 1754 2253 Caesaris

1033 2277 1109 2308 cap.
1141 2271 1182 2299 45
1212 2266 1351 2299 disertis
1380 2265 1496 2298 verbis
1511 2278 1519 2297 ι
1580 2263 1753 2297 ἀπεδύσατο

1033 2311 1084 2345 τὴν
1117 2310 1263 2352 ἐναγώνιον
1296 2312 1349 2344 καὶ
1379 2309 1586 2356 στρατηγικὴν
1621 2311 1752 2343 ἐσθῆτα.

1033 2355 1184 2398 Appian.
1202 2360 1234 2395 2,
1251 2359 1307 2388 81.
1323 2368 1360 2399 p.
1376 2359 1453 2388 479.
1478 2355 1530 2388 τὴν
1546 2354 1653 2387 στολὴν
1670 2353 1753 2387 ἐνήλ-

1034 2401 1214 2440 λαξε--
1229 2402 1283 2433 De
1298 2403 1375 2443 fuga
1394 2399 1548 2441 Pompeii
1568 2399 1602 2430 in
1621 2399 1752 2440 AEgyp-

1033 2451 1106 2477 tum
1135 2457 1243 2488 usque
1270 2452 1381 2479 exstat
1412 2445 1502 2487 apud
1526 2443 1751 2476 Plutarchum

1033 2490 1083 2530 (in
1099 2491 1223 2533 Pomp.
1247 2502 1323 2533 cap.
1337 2494 1379 2523 73
1405 2490 1495 2532 sqq.)
1509 2487 1752 2530 pulcherrima,

1033 2534 1076 2567 ad
1105 2535 1335 2568 miserandum
1365 2537 1466 2573 sacta,
1498 2533 1753 2574 multorumque

1034 2579 1190 2612 moribus
1201 2580 1371 2622 expressis
1380 2580 1507 2612 variata
1518 2576 1681 2609 narratio.
1699 2577 1752 2608 M.

1037 2626 1278 2667 Imperatoriis‚
1294 2625 1348 2658 Sic
1360 2623 1619 2666 codd.quidam.
1636 2621 1754 2664 Vulgo

1038 2670 1270 2711 Imperatoris.

1082 2716 1212 2746 Paucos
1228 2725 1315 2747 suos.
1352 2713 1408 2746 Sic
1426 2713 1525 2745 codd.
1540 2718 1573 2745 et
1590 2711 1665 2743 edd.
1680 2715 1752 2742 vet.

1035 2758 1215 2790 Manutius
1232 2759 1327 2790 dedit
1343 2769 1497 2791 suorum.

1083 2804 1346 2835 circumvenire.
1387 2802 1460 2834 Alii
1477 2803 1753 2834 circummunire.

1034 2853 1072 2879 ut
1086 2847 1126 2879 C.
1148 2850 1177 2885 l.
1198 2850 1248 2878 18.

1081 2893 1175 2924 Juris
1188 2895 1271 2932 eju-s.
1299 2890 1410 2924 Verba
1425 2892 1497 2924 haec
1512 2902 1612 2924 sensu
1625 2894 1754 2922 carent.

1037 2937 1123 2968 Cum
1154 2947 1236 2968 vero
1261 2936 1374 2969 absint
1400 2947 1421 2969 a
1447 2937 1524 2969 cod.
1579 2934 1751 2972 Palatino,
