1992 3271
317 236 367 277 18
725 232 809 277 DE
843 230 1044 275 BELLO
1078 231 1370 276 GALLICO.

311 339 560 382 cohortatus
580 354 692 388 suos,
723 339 926 396 proelium
960 339 1184 383 commisit.
1243 340 1424 389 Milites,
1454 355 1477 382 e
1497 339 1592 383 loco
1611 339 1775 398 superi-

310 414 385 441 ore
406 398 504 456 pilis
520 397 668 445 missis,
690 397 814 439 facile
841 398 1029 441 hostium
1050 398 1305 457 phalangem
1335 398 1652 456 perfregerunt.
1710 398 1776 440 Ea

309 456 500 514 disjecta,
541 455 692 512 gladiis
717 455 931 499 destrictis
964 458 1007 499 in
1040 473 1110 499 eos
1144 457 1341 515 inpetum
1373 457 1580 499 fecerunt.
1639 455 1777 499 Gallis

311 529 467 571 magno
489 513 543 555 ad
563 529 755 572 pugnam
775 524 867 558 erat
889 515 1196 574 inpedimento,
1225 515 1358 573 quod,
1392 515 1594 573 pluribus
1625 530 1776 557 eorum

307 572 438 614 scutis
460 587 546 614 uno
567 572 657 615 ictu
679 572 869 631 pilorum
891 573 1102 616 transfixis
1123 582 1166 616 et
1185 573 1427 632 conligatis,
1457 589 1592 631 quum
1611 573 1777 615 ferrum

303 646 347 672 se
381 629 623 680 inflexisset,
657 646 796 689 neque
828 632 1027 682 evellere,
1060 648 1213 691 neque,
1234 633 1404 675 sinistra
1437 631 1644 690 inpedita,
1676 630 1777 673 satis

307 689 528 731 commode
566 705 762 747 pugnare
795 698 1022 748 poterant3
1054 691 1180 734 multi
1222 699 1272 734 ut
1303 691 1378 733 diu
1408 691 1567 748 jactato
1598 688 1775 732 brachio

306 755 604 804 praeoptarent
624 756 794 790 scutum
813 765 941 791 manu
962 750 1157 792 emittere
1173 758 1216 792 et
1232 749 1347 792 nudo
1367 764 1548 807 corpore
1565 763 1775 806 pugnare.

307 805 498 847 Tandem
519 806 771 849 vulneribus
806 808 954 850 defessi
983 817 1026 851 et
1059 808 1210 866 pedem
1241 809 1401 850 referre
1422 816 1481 857 et,
1511 806 1628 864 quod
1656 820 1776 848 mons

305 863 482 906 suberat
523 864 696 907 circiter
735 865 835 907 mile
875 883 1092 925 passuum,
1131 883 1181 909 eo
1222 883 1264 909 se
1302 866 1493 924 recipere
1533 872 1774 922 coeperunt.

307 922 454 980 Capto
475 931 620 965 monte
641 924 1040 988 etxsuccedentibus
1067 925 1237 975 nostris,
1269 925 1364 967 Boii
1396 933 1440 967 et
1472 922 1602 964 Tulin
1636 921 1665 971 i,
1699 921 1776 980 qui

302 979 523 1023 hominum
544 981 719 1024 milibus
751 983 922 1026 circiter
950 984 1036 1026 XV
1069 999 1223 1042 agmen
1242 983 1430 1026 hostium
1455 981 1604 1022 claude
1638 987 1712 1022 ant
1732 987 1778 1022 et

300 1039 538 1081 novissimis
560 1041 758 1098 praesidio
778 1050 915 1092 erant,
937 1058 990 1084 ex
1018 1042 1170 1084 itinere
1189 1050 1356 1084 nostros
1377 1040 1510 1082 latere
1530 1046 1684 1096 aperto
1705 1037 1776 1079 ad-

303 1098 452 1154 gressi,
482 1098 823 1142 circumvenere:
857 1108 901 1142 et
930 1101 972 1144 id
993 1101 1228 1159 conspicati
1252 1097 1460 1147 Helvetii,
1490 1097 1565 1155 qui
1593 1097 1637 1139 in
1656 1111 1774 1138 mon-

301 1163 390 1197 tem
411 1172 497 1199 sese
529 1166 797 1215 receperant,
831 1174 978 1201 rursus
1009 1159 1166 1201 instare
1186 1165 1229 1199 et
1249 1156 1453 1214 proelium
1482 1155 1777 1212 redintegrare

302 1223 545 1272 coeperunt.
570 1215 754 1258 Romani
768 1232 968 1259 conversa
981 1217 1100 1274 signa
1114 1215 1327 1273 bipartito
1348 1213 1609 1257 intulerunt:
1635 1212 1777 1271 prima

300 1287 350 1313 ac
382 1273 565 1315 secunda
596 1274 720 1323 acies,
756 1283 805 1317 ut
835 1275 959 1317 vietis
986 1291 1035 1316 ac
1063 1273 1272 1317 submotis
1294 1273 1531 1321 resisteret3
1556 1272 1702 1321 tertia,
1724 1278 1776 1313 ut

299 1330 517 1372 venientes
537 1331 767 1388 exciperet.

358 1389 430 1430 26.
463 1387 530 1430 Ita
560 1389 740 1446 ancipiti
777 1388 933 1446 proelio
965 1389 1041 1431 diu
1073 1397 1205 1446 atque
1233 1388 1391 1431 acriter
1423 1396 1666 1446 pugnatum
1695 1396 1773 1431 est.

301 1445 482 1488 Diutius
503 1462 637 1503 quum
659 1455 906 1489 nostrorum
928 1447 1100 1505 inpetus
1121 1447 1327 1490 sustinere
1340 1462 1425 1490 non
1443 1455 1632 1505 possent,
1649 1447 1777 1489 alteri

299 1518 358 1552 se,
392 1512 442 1546 ut
474 1513 711 1561 coeperant,
744 1505 787 1547 in
823 1514 1012 1548 montem
1042 1515 1325 1564 receperunt;
1368 1505 1495 1548 alteri
1525 1505 1579 1548 ad
1612 1505 1774 1564 inpedi—

297 1569 442 1604 menta
463 1570 507 1604 et
528 1578 672 1604 carros
701 1579 798 1605 suos
826 1579 868 1605 se
890 1563 1181 1606 contulerunt.
1246 1565 1361 1607 Nam
1382 1564 1462 1607 hoc
1483 1572 1578 1607 toto
1601 1563 1774 1622 proelio,

298 1635 435 1678 quum
456 1620 512 1662 ab
533 1620 639 1663 hora
659 1621 842 1679 septima
861 1622 914 1664 ad
936 1637 1163 1681 vesperum
1196 1631 1440 1680 pugnatum
1470 1622 1542 1672 sit,
1575 1638 1773 1665 aversum

340 1730 421 1761 Palis
436 1731 549 1761 missis.
563 1729 623 1760 alii
638 1732 769 1762 ρνηιῖςςιὶς.

347 1774 472 1804 Glazllis
500 1773 664 1805 destrictis.
686 1774 729 1805 al.
753 1775 911 1807 (astrictis.
960 1775 1002 1806 V.

298 1816 401 1848 Gron.
415 1817 457 1847 ad
473 1816 546 1847 Liv.
564 1819 619 1855 27,
638 1819 687 1848 13.

343 1861 500 1892 Pluribus
535 1862 854 1901 scutis—commatis.
915 1862 1000 1893 Nam

296 1909 391 1935 scuta
415 1903 584 1945 capitibus
601 1904 648 1935 sic
672 1904 942 1945 imponebantur,
965 1911 1002 1936 ut

294 1958 361 1978 non
379 1958 492 1988 margo
508 1948 694 1988 marginem
721 1954 870 1989 tangeret
891 1956 923 1979 et
946 1960 1000 1979 ve-

298 1991 362 2022 luti
388 1991 533 2028 fricaret,
554 1992 611 2022 sed
635 1997 670 2022 ut
696 1992 781 2023 scuti
803 1993 902 2023 unius
927 2002 1002 2033 pars

294 2034 364 2066 fere
393 2034 533 2066 dimidia
548 2040 672 2076 tegeret
687 2035 775 2066 scuti
793 2036 931 2067 alterius
946 2047 1001 2067 su-

295 2078 466 2119 perficiem
492 2079 561 2110 fere
591 2078 778 2110 dimidiam.
824 2080 914 2114 Ergo
932 2079 999 2110 ictu

297 2121 447 2162 pilorum
463 2128 616 2163 poterant
639 2123 816 2153 commode
839 2130 930 2154 scuta
958 2124 999 2154 ad

293 2165 472 2196 minimum
487 2166 553 2195 duo
569 2166 713 2207 transfigi
729 2171 828 2207 atquc
853 2167 896 2198 ita
913 2167 999 2197 ferro

290 2208 446 2249 colligari
464 2220 490 2239 s.
504 2209 603 2249 adfigi
615 2210 756 2240 alterum
767 2210 876 2241 alteri.
906 2211 955 2241 M.

342 2253 391 2283 Eo
415 2263 447 2283 se
472 2254 612 2293 recipere
636 2259 811 2294 coeperum.
846 2254 871 2284 Ι.
895 2254 934 2284 C.
956 2253 1000 2285 ΙΙ.

291 2295 411 2337 adjicit
444 2297 594 2328 Helvetii.
642 2296 766 2327 Verum
791 2297 823 2327 id
846 2308 887 2327 ex
910 2307 998 2328 nexu

294 2345 400 2381 patet.

340 2384 600 2421 commemoro,
615 2382 672 2414 alii
688 2384 930 2415 circumvenire.

340 2428 503 2458 Com-ersa
513 2429 609 2467 siqua
622 2428 816 2463 intulerunt,
830 2427 864 2457 h.
875 2438 905 2457 e.
919 2438 1001 2459 con-

291 2469 447 2501 versione
463 2470 550 2500 facta
564 2472 608 2505 6ςὶ
617 2472 754 2501 maclzen
762 2472 831 2500 eine
850 2472 999 2503 Schwen-

293 2515 401 2554 Iamy)
417 2513 599 2544 intulerunt
615 2513 708 2555 signa
726 2513 829 2544 hosti.
858 2514 997 2553 Nescio,

294 2557 375 2597 quid
391 2556 598 2588 difficultatis
615 2557 648 2588 h.
666 2558 688 2588 l.
711 2556 926 2597 quaesiverint
949 2557 998 2589 in-

293 2605 475 2641 terpretes:
500 2610 578 2632 nam
595 2607 680 2632 statu
694 2606 727 2631 et
742 2601 822 2638 τάξει
833 2601 999 2633 exercilus

292 2643 429 2675 hostilis
449 2650 587 2683 mutata,
611 2644 712 2675 etiam
736 2650 840 2675 status
862 2652 895 2674 et
918 2645 997 2683 τάξις

292 2687 462 2718 exercitus
481 2688 626 2719 Romani
642 2694 768 2719 mutata
781 2695 843 2718 est.
880 2687 913 2718 Si
931 2698 996 2719 nou

293 2741 410 2761 ornnes
426 2737 593 2762 mutarunt
613 2732 705 2770 τάξιν,
721 2736 831 2763 tamen
849 2741 925 2771 pars
939 2742 999 2761 eo-

294 2784 366 2804 rum
383 2784 456 2805 eam
470 2775 624 2813 mutavit,
649 2781 683 2806 et
697 2775 737 2805 de
754 2774 900 2806 hisillud
923 2785 998 2806 con-

290 2828 401 2848 versus
418 2817 670 2859 intelligendum
683 2824 743 2849 est.
769 2820 819 2850 M.
871 2819 912 2849 Τδ
924 2829 997 2850 con-

290 2871 383 2891 tersa
401 2861 432 2891 in
450 2863 546 2892 codd.
571 2869 604 2893 et
627 2863 702 2893 edd.
726 2862 871 2903 antiquis
893 2863 997 2892 deest.

293 2903 328 2934 Si
343 2904 497 2941 retineas,
513 2906 545 2934 τὸ
561 2907 707 2947 bipartito
720 2906 842 2937 referes
853 2906 894 2937 ad
909 2908 997 2937 inlu-

291 2949 416 2979 lerunt.
462 2949 496 2979 Id
512 2950 659 2990 bipartito
674 2950 772 2980 codd.
788 2955 819 2980 el
835 2950 909 2981 edd.
930 2954 997 2979 vet.

291 2991 429 3030 habent,
469 2998 570 3024 recte.
615 2993 749 3025 Graecus
784 2993 887 3026 ctiam
921 2991 996 3036 διχῇ

1067 1732 1171 1772 (quod
1196 1731 1354 1762 Davisius
1377 1732 1464 1762 male
1488 1730 1521 1762 in
1546 1733 1638 1774 τριχῇ
1659 1730 1774 1770 vertit)

1067 1785 1143 1805 nam
1170 1775 1277 1815 prima
1293 1781 1327 1806 ct
1351 1776 1495 1806 secunda
1517 1775 1609 1806 acies
1630 1785 1690 1815 pro
1707 1785 1773 1806 una

1069 1818 1242 1857 habendae,
1276 1824 1313 1849 ut
1338 1830 1379 1850 ex
1396 1829 1463 1860 seq.
1482 1824 1585 1859 patet.
1608 1828 1674 1850 non
1690 1828 1770 1858 ergo

1067 1872 1152 1902 opus
1177 1864 1218 1901 τῷ
1245 1864 1417 1903 tripartito.
1465 1862 1506 1893 V.
1537 1861 1617 1892 Dio.
1635 1864 1687 1900 38,
1718 1863 1772 1893 33.

1066 1904 1165 1936 Conf.
1187 1905 1303 1936 Carrio
1325 1907 1402 1936 Ant.
1417 1906 1496 1937 lect.
1512 1907 1543 1943 3,
1560 1909 1591 1937 2.
1634 1905 1770 1936 Nodum

1068 1948 1098 1979 in
1129 1948 1242 1989 scirpo
1280 1948 1338 1980 hic
1369 1949 1486 1989 quaerit
1523 1950 1548 1980 1.
1569 1948 1610 1980 C.
1635 1949 1679 1979 H.
1711 1949 1771 1990 qui

1065 1992 1223 2023 mutilum
1238 1992 1351 2023 locum
1367 2003 1440 2023 esse
1450 1992 1591 2034 judicat.

1113 2037 1293 2077 Exciperet.
1341 2035 1375 2067 Si
1401 2037 1500 2067 codd.
1522 2041 1556 2067 et
1583 2041 1665 2068 vett.
1694 2037 1771 2068 edd.

1068 2079 1162 2119 sequi
1177 2079 1332 2118 velimus,
1357 2080 1533 2120 legendum
1550 2079 1615 2111 erit
1635 2083 1770 2112 sustine-

1065 2128 1125 2161 ret,
1143 2123 1196 2154 cui
1218 2123 1476 2163 Oudendorpius
1492 2124 1635 2165 praetulit
1648 2126 1771 2165 excipe-

1065 2171 1124 2204 ret,
1142 2166 1218 2207 quia
1235 2172 1327 2208 putat
1342 2167 1540 2207 elegantius,
1563 2178 1662 2207 quam
1679 2168 1769 2208 quod

1065 2220 1084 2240 a
1101 2209 1246 2242 librariis
1263 2211 1450 2252 profectum
1466 2211 1521 2242 sit.
1567 2210 1667 2248 Quod
1682 2210 1769 2242 mihi

1066 2263 1132 2285 non
1149 2254 1298 2286 videtur:
1321 2264 1398 2285 nam
1409 2257 1550 2296 e.rcipere
1563 2260 1596 2286 et
1613 2256 1770 2286 suscitem-e

1065 2302 1132 2328 tam
1149 2294 1267 2329 crebro
1293 2303 1327 2328 et
1351 2303 1540 2329 constanter
1572 2297 1604 2329 in
1636 2298 1698 2329 hac
1734 2307 1769 2329 re

1065 2340 1229 2379 dicuntur,
1248 2347 1283 2372 ut
1299 2347 1454 2372 neutrum
1472 2341 1623 2373 videatur
1635 2341 1770 2382 elegan-

1063 2384 1141 2416 tius.
1166 2386 1216 2416 M.
1263 2385 1301 2414 Tox
1327 2387 1481 2425 exciperet
1503 2385 1624 2426 legitur
1653 2384 1685 2416 in
1715 2385 1770 2416 ed.

1067 2429 1169 2460 Rom.
1185 2428 1328 2459 Mediol.
1354 2428 1438 2459 Ven.
1453 2434 1518 2460 etc.

1112 2474 1209 2503 Hora
1236 2474 1382 2513 septima.
1423 2472 1482 2502 Est
1508 2474 1633 2504 circiter
1660 2470 1768 2512 prima

1066 2515 1305 2556 pomeridiana,
1320 2526 1339 2545 e
1354 2515 1481 2547 ratione
1495 2522 1618 2547 nostra.
1666 2516 1768 2546 Vete-

1063 2570 1115 2590 res
1125 2559 1276 2590 noctium
1289 2564 1323 2589 et
1335 2558 1463 2590 dierum
1478 2559 1582 2601 spatia
1593 2559 1654 2591 suh
1666 2561 1768 2600 oeqwi-

1064 2605 1205 2635 ⁷1octimn
1219 2603 1267 2634 sic
1289 2602 1484 2637 diviserunt,
1499 2609 1536 2634 ut
1556 2613 1622 2635 nox
1639 2601 1768 2642 incipe-

1066 2653 1114 2678 ret
1138 2646 1182 2678 ab
1206 2652 1319 2677 nostra
1346 2654 1438 2678 sexta
1467 2647 1551 2678 hora
1578 2645 1769 2686 vespertina

1064 2690 1293 2730 desineretque
1321 2689 1353 2720 in
1375 2695 1467 2722 sexta
1488 2690 1669 2727 matutina5
1696 2688 1766 2720 diei

1064 2744 1142 2764 vero
1169 2733 1303 2765 initium
1327 2741 1415 2765 esset
1438 2740 1530 2765 sexta
1550 2732 1711 2764 matutina
1732 2738 1767 2763 et

1064 2778 1140 2808 finis
1169 2784 1262 2808 sexta
1299 2777 1499 2818 vespertina.
1553 2777 1664 2817 Itaque
1693 2775 1766 2807 dies

1063 2821 1237 2852 constabat
1283 2821 1446 2852 duodenis
1492 2820 1597 2857 horis,
1630 2829 1706 2860 quae
1746 2829 1767 2850 a

1067 2864 1175 2904 prima
1196 2866 1237 2895 ad
1262 2865 1496 2896 duodecimam
1519 2863 1679 2903 deinceps
1705 2872 1766 2894 nu-

1066 2908 1292 2939 merabantur:
1335 2919 1402 2940 nox
1429 2906 1597 2948 quaternis
1624 2905 1766 2947 vigiliis,

1065 2950 1191 2991 vigiliae
1221 2951 1322 2983 ternis
1352 2950 1463 2983 horis:
1502 2960 1701 2991 quamquam
1731 2955 1768 2981 et

1064 2995 1175 3029 noctis
1225 2996 1309 3028 hora
1350 2995 1469 3037 prima,
1505 2995 1662 3033 secunda,
1698 2998 1766 3026 etc.
