1946 3261
247 321 389 381 ipsum
416 320 461 365 in
495 319 629 365 classe
657 321 823 365 venisse
843 337 920 365 nec
960 321 1073 365 ullos
1105 321 1303 364 milites'
1291 337 1336 365 111
1361 320 1543 366 navibus
1571 320 1750 366 habere.

249 382 350 431 Qua
369 397 416 424 re
436 390 684 450 comperta,
705 397 907 440 magnam
928 381 1010 424 Slbl
1022 380 1280 424 facultatem
1296 382 1521 425 fortunam
1540 381 1753 426 obtulisse

246 441 357 485 bene
387 441 591 501 gerendae
622 441 686 484 1ei
719 440 1016 484 crediderunt.
1093 438 1251 497 Itaque
1283 457 1412 484 naves
1445 457 1608 495 omnes,
1641 457 1752 500 quas

246 508 423 559 paratas
439 500 686 543 habuerant
706 500 762 542 ad
783 498 1092 558 navigandum,
1109 501 1514 558 propugnatoribus
1535 501 1752 544 instruxe-

245 567 367 609 runt,
401 559 650 626 Caesar-ique
680 558 885 602 redeunti
915 574 1014 602 cum
1035 558 1166 601 classe
1186 568 1496 602 occurrerunt:
1531 561 1608 618 qui
1641 560 1750 604 dua-

244 619 326 662 bus
345 618 400 662 de
420 618 575 661 caussis
596 633 647 660 eo
666 618 737 660 die
758 618 964 661 dimicare
985 617 1179 668 nolebat,
1202 617 1324 675 quod
1349 626 1393 660 et
1414 618 1556 661 nullos
1586 620 1747 663 milites

243 678 288 721 in
308 677 491 720 navibus
512 676 720 727 habebat,
741 686 786 720 et
808 686 908 736 post
927 677 1080 721 horam
1100 677 1310 720 decimam
1328 677 1414 720 diei
1430 693 1495 720 res
1510 678 1727 735 agebatui
1731 712 1743 730 ‚

244 751 331 780 nox
361 744 510 779 autem
544 736 750 780 adlatura
784 736 1020 780 videbatur
1055 737 1265 804 majorem
1293 735 1500 780 fiduciam
1528 736 1630 787 illis,
1665 739 1744 795 qui

240 795 440 839 locorum
474 795 630 838 notitia
661 795 962 841 confidebant:
995 796 1077 839 sibi
1110 797 1242 839 etiam
1271 795 1474 838 hortandi
1503 811 1605 838 suos
1624 797 1744 839 auxi-

242 855 353 898 lium
372 854 658 905 defuturum
691 855 810 914 quod
830 855 953 899 nulla
974 855 1075 899 satis
1097 855 1251 898 idonea
1273 864 1384 898 esset
1405 855 1612 905 hortatio,
1646 871 1745 913 quae

245 929 387 972 neque
409 914 621 958 virtutem
653 924 797 974 posset
829 924 1000 965 notare,
1036 931 1174 973 neque
1207 914 1424 957 inertiam.
1489 915 1662 964 Quibus
1689 915 1748 958 de

244 973 401 1017 caussis
420 990 565 1023 naves,
589 991 698 1032 quas
722 975 884 1033 potuit,
910 975 1053 1018 Caesal
1085 975 1141 1018 ad
1175 982 1341 1018 terram
1372 973 1581 1025 detrahit,
1616 990 1746 1032 quem

243 1033 288 1077 in
311 1033 457 1076 locum
475 1033 573 1077 illos
590 1051 861 1078 successuros
882 1050 967 1077 non
989 1034 1277 1077 existimabat.

313 1093 378 1135 ll.
413 1093 526 1136 Erat
548 1109 633 1136 una
655 1094 775 1136 navis
800 1093 1002 1136 Rhodia
992 1110 1034 1136 in
1056 1094 1212 1136 dextro
1237 1093 1416 1137 Caesaris
1439 1109 1592 1144 cornu,
1616 1092 1746 1151 longe

245 1152 304 1196 ab
336 1152 516 1210 reliquis
549 1153 791 1196 conlocata.
860 1154 988 1196 Hanc
1025 1154 1262 1211 conspicati
1303 1153 1443 1196 hostes
1480 1169 1565 1196 non
1602 1162 1751 1195 tenue-

247 1218 353 1255 runt
373 1227 480 1261 sese,
512 1228 759 1270 magnoque
781 1213 931 1271 inpetu
954 1221 1148 1270 quatuor
1179 1213 1235 1255 ad
1257 1229 1349 1256 eam
1371 1221 1604 1255 constratae
1623 1227 1752 1254 naves

247 1279 292 1313 et
325 1271 571 1329 complures
599 1281 763 1330 apertae
789 1272 1123 1315 contenderunt.
1187 1273 1272 1315 Cui
1306 1281 1482 1315 coactus
1514 1280 1579 1314 est
1602 1271 1750 1314 Caesar

250 1331 366 1373 ferre
385 1330 642 1380 subsidium,
676 1347 729 1374 ne
751 1340 928 1389 turpem
962 1332 1003 1373 in
1042 1342 1278 1398 conspectu
1310 1331 1617 1374 contumeliam
1639 1332 1749 1373 acci-

253 1398 405 1449 peret;
438 1405 706 1447 quamquam
747 1390 781 1433 si
824 1390 931 1447 quid
970 1407 1145 1448 gravlus
1184 1390 1268 1433 illis
1309 1391 1550 1440 recidisset,
1592 1389 1750 1432 merito

250 1465 450 1491 casurum
468 1449 710 1507 judicabat.
777 1449 987 1492 Proelium
1009 1449 1283 1492 commissum
1303 1458 1368 1493 est
1390 1465 1546 1508 magna
1576 1457 1754 1492 conten-

252 1509 372 1551 tione
395 1508 688 1552 Rhodiorum:
725 1509 817 1567 qui,
841 1524 978 1576 quum
1013 1509 1055 1551 in
1087 1510 1286 1552 omnibus
1314 1509 1671 1551 dimicationibus
1707 1517 1754 1552 et

251 1568 430 1611 scientia
464 1577 509 1610 et
541 1569 706 1611 virtute
745 1568 1060 1626 piaestitissent,
1095 1578 1187 1611 tum
1224 1568 1407 1610 maxime
1446 1568 1522 1610 illo
1555 1577 1754 1625 tempore

252 1635 397 1671 totum
419 1643 528 1670 onus
554 1627 765 1670 sustinere
786 1643 871 1670 non
894 1643 1026 1669 recus
1019 1627 1169 1676 1ba11t‚
1209 1643 1261 1670 ne
1281 1627 1400 1684 quod
1423 1642 1602 1669 suoium
1623 1627 1755 1685 culpa

253 1687 566 1730 detrimentum
600 1695 830 1745 acceptum
861 1686 1099 1729 vide1··.et111
1166 1686 1234 1728 Ita
1268 1685 1471 1745 proelium
1505 1685 1757 1728 secundissi-

255 1761 376 1789 mum
408 1753 472 1788 est
500 1747 678 1788 factum.
744 1746 887 1804 Capta
919 1755 984 1788 est
1007 1762 1092 1788 una
1120 1745 1306 1788 hostium
1339 1745 1644 1804 quadrixemis,
1683 1745 1757 1788 de-

257 1821 405 1864 pressa
435 1812 502 1848 est
537 1805 701 1848 altera:
741 1805 896 1848 deinde
932 1805 1065 1863 (duze)
1097 1806 1299 1848 omnibns
1330 1805 1518 1864 epibatis
1558 1805 1759 1848 nudatae:

258 1881 418 1924 magna
453 1873 667 1933 praeterea
704 1865 946 1908 multitudo
985 1865 1027 1907 in
1064 1865 1244 1922 reliquis
1287 1865 1470 1908 navibus
1540 1880 1761 1923 repugna-

259 1933 409 1968 torum
436 1932 502 1967 est
534 1924 779 1967 interfecta.
846 1925 976 1975 Quod
1017 1925 1096 1967 nisi
1130 1941 1214 1968 nox
1254 1925 1458 1983 pioelium
1499 1880 1760 1975 diremisset,

262 1991 358 2026 tota
399 1984 530 2027 classe
575 1983 767 2026 hostium
811 1984 956 2027 Caesar
989 1985 1158 2043 potitus
1187 1995 1309 2026 esset.
1377 1984 1474 2026 Hac
1516 1983 1763 2027 calamitate

261 2042 510 2110 perterritis
545 2041 758 2093 hostibus,
787 2043 970 2087 adverso
992 2052 1123 2087 vento
1144 2043 1300 2086 leniter
1331 2042 1477 2093 flante,
1507 2058 1588 2085 nav
1593 2060 1637 2084 es
1658 2058 1760 2087 one-

262 2101 399 2144 rarias
421 2102 567 2145 Caesar
589 2103 784 2146 remulco
810 2103 1064 2147 victricibus
1100 2103 1185 2146 suis
1221 2103 1406 2147 navibus
1448 2101 1761 2146 Alexandriam

255 2161 453 2205 deducit.

332 2221 398 2264 12.
432 2221 499 2266 ΕΟ
532 2221 798 2266 detrimento
828 2222 936 2265 adeo
971 2231 1073 2267 sunt
1109 2221 1238 2266 fracti
1271 2220 1577 2272 Alexandrini,
1620 2237 1759 2280 quum

39 3113 49 3261 “f—
43 3043 47 3055 p

26 3164 33 3261 --.-

315 2361 398 2396 Quoe
412 2371 530 2404 neque.
554 2359 603 2392 sic
626 2361 728 2392 codd.
751 2365 786 2391 et
810 2360 889 2391 edd.
917 2364 983 2391 vet.

272 2405 385 2447 Vulgo
400 2416 480 2447 qua.
505 2404 658 2437 Jurinius
674 2405 788 2437 mallet
802 2415 923 2446 quum.

323 2451 482 2493 Turpem.
521 2450 571 2482 Ita
586 2449 686 2482 codd.
728 2449 842 2492 Vulgo
874 2451 983 2491 turpi-

265 2501 331 2529 ter.

319 2540 365 2572 In
379 2545 566 2581 conspecta.
589 2539 700 2571 Codd.
716 2544 840 2570 recent.
856 2537 985 2569 addunt

270 2586 426 2617 hostium.
452 2584 584 2616 Gruter.
598 2583 714 2615 mallet
729 2585 893 2615 omniam-

320 2630 407 2661 Illis.
432 2628 583 2661 Rhodiis
598 2628 674 2660 scil.
690 2627 773 2660 licet
786 2629 884 2659 naz-123
897 2637 982 2669 prae-

268 2675 382 2713 cedat,
399 2683 458 2716 per
475 2672 660 2715 synthesin.

320 2721 494 2760 Depressa
532 2723 579 2750 est
618 2718 739 2750 altera.
799 2716 881 2748 Post
910 2714 981 2746 haec

269 2764 378 2796 verba
399 2763 500 2796 codd.
519 2761 727 2794 recentiores
748 2761 888 2810 addunt,
903 2760 983 2792 alte-

271 2819 383 2851 mque
406 2808 629 2851 pertuvffbata
667 2805 877 2847 antiquiores
915 2814 983 2835 non

272 2854 414 2885 addunt.
460 2850 656 2884 Gronovius
670 2849 774 2891 (obs.
791 2853 823 2888 4,
852 2849 905 2889 19)
921 2859 983 2892 pro

269 2898 469 2943 per-turbata
485 2896 554 2939 legi
571 2895 676 2930 vellet
698 2894 885 2940 perforata.
930 2894 982 2927 Μ.

1054 2360 1073 2391 J
1080 2358 1210 2391 urinius
1236 2360 1294 2391 dat
1319 2360 1475 2401 depressa
1497 2364 1544 2391 est
1559 2360 1670 2392 altera
1685 2370 1761 2400 per-

1035 2405 1161 2447 forata.

1098 2449 1225 2481 Deimle
1233 2448 1386 2481 omnibus
1396 2448 1526 2489 (vulgo,
1537 2449 1666 2483 omnes)
1677 2447 1764 2489 epib-

1048 2494 1201 2526 nudatas.
1247 2492 1363 2524 Facile
1378 2493 1481 2524 credo
1499 2491 1655 2529 Davisio,
1680 2493 1760 2523 dein

1047 2539 1128 2570 duae
1159 2538 1341 2580 legendum
1371 2548 1464 2576 esse,
1494 2542 1553 2568 aut
1581 2536 1757 2575 Turnebo,

1048 2583 1129 2615 duae
1146 2593 1207 2624 pro
1223 2582 1340 2614 deinde
1359 2581 1496 2623 legenti.
1542 2581 1593 2612 De
1609 2580 1760 2622 epibatis

1046 2627 1119 2659 vid.
1143 2627 1216 2658 lnd.
1243 2627 1293 2658 M.

1094 2673 1252 2703 Romuleo
1267 2689 1312 2694 —
1327 2671 1362 2702 h.
1379 2682 1409 2701 e.
1423 2668 1552 2711 captas
1565 2679 1683 2707 naves,
1704 2680 1761 2701 re-

1047 2717 1164 2748 mulco
1188 2716 1237 2754 (v.
1254 2716 1340 2755 Ind.)
1355 2714 1514 2753 religatas
1531 2725 1550 2744 e
1564 2714 1635 2746 suis
1656 2714 1759 2746 navi-

1046 2761 1127 2799 bus,
1143 2759 1289 2791 deducit.
1312 2761 1363 2791 M.
1399 2758 1551 2797 Quidam
1577 2759 1680 2791 codd.
1706 2770 1760 2791 re-

1047 2808 1163 2848 miqio,
1178 2804 1264 2835 vitio
1280 2803 1510 2836 librariorum.

1097 2850 1257 2882 Navibus.
1293 2847 1430 2880 Addidit
1445 2847 1602 2879 Oudend.
1618 2857 1637 2878 e
1653 2847 1754 2879 codd.

1047 2895 1145 2928 Idem
1174 2894 1290 2928 mallet
1313 2903 1392 2927 cum
1406 2895 1500 2926 victr.
1515 2894 1585 2925 suis
1599 2893 1760 2926 navibus·

1047 2939 1155 2973 Bene.
