1946 3261
237 173 321 216 AD
358 172 614 217 BELLUM
650 172 877 223 CIVILE,
913 173 1089 219 ALEX.
1125 174 1200 218 ET
1234 174 1431 219 AFRIC.
1505 174 1589 218 613

178 297 359 342 Pallasio
375 299 554 357 aliisque
568 316 593 341 a
612 299 850 350 Kalmukis,
864 301 892 343 J
896 301 1040 343 akutis
1051 302 1265 360 variisque
1278 317 1355 359 per
1369 300 1584 349 Russiam,

174 371 252 399 nec
275 373 360 400 non
389 358 643 415 quibusdam
666 358 850 415 Europae
874 359 1108 402 Orientalis
1141 361 1356 417 gentibus,
1387 374 1499 402 nunc
1519 374 1585 401 re-

173 431 284 464 cens,
302 431 415 458 nunc
431 432 562 474 super
578 416 739 458 cineres
757 424 868 458 tosta
885 426 929 458 et
937 418 1105 475 butyro
1122 418 1216 467 lita,
1237 418 1414 475 aliisque
1431 425 1587 476 parata

173 473 325 524 modis,
366 474 616 517 comeditur.
682 473 805 515 Panis
847 488 1021 530 quoque
1060 491 1112 517 ex
1149 492 1199 517 ea
1238 476 1386 519 confici
1425 483 1582 534 posset.

175 531 429 575 Amatorem
464 533 554 590 ejus
586 531 736 574 adfuso
768 539 1022 588 temperasse
1049 532 1163 575 lacte
1184 533 1384 577 videntur
1407 533 1586 577 Caesaris

173 590 342 633 milites.
408 590 512 632 Haec
543 590 790 645 conjectura
826 591 896 631 cui
928 605 1011 632 non
1047 590 1264 641 adriserit,
1303 608 1401 634 cum
1438 592 1588 634 Wein-

174 663 326 690 manno
350 648 424 702 (de
444 647 574 690 chara
597 646 788 689 Caesaris.
810 647 850 688 8.
886 648 1108 691 Carlsruh.
1139 649 1282 705 1769.)
1303 666 1450 692 carum
1468 649 1586 692 carui

175 706 326 749 Linnei
345 709 366 761 (
367 706 426 747 M
425 705 733 748 attmzlc‘ilmmel
738 737 748 755 ‚
766 705 806 746 le
822 707 968 760 carui)
989 716 1066 749 aut
1087 707 1426 766 chaerophyllum
1442 707 1587 750 aliam-

174 780 225 807 ve
258 763 383 822 hujus
420 764 588 821 generis
620 764 801 821 speciem
830 765 1069 808 adhibitam
1100 766 1228 809 fuisse
1257 775 1436 815 statuet,
1467 767 1589 823 cujus

170 823 295 866 bulbi
316 823 394 865 etsi
414 823 596 865 minores
617 823 701 865 cibi
723 822 818 865 loeo
839 840 925 866 esse
949 834 1141 882 possunt.
1204 824 1308 867 Cari
1337 824 1454 867 carui
1477 833 1589 866 cete-

171 896 268 924 rum
289 881 410 924 radix
429 881 658 924 admodum
690 897 828 923 crassa
853 882 1028 925 diversis
1050 883 1152 925 locis
1171 883 1378 933 abundat,
1408 882 1589 925 maxime

172 939 216 982 in
234 940 380 989 Caria,
413 956 508 997 quae
537 955 690 982 nomen
718 936 880 998 dedisse
910 951 1069 998 posset,
1098 942 1289 999 itemque
1315 941 1357 984 in
1377 941 1591 983 Australi-

172 998 250 1041 bus
278 998 466 1056 Europae
485 998 636 1056 plagis,
708 999 800 1041 Nec
831 999 1030 1050 deerunt,
1055 1001 1215 1057 quibus
1251 1000 1428 1042 Caesaris
1459 999 1592 1042 chara

171 1057 331 1099 daucus
371 1065 519 1099 carota
560 1057 629 1098 vel
669 1058 883 1114 pastinaca
923 1059 1060 1101 sativa
1098 1059 1247 1101 Linnei
1280 1058 1480 1101 videatur
1520 1057 1591 1100 vel

172 1115 387 1174 raphanus
428 1114 747 1172 raphanistrum
788 1116 937 1158 Linnei
979 1117 1045 1171 (la
1081 1118 1314 1168 ravanelle,
1344 1116 1462 1159 radis
1492 1129 1591 1158 sau-

171 1188 296 1230 vage,
336 1173 592 1227 Hederz'clz).
671 1173 849 1216 Panisne
889 1191 941 1216 ex
978 1175 1056 1217 hoe
1093 1176 1182 1219 scil.
1224 1175 1413 1234 raphano
1449 1174 1591 1232 parari

173 1240 323 1289 queat,
354 1232 668 1289 inquirendum.
734 1233 1006 1275 Culinarium
1033 1235 1124 1291 ejus
1153 1251 1273 1277 usum
1297 1233 1511 1291 hodieque
1532 1233 1594 1275 vi·

174 1305 293 1347 gere,
321 1290 448 1333 docet
472 1290 607 1333 Reuss
633 1292 676 1332 in
696 1292 949 1349 compendio
970 1293 1186 1342 botanico,
1221 1309 1309 1352 qua
1328 1293 1380 1335 de
1401 1308 1447 1334 re
1468 1291 1595 1334 dubi-

175 1349 300 1391 tabat
333 1349 411 1391 cel.
448 1349 718 1391 Hermannus
748 1359 912 1397 noster;
946 1367 1064 1394 secus
1091 1353 1220 1394 etiam
1253 1366 1421 1392 censere
1445 1349 1595 1392 Wein-

174 1423 375 1450 mannum
406 1407 519 1449 idem
552 1407 735 1449 notavit.
800 1408 950 1451 Linnei
971 1409 1099 1451 chara
1129 1409 1250 1451 nullo
1272 1408 1400 1450 modo
1421 1407 1594 1451 admitti

175 1474 331 1523 potest.
397 1466 617 1523 Quicquid
648 1465 801 1508 horum
831 1483 856 1508 a
881 1468 1047 1509 Caesare
1080 1467 1324 1509 adhibitum
1351 1465 1593 1516 arbitreris,
1631 1497 1634 1500 ι

174 1524 331 1567 mirum
352 1524 588 1573 videbitur,
623 1524 816 1566 radicum
853 1525 1030 1567 istarum
1064 1534 1229 1568 tantam
1250 1525 1378 1567 fuisse
1406 1524 1593 1582 copiam,

175 1592 226 1625 ut
265 1582 419 1626 alendo
454 1582 660 1626 exercitui
697 1583 890 1640 potuerit
924 1585 1130 1626 sufficere.
1196 1585 1402 1626 Ceterum
1435 1592 1596 1641 praeter

176 1642 379 1691 radicem,
416 1641 469 1683 de
506 1658 590 1700 qua
617 1641 700 1690 hie,
735 1641 910 1683 Caesaris
941 1642 1096 1684 milites
1127 1658 1302 1700 quoque
1331 1641 1449 1699 apud
1478 1642 1595 1701 Dyr-

174 1700 391 1742 rhachium
413 1700 564 1742 vixisse
585 1700 774 1757 lapsana,
808 1700 922 1742 olere
943 1700 1144 1750 silvestri,
1179 1701 1342 1743 Plinius
1362 1700 1496 1744 refert
1523 1701 1592 1751 19,

173 1758 199 1799 8
222 1759 330 1815 (41),
353 1759 396 1800 ni
416 1758 558 1801 forsan
578 1758 683 1801 hanc
705 1759 840 1815 ipsam
862 1775 957 1801 cum
979 1758 1108 1802 chara
1128 1759 1378 1803 confundat.

115 1818 159 1866 3,
179 1817 248 1860 83.
285 1817 399 1874 quod
417 1824 584 1874 gestum
605 1816 653 1857 z'n
677 1816 900 1873 Hispania
920 1818 1088 1860 diceret.
1143 1818 1390 1861 Schnellius
1406 1818 1592 1862 scriben-

172 1875 277 1918 dum
296 1884 515 1918 autumat:
552 1875 664 1932 quod
684 1890 772 1917 rem
798 1876 909 1918 male
928 1884 1097 1932 gestam
1120 1877 1168 1919 in
1191 1877 1251 1919 H.
1274 1877 1445 1920 diceret.
1508 1879 1592 1920 Re-

172 1934 278 1992 spici
314 1934 402 1977 scil.
440 1935 492 1976 ad
520 1933 782 1976 deditionem
816 1934 1040 1978 Afraniani
1077 1936 1290 1979 exercitus
1318 1936 1361 1979 in
1385 1936 1596 1994 Hispania

176 1994 344 2035 factam.

376 2117 460 2160 AD
494 2118 753 2162 BELLUM
790 2119 1329 2165 ALEXANDRINUM.

119 2229 170 2271 C.
194 2228 263 2270 22.
296 2242 487 2286 procurr.
509 2235 551 2271 et
571 2242 731 2286 erump.
753 2230 875 2272 Alex.
900 2231 925 2257 *
948 2231 971 2256 *
992 2243 1110 2272 man.
1133 2230 1448 2289 comprehendi.
1509 2232 1537 2274 J
1543 2248 1570 2274 u

175 2287 307 2329 rinius
341 2295 472 2345 atque
505 2287 744 2331 Schnellius
773 2288 944 2332 sublato
974 2288 1135 2333 lacunae
1164 2290 1284 2349 signo
1314 2291 1467 2348 legunt
1489 2305 1586 2335 con-

165 2346 358 2404 ferendi.
431 2347 535 2389 Tum
557 2347 767 2405 operzbus.

121 2406 172 2447 C.
197 2405 266 2446 35.
300 2405 423 2459 0147'205
455 2405 642 2455 itineris,
670 2414 751 2448 etc.
817 2406 1056 2449 Sehnellius
1088 2406 1173 2451 haec
1205 2408 1266 2451 ita
1294 2408 1380 2466 legi
1411 2407 1584 2451 suadet:

177 2463 302 2519 cuju-s
335 2462 507 2507 itineris
540 2472 708 2507 secutus
736 2472 827 2507 erat
858 2464 1231 2522 obportum'tates?
1277 2467 1346 2510 vel
1379 2467 1503 2523 cujus
1536 2467 1584 2510 z'c.

178 2521 359 2564 habebat
381 2531 618 2580 comperta-s
639 2523 978 2580 obporthz'tates
991 2530 1010 2567 ?

448 2648 530 2690 AD
564 2648 822 2692 BELLUM
858 2650 1260 2694 AFRICANUM.

124 2759 175 2800 C.
197 2759 237 2800 3.
271 2765 310 2800 et
332 2773 360 2800 a
382 2757 553 2814 Clupeis
582 2772 664 2800 sec.
698 2773 817 2801 oram
846 2775 955 2802 mar.
981 2775 1075 2802 cum
1106 2775 1170 2817 eq.
1204 2769 1285 2803 etc.
1349 2758 1589 2803 Schnellins

177 2817 417 2875 suspicatur
442 2818 524 2875 leg.
555 2825 595 2860 et
614 2816 781 2866 omisso,
813 2832 841 2867 α
863 2818 922 2862 Cl.
943 2834 1020 2862 sec.
1044 2834 1162 2863 oram
1183 2834 1289 2863 mar.
1313 2833 1408 2863 cum
1426 2834 1492 2877 eq.
1515 2818 1584 2862 M.
