1946 3261
282 257 362 300 118
697 252 782 296 DE
813 251 1017 296 BELLO
1051 251 1348 297 GALLlCO.

273 382 460 432 duobus,
482 380 778 423 Romanorum
809 380 1046 426 adventum
1076 381 1416 439 exspectabant:
1447 386 1509 430 et,
1538 395 1677 438 quum
1713 397 1756 424 se

280 443 418 499 major
453 455 554 498 pars
589 440 770 498 agminis
807 441 852 483 in
888 455 1090 498 magnam
1132 440 1372 482 convallem
1417 438 1665 488 demisisset,
1703 455 1759 482 ex

282 509 469 556 utraque
489 506 616 556 parte
638 499 728 558 ejus
760 500 885 542 vallis
917 499 1061 542 subito
1092 515 1136 541 se
1164 497 1462 548 ostenderunt,
1497 497 1760 540 novissimos-

282 574 368 615 que
388 572 582 615 premere
604 565 648 600 et
671 558 830 616 primos
858 558 1086 617 prohibere
1108 558 1314 601 adscensu
1345 565 1478 614 atque
1499 556 1760 615 iniquissimo

281 616 438 659 nostris
458 616 552 658 loco
569 616 770 674 proelium
791 616 1059 659 committere
1078 624 1322 675 coeperunt.

343 675 416 717 33.
449 674 563 717 Tum
581 674 755 718 demum
785 675 998 724 Titurius,
1021 682 1071 717 ut
1099 675 1177 733 qui
1207 674 1315 718 nihil
1348 683 1450 718 ante
1484 673 1759 734 providisset,

283 733 522 792 trepidare,
561 749 832 784 concursare,
873 734 1157 791 cohortesque
1195 733 1448 792 disponere;
1496 733 1583 776 haec
1617 742 1761 777 tamen

282 791 379 852 ipsa
399 791 549 834 timide
580 800 712 849 atque
740 801 789 834 ut
824 809 922 835 eum
942 793 1084 835 omnia
1117 792 1302 835 deficere
1332 793 1609 841 viderentur;
1640 791 1761 848 quod

283 851 545 910 plerumque
565 850 614 892 iis
627 850 820 893 accidere
840 851 1079 901 consuevit,
1094 851 1171 908 qui
1186 851 1228 893 in
1241 852 1334 909 ipso
1347 851 1522 908 negotio
1538 849 1762 892 consilium

284 925 439 968 capere
474 918 707 967 coguntur.
771 912 833 952 At
873 910 1022 959 Cotta,
1046 911 1120 967 qui
1154 910 1402 968 cogitasset,
1439 909 1527 952 haec
1557 923 1680 967 posse
1719 908 1763 950 in

280 968 439 1011 itinere
475 967 686 1017 accidere,
720 976 855 1026 atque
886 970 943 1011 ob
971 985 1064 1010 eam
1097 984 1289 1010 caussam
1309 968 1587 1026 profectionis
1607 975 1761 1009 auctor

284 1041 370 1069 non
393 1026 556 1076 fuisset,
587 1027 709 1068 nulla
741 1027 783 1069 in
806 1044 852 1069 re
885 1027 1099 1069 communi
1119 1028 1250 1069 saluti
1282 1026 1451 1077 deerat,
1483 1035 1528 1069 et
1550 1026 1593 1068 in
1614 1025 1763 1084 adpel-

282 1085 422 1128 landis
444 1084 805 1143 cohortandisque
827 1086 1034 1128 militibus
1055 1085 1322 1143 imperatoris
1332 1092 1379 1127 et
1396 1085 1435 1127 in
1451 1099 1600 1143 pugna
1619 1084 1765 1128 militis

284 1144 424 1187 officia
445 1144 695 1202 praestabat.
751 1144 986 1201 Quumque
1020 1152 1202 1202 propter
1238 1143 1553 1202 longitudinem
1585 1143 1765 1200 agminis

283 1203 424 1246 minus
445 1201 572 1244 facile
593 1217 671 1259 per
698 1217 741 1244 se
763 1203 903 1244 omnia
932 1202 1052 1245 obire
1072 1212 1132 1251 et,
1155 1202 1263 1259 quid
1283 1218 1458 1259 quoque
1490 1203 1585 1244 loco
1606 1202 1763 1244 facien-

283 1261 390 1304 dum
409 1269 535 1310 esset,
574 1260 803 1318 providere
834 1269 1023 1319 possent,
1048 1262 1269 1318 jusserunt
1290 1261 1596 1318 pronunciare,
1631 1267 1682 1302 ut
1702 1260 1764 1303 in-

284 1319 536 1380 pedimenta
558 1319 856 1376 relinquerent
876 1328 1008 1375 atque
1035 1320 1077 1361 in
1097 1320 1250 1361 orbem
1270 1319 1568 1361 consisterent.
1632 1318 1763 1367 Quod

285 1378 510 1420 consilium
547 1377 626 1418 etsi
659 1377 701 1417 in
739 1378 944 1434 ejusmodi
979 1392 1080 1419 casu
1116 1376 1518 1434 reprehendendum
1558 1391 1643 1418 non
1682 1386 1764 1427 est,

285 1445 430 1478 tamen
466 1435 731 1477 incommode
771 1435 951 1477 accidit:
987 1451 1086 1477 nam
1122 1444 1167 1477 et
1203 1436 1358 1477 nostris
1399 1436 1608 1478 militibus
1643 1450 1761 1493 spem

285 1494 442 1537 minuit
464 1500 508 1536 et
530 1493 670 1535 hostes
693 1493 746 1535 ad
770 1509 962 1552 pugnam
983 1494 1215 1536 alacriores
1237 1495 1394 1543 effecit,
1415 1494 1536 1552 quod
1562 1508 1646 1536 non
1674 1491 1764 1538 sine

283 1568 451 1595 summo
472 1552 627 1594 timore
660 1560 704 1594 et
736 1551 1039 1619 desperatione
1075 1553 1119 1595 id
1148 1554 1310 1596 factum
1342 1553 1588 1597 videbatur.
1653 1553 1764 1596 Px-ae-

282 1620 408 1654 terea
443 1610 616 1659 accidit,
652 1610 773 1668 quod
809 1611 903 1653 lieri
939 1627 1104 1653 necesse
1135 1621 1245 1661 erat,
1280 1620 1330 1653 ut
1364 1612 1501 1670 vulgo
1521 1611 1675 1654 milites
1704 1613 1763 1654 ab

284 1670 418 1728 signis
438 1668 724 1717 discederent,
747 1685 846 1726 quae
867 1670 1050 1726 quisque
1070 1675 1218 1712 eorum
1240 1670 1458 1712 carissima
1486 1670 1682 1719 haberet,
1706 1671 1763 1713 ab

281 1727 586 1787 inpedimentis
616 1734 764 1785 petere
798 1735 930 1784 atque
961 1727 1159 1787 abripere
1195 1738 1468 1787 properaret,
1504 1729 1691 1771 clamore
1713 1746 1763 1772 ac

284 1787 393 1829 fletu
413 1786 556 1828 omnia
574 1786 912 1844 complerentur.

346 1846 418 1888 34.
453 1845 516 1887 At
549 1844 746 1887 barbaris
780 1845 1002 1887 eonsilium
1036 1860 1120 1887 non
1147 1845 1312 1887 defuit:
1349 1860 1446 1887 nam
1466 1844 1595 1887 duces
1614 1861 1764 1890 eorum

246 1930 248 1935 .
283 1910 380 1947 tota
400 1903 490 1946 acie
513 1903 799 1962 pronunciare
816 1904 1051 1961 jusserunt,
1075 1913 1106 1931 ‘⁶
1128 1920 1180 1947 ne
1201 1905 1297 1962 quis
1319 1905 1375 1947 ab
1392 1904 1485 1946 loeo
1502 1903 1762 1948 discederet:

284 1970 316 1989 “
338 1962 513 2006 illorum
535 1978 622 2004 esse
644 1961 851 2020 praedam,
869 1971 1003 2020 atque
1023 1963 1107 2006 illis
1126 1963 1353 2011 reservari,
1372 1978 1655 2022 quaecumque
1678 1963 1765 2006 Ro-

280 2029 315 2048 “
338 2020 454 2064 mani
475 2020 774 2078 reliquissent:
809 2022 990 2078 proinde
1009 2022 1152 2065 omnia
1175 2022 1216 2064 in
1238 2022 1421 2064 victoria
1454 2022 1594 2079 posita
1622 2022 1764 2066 existi-

284 2088 314 2107 “
338 2080 548 2122 marent.’'
608 2079 747 2122 Erant
783 2088 827 2122 et
863 2080 1027 2123 virtute
1062 2089 1107 2124 et
1144 2096 1322 2123 numero
1356 2082 1592 2139 pugnando
1623 2097 1762 2139 pares,

288 2215 426 2259 quidam
439 2214 510 2256 obp.
527 2216 654 2246 consilio
666 2225 699 2245 α.
715 2225 745 2246 ο.
762 2215 841 2247 loeo.
887 2214 943 2246 Sic
960 2221 994 2246 et

290 2261 365 2293 edd.
391 2260 492 2290 Rom.
519 2258 609 2289 Med.
642 2259 725 2289 Ven.
752 2259 910 2300 egregie3
934 2261 992 2291 sed

289 2304 347 2337 Gr.
364 2313 440 2335 cum
455 2302 591 2343 vulgato
607 2301 788 2333 consentit.

333 2347 544 2381 providisset.
584 2345 655 2377 Alii
673 2347 890 2378 I’roeridissvt.

343 2393 384 2424 Ut
397 2401 474 2423 eam
490 2391 603 2422 omsnia
619 2389 681 2430 def.
696 2401 727 2419 v.
769 2390 835 2421 Alii
851 2394 891 2423 ei.
911 2393 995 2423 Res-

290 2435 369 2481 pice
384 2435 426 2466 ad
445 2436 476 2471 3,
495 2438 524 2466 5.

339 2479 428 2516 Quid
455 2488 581 2520 quoque
609 2478 677 2509 loco
695 2476 763 2518 fite.
791 2483 882 2509 esset.

288 2533 429 2568 quoquo.

338 2567 582 2601 Pronuntiare:
648 2563 703 2596 Sic
772 2565 995 2607 antiquissimi

292 2612 392 2644 codd.
415 2608 598 2641 subaudire
611 2609 819 2641 accusativo.
845 2611 889 2641 al.
918 2623 995 2652 pru-

290 2656 462 2688 nunciari.

341 2700 386 2731 1η
396 2699 505 2730 orbem
519 2699 732 2729 consisterem.
755 2696 810 2728 Cf.
827 2699 858 2735 4,
877 2700 930 2728 37.

340 2743 392 2775 Ad
403 2751 568 2783 puqrtam.
600 2741 669 2772 Alii
697 2741 742 2772 cul
761 2743 994 2783 pugnandum.

343 2788 425 2822 Quoe
437 2787 586 2827 qui-ique.
636 2784 746 2825 Vulgo
757 2792 894 2826 quaeque
907 2789 996 2827 qul.-

295 2840 370 2870 quo,
395 2828 542 2859 s-d-edd.
557 2834 625 2860 vet.
645 2835 678 2860 ct
703 2830 801 2861 codd.
828 2829 997 2872 boniqme

296 2875 444 2916 quisque.

344 2917 507 2957 Abripere.
529 2916 574 2948 al.
597 2918 756 2958 mvi-isere».

928 2478 993 2510 Alii

341 2962 492 2994 Clamore
519 2971 558 2993 ac
574 2961 675 3003 fleca.
697 2960 756 2994 alii
789 2967 819 2995 el
841 2962 998 3000 clanwre,

289 3010 355 3038 etc.

1108 2216 1434 2259 Eram—ponebant.
1479 2216 1606 2248 Locum
1634 2217 1682 2250 sic
1713 2218 1766 2251 in-

1061 2260 1198 2301 telligo:
1224 2262 1327 2292 Erant
1346 2261 1482 2302 quidem
1508 2261 1625 2299 nostri,
1651 2262 1715 2294 etsi
1744 2274 1765 2294 a

1060 2306 1192 2337 fortuna
1208 2311 1239 2335 et
1256 2306 1339 2336 duce.
1355 2304 1635 2341 destitutimihilo
1652 2306 1763 2338 minus

1060 2348 1139 2380 aliis
1159 2350 1286 2381 duabus
1312 2350 1354 2381 ‹le
1373 2350 1495 2387 αισι-εἰς,
1523 2354 1555 2380 et
1585 2349 1704 2381 virtute
1732 2358 1765 2382 et

1060 2403 1214 2431 numero,
1242 2403 1338 2434 pares
1363 2393 1551 2434 pugnando,
1576 2393 1609 2424 li.
1627 2405 1659 2424 e.
1684 2395 1766 2426 satis

1062 2437 1165 2468 validi
1189 2438 1230 2467 ad
1256 2437 1468 2478 pugnandum
1487 2438 1582 2475 (nani
1607 2437 1671 2469 hoc
1701 2445 1763 2478 est,

1064 2482 1241 2522 pugnando
1265 2481 1355 2522 par):
1391 2487 1499 2511 tamen
1527 2492 1620 2522 spem
1644 2482 1766 2514 salutis

1063 2526 1097 2556 in
1127 2525 1261 2562 virtute,
1288 2527 1325 2555 in
1359 2535 1430 2556 mm
1459 2531 1590 2557 ramum
1615 2537 1662 2563 re,
1694 2536 1761 2558 non

1062 2569 1160 2601 simul
1187 2569 1221 2599 in
1238 2579 1392 2607 numero,
1418 2569 1600 2610 ponebant.
1645 2569 1699 2601 Sic
1716 2571 1767 2603 lo-

1062 2624 1140 2643 cum
1165 2613 1329 2648 intellexi,
1359 2619 1393 2643 ut.
1416 2613 1560 2654 primum
1584 2613 1675 2655 legi:
1713 2614 1761 2646 sie

1064 2657 1133 2688 vidi
1157 2656 1290 2698 cepisse
1317 2657 1563 2698 metaphrasten
1593 2658 1763 2689 Graecum.

1064 2701 1218 2732 Alienum
1249 2700 1466 2742 interpretum
1501 2700 1765 2735 emendationes.

1064 2744 1311 2785 explicationes
1370 2751 1578 2787 minimasque
1624 2744 1764 2776 distinc-

1064 2789 1174 2819 tiones
1190 2788 1264 2819 vide
1278 2789 1368 2830 apud
1385 2789 1539 2820 Oudend.
1569 2789 1690 2820 Tamen
1706 2791 1764 2821 em*

1064 2843 1125 2874 pro
1149 2835 1215 2863 etsi.
1243 2832 1311 2863 vid.
1336 2833 1405 2864 lnd.
1433 2834 1482 2864 M.
1517 2832 1573 2863 Sin
1600 2831 1698 2863 malis
1729 2833 1763 2863 τὸ

1061 2879 1163 2908 noem—i
1190 2877 1304 2907 referre
1330 2877 1372 2908 ad
1398 2876 1583 2908 membrum
1607 2886 1762 2917 sequens,

1063 2921 1183 2960 planus
1210 2932 1344 2961 quoque
1369 2931 1484 2951 sensus
1508 2919 1570 2951 erit
1593 2925 1626 2951 et
1654 2920 1762 2962 magis

1062 2975 1140 2995 cum
1156 2964 1422 3006 praecedentibus
1432 2963 1628 2995 cohaerebit.
1661 2963 1763 2996 Erunt

1064 3007 1177 3040 hostes
1197 3019 1348 3046 numm,
1374 3017 1441 3040 non
1465 3007 1588 3040 dicitur
1605 3008 1761 3051 aequales,
