1946 3261
683 173 801 221 LIB.
863 177 1000 221 CAP.
1040 177 1162 220 1-3.
1573 174 1659 218 475

179 337 181 340 .
235 304 278 345 2.
326 301 589 362 Legionibus
619 303 824 349 conlectis
860 321 934 348 sex
965 312 1011 347 et
1042 303 1241 363 equitum
1267 303 1440 348 duobus
1459 303 1653 356 milibus,

177 370 228 406 ut
255 371 441 421 quaeque
463 363 605 422 prima
622 363 737 422 legio
756 372 950 415 venerat,
972 363 1015 406 in
1036 378 1163 406 naves
1181 364 1329 423 longas
1349 364 1657 422 inponebant,

177 422 347 479 equites
376 430 524 465 autem
564 422 607 466 in
641 423 872 466 onerarias.
933 422 1004 465 Ita
1034 423 1242 480 majorem
1274 427 1445 481 partein
1480 422 1655 466 navium

176 480 432 524 antecedere
455 480 582 539 jussit
617 490 663 524 et
702 482 886 525 insulam
917 487 1067 540 petere
1104 481 1394 539 Aponianam,
1431 489 1531 539 quae
1568 496 1655 525 non

176 539 300 583 abest
328 549 355 582 a
378 538 602 598 Lilybaeo:
637 539 727 598 ipse
761 549 917 600 parum
949 547 1255 589 commoratus,
1278 539 1657 598 bonapaucorum

176 598 325 641 vendit
344 598 547 656 publice:
580 598 734 642 deinde
765 599 938 643 Allieno
976 597 1179 647 Prae'tori,
1209 597 1285 655 qui
1321 598 1513 641 Siciliam
1545 599 1657 642 obti-

176 657 326 707 nebat,
359 656 417 698 de·
448 656 648 700 omnibus
679 659 810 701 rebus
844 657 1044 717 prae‘cipit
1083 664 1129 699 et
1165 655 1220 698 de
1254 653 1426 713 reliquo
1463 656 1656 700 exercitu

176 714 375 769 celeriter
399 714 660 773 inponendo.
723 716 849 759 Datis
869 716 1098 767 mandatis,
1119 715 1209 773 ipse
1237 730 1389 757 navem
1409 716 1658 758 conscendit

175 789 216 816 a.
240 772 286 815 d.
312 773 376 816 VI
401 773 499 816 Kal.
525 773 627 817 Jan.
652 783 697 817 et
726 775 914 833 reliquas
950 784 1080 818 naves
1110 773 1258 817 statim
1293 782 1357 816 est
1388 782 1658 817 consecutus.

178 831 247 875 Ita
266 840 397 875 vento
418 841 538 876 certo
559 833 779 892 celerique
801 834 974 893 navigio
996 841 1162 885 vectus,
1186 839 1286 891 post
1314 832 1428 875 diem
1457 840 1657 890 quartam

176 907 275 934 cum
312 891 453 950 longis
492 893 642 950 paucis
681 894 863 937 navibus
903 895 946 936 in
987 900 1267 951 conspectum
1308 892 1468 935 Africae
1505 891 1656 934 venit:

176 960 361 1007 namque
377 952 586 994 onerariae
603 952 784 1010 reliquae
802 960 960 1011 praeter
976 967 1148 1010 paucas,
1164 959 1296 993 vento
1308 950 1514 1009 dispersae
1526 958 1660 1009 atque

174 1009 447 1061 errabundae,
457 1010 627 1053 diversa
641 1011 737 1055 loca
750 1012 988 1071 petierunt.
1012 1011 1227 1068 Clupeam
1239 1009 1369 1053 classe
1383 1009 1662 1069 praetervehi-

176 1076 267 1118 tui·‚
290 1067 448 1111 deinde
470 1070 725 1128 Neapolim:
760 1071 986 1129 complura
1006 1079 1218 1129 praeterea
1235 1069 1414 1112 castella
1435 1077 1480 1112 et
1498 1068 1663 1128 oppida

177 1143 262 1170 non
284 1128 413 1186 longe
434 1138 459 1170 a
480 1130 588 1171 mari
606 1129 831 1186 relinquit.

231 1186 272 1228 3.
308 1187 546 1245 Postquam
568 1188 861 1231 Adrumetum
881 1188 1074 1240 accessit,
1098 1186 1174 1231 ubi
1196 1186 1442 1247 praesidium
1462 1190 1557 1230 erat
1586 1183 1660 1230 ad-

176 1245 481 1297 versariorum
514 1246 583 1288 cui
616 1253 805 1305 praeerat
828 1246 882 1290 C.
909 1247 1156 1299 Considius,
1181 1255 1243 1296 et,
1265 1260 1291 1289 a
1315 1246 1493 1303 Clupeis
1513 1258 1662 1289 secun-

175 1303 280 1348 dum
307 1319 428 1347 oram
463 1304 740 1349 maritumam
780 1322 881 1349 cum
917 1307 1117 1365 equitatu
1155 1304 1408 1356 Adrumeti‚
1442 1304 1523 1348 Cn.
1561 1304 1661 1349 Piso

175 1453 253 1487 dice
269 1451 483 1488 Guischardo
499 1455 532 1488 in
545 1451 654 1488 Mem.
667 1455 743 1488 crit.
755 1467 789 1499 p.
807 1458 884 1489 317.

177 1509 220 1531 ex
250 1499 294 1532 iis
325 1499 403 1539 fuit,
422 1506 509 1542 qu'as
537 1512 598 1533 suo
627 1506 740 1532 sumtu
772 1501 886 1534 Caesar

174 1544 427 1587 cfifificripsierat
443 1544 477 1576 in
495 1545 606 1577 Gallia
621 1550 704 1577 teste
719 1545 885 1577 Suetonio

175 1599 208 1620 c.
235 1589 292 1620 24.
327 1588 387 1630 qui
425 1599 500 1621 eam
540 1589 672 1622 Gallico
711 1589 884 1621 vocabulo

177 1633 354 1665 Alaudam
369 1631 496 1666 dictam
510 1634 622 1666 refert.
652 1633 884 1666 Guischardus

178 1680 241 1718 per
283 1677 402 1720 jocum
442 1678 496 1710 vel
536 1677 675 1710 invidiae
718 1672 884 1709 faciendae

951 1467 1020 1490 non
1037 1456 1112 1489 heic
1129 1462 1162 1489 et
1177 1458 1269 1499 apud
1293 1456 1435 1489 Celsum
1464 1466 1500 1498 p.
1524 1457 1589 1488 214
1611 1457 1662 1489 la-

952 1507 1022 1533 tere
1041 1503 1087 1533 ΙΙ
1102 1503 1151 1533 M.
1175 1501 1198 1533 i.
1214 1512 1246 1533 e.
1261 1502 1328 1533 cluo
1351 1502 1451 1533 milia
1465 1500 1520 1532 vel
1536 1500 1662 1533 duobus

951 1546 1084 1578 milibus
1114 1545 1308 1587 suspicatur
1340 1543 1458 1576 Davis.
1496 1542 1661 1577 Heinsius

955 1588 1037 1621 IM.
1064 1590 1087 1621 i.
1102 1600 1133 1620 e.
1150 1600 1217 1622 ww
1233 1591 1394 1622 miliario.

998 1634 1075 1676 Ipse
1087 1644 1215 1675 parum
1235 1644 1355 1665 comm.
1397 1632 1452 1664 Sic
1468 1633 1576 1666 codex
1591 1635 1661 1666 Da-

951 1676 1043 1716 visii,
1072 1677 1173 1719 idque
1205 1677 1337 1710 videtur
1363 1687 1500 1709 verum:
1545 1679 1661 1720 vulgo,

175 1725 296 1752 caussa
304 1721 353 1753 sic
364 1722 573 1755 nominatam
588 1721 758 1764 perhibet.
783 1723 883 1764 Apud

174 1764 376 1808 Ciceronem
403 1767 438 1799 id
462 1767 611 1799 nominis
636 1767 708 1808 jam
737 1766 884 1798 occurrit

175 1808 269 1841 Phil.
291 1812 320 1849 l,
336 1812 367 1842 8.
384 1815 416 1851 5,
432 1816 464 1843 5.
486 1812 529 1843 ad
545 1812 614 1843 Att.
629 1822 687 1853 ep.
706 1812 758 1849 16,
771 1813 800 1842 8.
828 1810 880 1842 Cf.

175 1858 211 1885 et
227 1854 360 1887 Gruter.
385 1867 408 1898 p
439 1858 515 1889 559.

215 1899 380 1943 *Insulam
395 1902 423 1932 A
466 1903 620 1932 nianam.
640 1898 801 1932 Cluverio
815 1898 882 1938 (Si-

175 1939 232 1974 cil.
247 1945 280 1982 2,
300 1942 356 1984 15)
370 1944 404 1976 vi
429 1949 503 1976 etur
519 1944 655 1985 AEqusa
670 1954 759 1981 esse,
780 1953 849 1975 una
864 1953 883 1974 e

175 1983 298 2026 tribus,
325 1999 402 2029 quae
433 1986 591 2030 obJacent
614 1987 784 2028 Lilybaeo.
812 1986 885 2020 Alii

177 2026 364 2063 Paeoniam
380 2031 558 2064 Ptolemaei
574 2036 692 2072 putant
705 2041 792 2070 esse,
806 2038 883 2073 quae'

176 2081 255 2117 vero
295 2073 431 2118 longius
466 2086 487 2107 a
516 2075 685 2116 Lilybaeo,
721 2081 755 2106 et
791 2081 886 2107 extra

175 2117 268 2150 viam
285 2114 481 2161 Africanam
494 2119 558 2151 sita
571 2125 635 2150 est.
676 2121 800 2152 Cellar.
847 2118 883 2151 In

175 2163 256 2195 cod.
270 2159 370 2196 Leid.
385 2164 498 2206 primo
516 2165 728 2205 Aponom'am
747 2162 885 2205 legitur,

178 2210 263 2239 teste
271 2207 426 2241 Oudend.
439 2207 673 2240 Guischardus
682 2205 885 2246 (Memoires

176 2251 356 2284 milifflires
383 2248 427 2284 T.
457 2256 489 2285 2.
509 2263 552 2295 P·
577 2252 658 2291 247)
687 2262 761 2283 esse
790 2255 885 2292 putat

175 2295 265 2372 (ἔξω,
291 2302 369 2339 quae
392 2304 483 2330 nunc
506 2297 722 2338 Flavagnana
746 2294 884 2327 dicitur.

225 2386 306 2420 Qaae
318 2395 387 2418 non
408 2382 497 2418 abest
514 2396 537 2418 a
554 2380 718 2426 Lilyboeo.
762 2381 883 2415 Lectio

177 2432 344 2470 conrupta
363 2434 397 2461 et
421 2428 494 2461 sine
521 2436 630 2461 sensu.
679 2429 715 2460 ln
740 2426 886 2469 quibus-

176 2474 259 2515 dam·
278 2473 378 2505 codd.
400 2483 443 2506 ne
468 2473 603 2506 additur
625 2472 765 2514 quidem
791 2482 859 2504 non
870 2484 884 2510 ,·

178 2516 213 2549 in
228 2516 308 2549 aliis
322 2521 402 2560 vesto
415 2517 521 2549 etiam
535 2522 584 2550 est
598 2528 660 2559 pro
684 2517 776 2549 abest
800 2515 886 2558 legi-

177 2566 247 2593 tur.
295 2558 363 2593 Sed
390 2561 481 2593 nihil
508 2560 631 2593 horum
657 2559 734 2592 ferri
761 2565 886 2601 potest.

178 2605 272 2648 Ergo
298 2605 353 2637 vel
379 2616 459 2637 cum
484 2602 647 2637 Cluverio
673 2609 706 2635 et
734 2603 884 2636 Cellario

176 2649 326 2693 legetur:
346 2656 432 2693 quoe
447 2657 517 2682 non
532 2651 631 2692 conqe
645 2648 737 2681 abest
753 2659 777 2680 a
790 2648 887 2689 Lily-

179 2695 274 2732 bueo,-
296 2693 353 2726 vel
377 2701 456 2726 cum
482 2692 673 2726 Ciacconio
689 2697 723 2723 et
740 2691 885 2724 Davisio

177 2735 344 2777 dicemus,
372 2738 405 2770 in
438 2737 501 2770 illo
531 2744 600 2770 'non
628 2737 729 2769 latere
755 2735 886 2768 numeri

182 2781 310 2821 notam,
323 2793 401 2826 quae
417 2781 610 2814 distantiam
625 2781 744 2819 insula}
759 2785 780 2812 a
792 2779 887 2821 Lily-

948 1723 1062 1764 ibz'que
1090 1727 1313 1754 commoratae
1326 1735 1336 1753 .·
1358 1722 1417 1752 sed
1439 1729 1554 1754 rursus
1575 1732 1662 1754 unus

950 1767 1060 1798 codex
1069 1765 1197 1798 omittit
1209 1766 1283 1798 haec
1303 1767 1418 1808 ibique
1428 1771 1666 1800 commoratus.-

947 1810 1087 1852 quidam
1112 1812 1224 1853 ibique
1248 1809 1420 1842 omittunt.
1448 1811 1500 1842 M.
1548 1812 1659 1844 Benu.

949 1854 1033 1886 velit
1050 1865 1249 1897 parumper.

999 1900 1203 1941 Inponenda.
1222 1900 1332 1931 Datis·
1376 1898 1481 1930 Tollit
1493 1906 1660 1941 punctum

951 1943 1120 1982 Clarkius,
1149 1948 1185 1974 ut
1214 1940 1391 1984 sequentia
1425 1942 1556 1985 jungat.
1589 1953 1659 1975 non

952 1989 1052 2026 male,
1068 1993 1164 2028 puto.
1208 1987 1268 2018 Ast
1286 1985 1375 2018 Oud.
1390 1987 1476 2019 (latix
1490 1987 1660 2020 mandatis

950 2032 1119 2073 glossema
1133 2041 1206 2062 esse
1221 2036 1330 2072 putat.

998 2081 1039 2107 Α.
1068 2076 1104 2107 d.
1133 2076 1195 2106 VI.
1222 2075 1304 2106 Kal.
1336 2075 1418 2107 Jan.
1445 2074 1500 2107 die
1527 2074 1660 2108 XXXI.

953 2118 1128 2151 Octobris.
1160 2119 1202 2149 V.
1218 2118 1384 2150 Chronol.

1003 2165 1063 2195 Ubi
1075 2163 1213 2206 proesz'd.
1260 2163 1317 2194 Sic
1333 2173 1353 2194 e
1367 2164 1466 2195 codd.
1482 2163 1661 2197 Goduinus

952 2211 986 2240 et
1003 2207 1093 2238 Oud.
1128 2207 1242 2249 Vulgo
1256 2207 1315 2238 ibi.

997 2252 1056 2290 Et,
1071 2262 1094 2283 a
1113 2253 1257 2293 Clupeis.
1275 2249 1370 2284 Male
1384 2253 1661 2295 conjunctionem

952 2295 1088 2328 damnat
1104 2295 1277 2328 Davisius.

998 2338 1186 2379 Adrumeti‚
1205 2342 1265 2372 Cn.
1283 2341 1374 2372 Piso.
1406 2340 1441 2372 In
1455 2339 1541 2372 mira
1557 2340 1658 2373 codd.

953 2383 1115 2416 varietate
1139 2383 1302 2426 legerim:
1336 2384 1559 2417 Adrumetum
1579 2397 1660 2427 pro-

945 2426 1054 2470 fectus
1084 2430 1145 2460 Cn.
1166 2430 1243 2460 Piso
1263 2438 1343 2460 cum
1364 2428 1500 2460 Mauris
1522 2430 1600 2460 circ.
1614 2447 1658 2453 —-

952 2490 996 2496 —
1011 2471 1137 2504 Addidi
1164 2472 1301 2504 verbum
1324 2471 1488 2514 profectus
1506 2485 1521 2509 ;
1550 2478 1660 2505 cetera

953 2515 1070 2548 omnia
1096 2516 1131 2548 in
1158 2517 1259 2548 codd.
1284 2522 1429 2548 exstant.
1453 2516 1502 2547 M.
1534 2515 1660 2549 Contra

954 2561 1044 2592 Oud.
1061 2559 1252 2599 arbitratur,
1277 2571 1358 2592 cum
1381 2562 1534 2602 equitatu
1549 2561 1660 2594 Adru-

953 2606 1032 2637 τηρεῖ
1066 2604 1146 2646 (pro
1182 2615 1251 2645 quo
1290 2603 1390 2635 malit
1424 2604 1660 2644 Adrumetino)

954 2653 1105 2690 spectare
1121 2649 1165 2680 ad
1180 2647 1401 2688 Considium3
1426 2646 1565 2688 proinde
1579 2655 1660 2690 post

955 2693 1131 2725 Adrumeti
1146 2702 1277 2724 comma
1290 2692 1400 2733 ponit.
1415 2702 1548 2732 sequor.
1565 2691 1658 2725 Juri-

953 2737 1032 2769 nius
1046 2736 1112 2778 legi
1128 2737 1267 2768 suadet:
1294 2747 1318 2768 a
1329 2737 1381 2768 Cl.
1397 2746 1459 2767 sec.
1474 2746 1522 2767 or.
1534 2746 1580 2767 m.
1596 2739 1660 2770 Cn.

956 2782 1033 2814 Piso
1060 2792 1138 2813 cum
1156 2782 1308 2822 equitum
1333 2778 1452 2811 Maur.
1482 2790 1511 2813 c.
1542 2785 1582 2813 tr.
1612 2793 1658 2816 m.

180 2824 260 2860 baec
286 2819 501 2862 indicaverit.
536 2826 589 2862 M.
627 2824 697 2860 Sub
719 2820 889 2878 particula
956 2822 1193 2875 adp-omissis
1206 2823 1473 2879 quaeintersunt.
