1946 3261
224 234 311 278 284
680 231 764 275 DE
797 229 1002 275 BELLO
1035 229 1248 275 CIVILI.

223 361 375 411 siliam,
409 357 472 402 his
501 358 559 403 D.
585 357 773 401 Brutum
793 358 993 417 praeficit:
1029 359 1081 401 C.
1106 357 1373 402 Trebonium
1402 355 1619 415 Legatum
1646 354 1702 398 ad

225 417 597 478 obpugnationem
619 417 823 461 Massiliae
842 417 1064 476 relinquit.

283 478 354 520 37.
388 476 508 519 Dum
527 476 615 519 haec
643 484 769 534 parat
794 484 926 535 atque
953 475 1245 525 administrat,
1280 474 1333 517 C.
1358 473 1543 517 Fabium
1564 472 1702 531 Lega-

226 544 319 579 tum
340 551 437 577 cum
455 534 700 594 legionibus
720 534 876 585 tribus,
907 551 1015 593 quas
1039 535 1249 578 Narbone
1269 532 1516 591 circumque
1539 547 1588 574 ea
1608 531 1704 574 loca

224 593 443 637 hiemandi
464 609 610 637 caussa
630 594 917 653 disposuerat,
950 594 994 636 in
1017 593 1271 652 Hispaniam
1292 592 1537 651 praemittit,
1558 589 1706 633 celeri-

226 661 381 711 terque
415 653 642 712 Pyrenaeos
676 653 809 696 saltus
841 653 1046 711 occupari
1075 652 1216 711 jubet,
1249 651 1323 710 qui
1357 668 1408 695 eo
1429 660 1626 709 tempore
1646 649 1705 692 ab

228 711 280 754 L.
305 711 488 755 Afranio
522 712 689 771 Legato
723 711 929 771 praesidiis
960 712 1244 755 tenebantur:
1278 710 1470 768 reliquas
1498 709 1702 768 legiones,

226 786 326 828 quae
359 770 530 829 longius
565 771 827 821 hiemabant,
861 770 1063 829 subsequi
1101 770 1243 829 jubet.
1307 768 1480 819 Fabius,
1520 777 1570 810 ut
1610 775 1707 809 erat

225 829 505 888 imperatum,
541 829 739 872 adhibita
775 829 1015 879 celeritate,
1049 829 1292 888 praesidium
1326 845 1380 870 ex
1406 827 1519 870 saltu
1549 825 1708 884 dejecit

224 887 477 947 magnisque
496 887 724 931 itineribus
746 889 799 931 ad
821 889 1058 931 exercitum
1081 887 1250 930 Afranii
1270 886 1509 929 contendit.

284 947 356 989 38.
390 947 593 990 Adventu
616 947 667 989 L.
692 947 877 990 Vibullii
900 948 1017 998 Rufi,
1039 963 1170 1005 quem
1192 963 1217 988 a
1240 945 1448 1004 Pompeio
1469 944 1641 987 missum
1663 941 1707 985 in

230 1005 485 1063 Hispaniam
505 1006 845 1049 demonstratum
861 1015 940 1056 est,
973 1007 1182 1049 Afranius
1201 1014 1245 1047 et
1266 1004 1464 1047 Petreius
1482 1013 1526 1046 et
1546 1003 1707 1052 Varro,

229 1063 386 1122 Legati
422 1064 632 1123 Pompeii,
663 1081 850 1123 quorum
881 1081 989 1108 unus
1021 1065 1160 1107 tribus
1187 1064 1430 1122 legionibus
1453 1061 1708 1162 Hisplaniam

228 1122 493 1165 citeriorem:
542 1123 653 1165 alter
693 1140 717 1166 a
758 1125 873 1166 saltu
917 1124 1217 1167 Castulonensi
1258 1121 1313 1165 ad
1357 1124 1497 1164 Anam
1572 1120 1708 1162 uabus

228 1181 495 1239 legionibus3
526 1182 681 1224 tertius
701 1183 757 1225 ab
780 1184 877 1225 Ana
901 1183 1141 1226 Vettonum
1176 1197 1330 1240 agrum
1353 1179 1709 1236 Lusitaniamque

226 1240 324 1298 pari
345 1255 523 1282 numero
545 1239 762 1297 legionum
791 1242 1032 1292 obtinebat,
1065 1241 1203 1283 officia
1235 1240 1348 1281 inter
1369 1256 1412 1281 se
1434 1238 1708 1297 partiuntur,

227 1297 294 1340 uti
333 1297 528 1340 Petreius
560 1314 612 1341 ex
635 1298 856 1341 Lusitania
891 1316 970 1358 per
994 1301 1205 1342 Vettones
1233 1314 1331 1340 cum
1359 1297 1558 1340 omnibus
1578 1294 1713 1353 copiis

227 1357 284 1399 ad
325 1356 553 1398 Afranium
593 1356 910 1413 proficiscatur;
961 1359 1102 1401 Varro
1139 1374 1238 1400 cum
1271 1357 1335 1405 iis,
1369 1372 1475 1414 quas
1506 1354 1712 1402 habebat,

226 1414 472 1472 legionibus
490 1429 659 1457 omnem
681 1414 935 1458 ulteriorem
960 1416 1211 1475 Hispaniam
1230 1425 1423 1459 tueatur.
1478 1414 1561 1456 His
1583 1413 1712 1456 rebus

227 1473 488 1522 constitutis,
511 1473 679 1529 equites
700 1472 948 1530 auxiliaque
970 1476 1052 1517 toti
1078 1475 1309 1517 Lusitaniae
1330 1492 1353 1517 a
1380 1473 1577 1518 Petreio:
1613 1471 1711 1515 Cel·

227 1531 397 1581 tiberis,
419 1531 650 1574 Cantabris
666 1531 953 1589 barbarisque
972 1534 1185 1583 omnibus,
1207 1534 1281 1591 qui
1303 1534 1358 1576 ad
1379 1533 1599 1575 Oceanum
1617 1547 1712 1589 per-

228 1591 384 1640 tinent,
423 1590 480 1632 ab
519 1589 702 1632 Afranio
744 1591 1026 1648 imperantur.
1092 1592 1260 1641 Quibus
1301 1592 1473 1641 coactis,
1510 1590 1713 1633 celeriter

231 1648 428 1692 Petreius
460 1664 538 1706 per
561 1648 772 1690 Vettones
803 1648 858 1691 ad
882 1649 1112 1691 Afranium
1148 1652 1360 1708 pervenit.
1425 1649 1712 1693 Constituunt

227 1707 444 1751 communi
465 1707 659 1756 consilio,
687 1707 851 1750 bellum
870 1707 924 1749 ad
950 1707 1153 1757 Ilerdam,
1177 1718 1358 1767 propter
1381 1708 1511 1766 ipsius
1531 1707 1613 1751 loci
1636 1707 1710 1749 ob·

228 1766 559 1825 portunitatem,
581 1782 747 1824 gerere.

289 1824 360 1867 39.
395 1825 551 1875 Erant,
581 1833 631 1867 ut
663 1841 796 1884 supra
825 1824 1165 1867 demonstratum
1204 1834 1282 1873 est,
1321 1824 1508 1883 legiones
1542 1823 1713 1866 Afranii

232 1891 334 1933 tres,
374 1883 535 1925 Petreii
566 1883 678 1933 duae,
713 1892 925 1941 praeterea
956 1893 1133 1927 scutatae
1165 1883 1375 1926 citerioris
1409 1883 1639 1941 provinciae.
1669 1891 1713 1925 et

232 1950 409 1985 cetratae
431 1942 652 1985 ulterioris
675 1943 896 2000 Hispania)
917 1943 1113 1985 cohortes
1134 1942 1305 1985 circiter
1327 1943 1562 2001 octoginta,
1594 1941 1712 1999 equi-

232 2010 326 2043 tum
358 2001 582 2058 utriusque
615 2001 847 2059 provinciae
880 2001 1050 2044 circiter
1082 2002 1273 2059 quinque
1296 2001 1427 2043 milia.
1492 2001 1636 2043 Caesar
1657 2001 1715 2043 le-

234 2060 380 2117 giones
399 2060 440 2102 in
460 2059 713 2118 Hispaniam
731 2061 1073 2119 przemiserat,ad
1093 2077 1164 2102 sex
1181 2060 1300 2102 milia
1319 2059 1478 2101 auxilia
1499 2059 1713 2116 peditum,

234 2117 432 2176 equitum
449 2118 533 2160 tria
552 2119 684 2168 milia,
705 2136 802 2177 quae
821 2119 1020 2162 omnibus
1032 2119 1328 2177 superioribus
1345 2118 1470 2161 bellis
1485 2118 1713 2167 habuerat,

232 2186 278 2219 et
299 2192 448 2235 parem
481 2193 534 2219 ex
560 2178 704 2220 Gallia
724 2194 968 2227 numerum,
999 2195 1127 2235 quem
1148 2179 1237 2236 ipse
1258 2186 1503 2236 paraverat,
1525 2178 1716 2220 nomina-

236 2235 314 2277 tim
336 2251 389 2278 ex
411 2235 609 2278 omnibus
639 2237 890 2280 civitatibus
924 2237 1187 2280 nobilissimo
1210 2246 1254 2279 et
1284 2236 1513 2279 fortissimo
1540 2252 1715 2293 quoque

235 2302 430 2338 evocato.
497 2294 611 2337 Hinc
633 2296 787 2354 optimi
822 2297 992 2354 generis
1023 2296 1241 2339 homiuum
1271 2312 1323 2338 ex
1346 2295 1577 2353 Aquitanis
1597 2310 1715 2338 mon-

284 2408 371 2438 Cum
385 2407 452 2447 loy.
467 2407 584 2437 tribue.
633 2405 774 2437 Videtur
799 2414 944 2448 quarum·

240 2450 414 2482 habuisse.
437 2450 490 2482 Cf.
506 2461 538 2481 c.
554 2453 608 2481 40.
631 2450 785 2481 Juriuius
801 2451 942 2482 notarit.

284 2497 554 2526 Demomlrmum
569 2500 626 2525 est.
656 2494 747 2526 Cous
750 2518 756 2524 .
771 2505 801 2525 c.
819 2497 870 2526 31.
891 2497 941 2525 ³1.

286 2542 431 2571 Sc-utatce
458 2544 491 2570 et
511 2544 645 2570 coerula·
668 2539 805 2569 refertur
825 2540 865 2569 ad
889 2551 942 2569 m>-

240 2585 357 2616 horres.
402 2582 539 2614 Monuit
553 2582 795 2623 Glandorpius.
839 2584 893 2613 Cf.
910 2594 942 2613 c.

240 2630 292 2657 55.
318 2627 370 2658 M.
431 2627 517 2658 Seal.
550 2626 637 2658 male
672 2629 793 2658 scutale?
831 2626 943 2658 invitis

239 2671 339 2702 codd.
355 2675 388 2701 et
403 2671 484 2702 edd.
498 2676 566 2701 vct.

287 2717 402 2747 Caesar
438 2716 597 2757 leyiones.

241 2758 301 2790 lv.
317 2764 354 2789 ut
369 2769 401 2789 c.
416 2761 468 2790 37.

289 2804 370 2836 Qua?
381 2803 545 2833 omnibus.

659 2713 810 2746 Jurinius
852 2714 945 2746 addit

585 2803 662 2834 Hoc
682 2805 763 2838 Quae
778 2801 943 2876 deessqlin

689 2892 774 2925 Ven.
804 2859 945 2924 1-18‘2.{=t,

241 2846 343 2876 codd.
358 2851 392 2876 et
405 2847 480 2877 edd.
497 2852 564 2878 vet.
581 2852 718 2879 testatur
735 2847 825 2878 Oud.

241 2899 314 2920 rum
339 2888 371 2919 in
394 2890 537 2924 Mediol.
558 2892 652 2924 14⁷8.

239 2943 308 2975 seq.
324 2933 457 2975 legitur.

1056 2410 1159 2442 Quem
1186 2410 1254 2448 ipse
1279 2412 1476 2448 paraverat.
1523 2405 1590 2438 Alii
1608 2417 1712 2447 quam

1009 2454 1078 2492 ipse
1103 2455 1297 2493 pacm-erat.
1354 2450 1462 2488 Quasi
1491 2461 1572 2482 vero
1601 2452 1715 2481 Cacsar

1010 2506 1147 2527 neccsse
1179 2495 1305 2526 habeat
1334 2495 1459 2534 dicere,
1492 2505 1527 2526 se
1564 2494 1712 2526 Galliam

1010 2550 1158 2581 PHCUSSQ-

1059 2585 1159 2615 Hinc.
1207 2581 1319 2613 Verba
1350 2582 1383 2613 h.
1400 2583 1423 2614 Ι.
1451 2582 1605 2614 mutilata
1629 2593 1713 2618 esse,

1011 2628 1168 2669 adpar0t3
1185 2633 1217 2658 et
1229 2637 1390 2658 monuere
1403 2626 1511 2658 multi.
1526 2628 1573 2658 M.
1598 2626 1712 2658 Davis.

1010 2672 1198 2713 suspicatur
1216 2671 1395 2711 legendum
1415 2672 1532 2703 Adhuc
1555 2677 1621 2711 0211..
1638 2680 1714 2711 qen.

1012 2717 1171 2750 homines.
1211 2720 1246 2745 ut
1287 2714 1389 2746 habet
1427 2714 1535 2746 editio
1576 2713 1714 2745 Valcos.

1013 2760 1092 2790 lude
1122 2759 1249 2800 recepit
1276 2758 1397 2790 Clarke
1430 2760 1522 2790 Illuc
1549 2763 1614 2799 opt.
1639 2767 1716 2797 qen.

1012 2805 1172 2842 homines,
1194 2802 1287 2845 quod
1313 2803 1433 2843 probat
1456 2802 1546 2834 Oud.
1564 2801 1715 2833 cuicum

1012 2848 1152 2878 (Warkio
1180 2845 1357 2879 adridebat
1388 2853 1421 2878 et
1449 2847 1553 2879 altera
1584 2844 1714 2876 Davisii

1012 2892 1208 2933 conjectura
1225 2893 1343 2932 optimi
1364 2902 1440 2932 qen.
1456 2892 1641 2922 hominum.
1664 2890 1716 2920 M.

1015 2935 1072 2968 Ml
1097 2942 1209 2969 tamen
1234 2934 1267 2968 in
1282 2940 1376 2968 textu
1392 2941 1520 2968 mutare
1535 2939 1585 2966 cst
1601 2943 1715 2968 ausus.
