1961 3230
812 167 1249 216 DISSERTATIO.
1741 164 1783 206 xi

290 316 372 361 pro
393 299 564 359 scriptis
581 297 771 357 ejusdem
801 297 983 340 Caesaris
1009 295 1141 336 habet
1167 289 1506 350 insequentibus.
1572 288 1644 331 Sic
1671 288 1778 330 nihil

291 378 469 428 habent,
513 392 602 434 quo
637 391 679 416 se
717 381 921 416 tueantur
958 369 1163 421 Floridus
1212 367 1400 409 Sabinus
1440 373 1485 406 et
1526 362 1777 405 Ludovicus

291 453 460 496 Carrio.
527 452 657 493 Hunc
680 450 840 491 librum
872 463 914 488 se
941 443 1207 488 contexuisse
1228 449 1414 483 testatur
1447 438 1644 481 Hirtius:
1682 453 1780 495 pro-

290 529 388 570 inde
406 528 494 586 jam
514 534 639 568 antea
662 524 892 580 scriptum,
913 528 959 562 et
975 518 1117 561 medio
1136 525 1279 559 tamen
1294 515 1388 565 illo,
1407 530 1539 571 quem
1559 512 1666 563 dixi,
1682 512 1779 555 loco

290 602 561 660 dispositum.
628 599 734 640 Haec
757 603 851 638 erat
872 595 1076 636 nimirum
1099 592 1365 648 scriptorum
1397 589 1576 630 Caesaris
1596 587 1781 645 digestio

292 679 383 729 illa,
419 677 473 719 de
505 692 592 734 qua
624 674 820 731 loquitur
848 679 1012 720 noster,
1042 677 1110 711 tot
1144 666 1297 708 seculis
1327 664 1562 713 recentior,
1593 679 1678 720 qua
1708 677 1783 704 sua

296 753 467 811 scriptis
515 751 650 809 ipsius
701 748 881 791 Caesaris
919 745 1060 787 media
1107 741 1332 785 contexuit
1378 755 1546 782 coaevus
1594 738 1782 780 Hirtius.

298 829 462 873 Noster
485 827 614 868 etiam
636 824 774 866 editos
797 824 837 865 in
861 823 1001 864 lucem
1023 820 1158 862 libros
1183 816 1364 860 Caesaris
1387 822 1574 857 testatur
1598 813 1656 855 ab
1676 812 1785 861 aliis,

296 904 372 962 qui
409 903 541 946 rebus
576 900 677 958 ipsis
710 898 1014 941 interfuerant.
1095 892 1225 937 Unde
1260 891 1368 933 hoe?
1418 889 1590 945 Nempe
1618 903 1670 929 ex
1702 887 1786 928 illis

299 977 481 1035 Prologi
502 975 646 1019 verbis
666 989 673 1015 :
711 980 741 999 ‘⁶
765 974 840 1030 qui
864 980 963 1014 sunt
986 969 1110 1020 editi,
1132 984 1183 1009 ne
1206 965 1380 1008 scientia
1403 972 1624 1006 tantarum
1643 977 1790 1004 rerum

298 1061 327 1080 ‘⁶
354 1052 640 1111 scriptoribus
661 1049 874 1092 deesset.”
943 1046 1029 1088 Sed
1061 1058 1293 1102 perperam
1324 1048 1471 1083 noster
1503 1038 1734 1088 intellexit,
1760 1037 1792 1078 si

294 1139 389 1173 tum
412 1129 599 1187 primum
620 1126 758 1168 editos
779 1124 822 1166 in
842 1123 983 1165 lucem
1008 1118 1191 1162 Caesaris
1208 1114 1538 1160 commentarios
1558 1112 1792 1163 censuerit,

300 1218 398 1246 cum
441 1201 682 1256 Prologum
725 1196 935 1240 scriberet
979 1192 1167 1235 Hirtius.
1253 1191 1427 1247 Nempe
1470 1195 1570 1246 post
1607 1194 1792 1229 mortem

306 1277 501 1322 Caesaris,
565 1275 658 1317 Imo
676 1274 766 1332 jam
787 1280 915 1314 antea
933 1271 976 1312 in
994 1269 1110 1311 clara
1132 1267 1227 1310 luce
1248 1265 1375 1307 fuisse
1393 1271 1589 1306 versatos
1616 1279 1639 1304 e
1673 1261 1795 1304 Cice-

305 1353 421 1396 ronis
449 1358 617 1394 constat
646 1350 816 1391 Bruto:
861 1347 947 1388 imo
972 1360 1026 1386 ex
1054 1343 1133 1385 hoe
1163 1343 1260 1400 ipso
1293 1340 1500 1397 Prologo.
1564 1338 1664 1380 Jam
1685 1337 1798 1379 enim

307 1427 520 1487 probatos
555 1425 745 1466 omnium
777 1421 938 1479 judicio
971 1426 1175 1468 testatur,
1204 1417 1292 1475 jam
1323 1416 1366 1457 in
1397 1413 1589 1457 omnium
1617 1412 1779 1455 admira

306 1503 421 1545 tione
442 1501 586 1548 fuisse,
610 1498 733 1555 quasi
754 1497 862 1538 bene
893 1493 1205 1550 emendateque
1227 1491 1424 1547 scriptos.
1490 1489 1592 1531 Non
1615 1503 1723 1544 ergo
1744 1487 1798 1529 de

307 1594 398 1627 sua,
418 1577 492 1619 sed
510 1575 708 1624 Caesaris,
730 1572 918 1614 editione
932 1569 1129 1627 loquitur
1147 1567 1340 1614 Hirtius,
1356 1580 1455 1607 cum
1472 1564 1583 1606 illud
1601 1564 1800 1606 editionis

307 1652 532 1698 consilium
553 1648 766 1707 agnoscit,
789 1655 959 1689 tantum
982 1660 1033 1686 ne
1057 1642 1232 1685 scientia
1262 1649 1482 1684 tantarum
1503 1654 1649 1681 rerum
1671 1638 1802 1695 scrip-

309 1730 478 1773 toribus
493 1727 674 1770 deesset.
736 1723 1004 1780 Exprimunt
1022 1719 1110 1762 haec
1128 1719 1263 1761 verba
1284 1716 1465 1760 Caesaris
1483 1708 1628 1773 potius
1645 1715 1698 1757 de
1719 1714 1804 1756 suis

311 1803 482 1860 scriptis
516 1800 684 1860 agentis
717 1796 987 1843 modestiam,
1022 1809 1156 1852 quam
1193 1791 1329 1834 Hirtii
1361 1783 1414 1832 de
1443 1789 1592 1831 iisdem
1625 1787 1805 1830 admira-

313 1879 492 1922 tionem.
570 1875 692 1918 Idem
728 1871 909 1930 Prologi
945 1877 1097 1912 auctor
1137 1872 1164 1896 ‘⁶
1188 1866 1414 1910 novissime
1456 1865 1711 1922 imperfecta
1749 1862 1806 1905 ab

318 1961 348 1979 ‘⁶
374 1954 507 1997 rebus
544 1951 675 2011 gestis
713 1947 991 1992 Alexandriae
1022 1945 1076 1987 ad
1113 1944 1240 1986 finem
1271 1943 1370 1985 vitae
1395 1941 1575 1984 Caesaris
1599 1956 1641 1982 se
1663 1939 1807 1982 confe-

318 2036 348 2055 “
373 2030 476 2072 cisse
490 2031 516 2048 ’'
549 2034 752 2070 testatur.
810 2021 997 2065 Proinde
1014 2021 1103 2078 jam
1122 2033 1207 2060 una
1226 2033 1322 2059 cum
1346 2016 1536 2073 Prologo
1554 2015 1689 2056 libros
1707 2029 1806 2056 suos

315 2106 404 2165 jam
426 2103 596 2163 penitus
617 2100 836 2144 confectos
858 2097 912 2139 de
930 2096 1046 2139 bello
1071 2092 1381 2139 Alexandrino,
1402 2091 1629 2139 Africano,
1652 2096 1806 2131 auctor

318 2181 518 2224 emiserit.
584 2178 677 2221 Imo
697 2177 752 2219 de
775 2175 892 2219 bello
913 2173 1044 2215 etiam
1068 2168 1318 2227 Hispanico,
1339 2168 1621 2224 (quamquam
1634 2164 1748 2206 illius
1766 2164 1809 2206 in

272 2269 275 2270 ’
320 2257 512 2313 Prologo
534 2269 619 2297 non
639 2250 900 2306 meminerit)
935 2246 1054 2302 quod
1077 2244 1331 2303 praedictam
1366 2240 1590 2299 epocham,
1624 2254 1721 2297 quae
1751 2237 1808 2280 ad

322 2331 503 2376 Caesaris
537 2336 724 2373 mortem
756 2341 893 2383 usque
931 2321 1130 2381 pertigit,
1170 2318 1251 2361 hoc
1286 2333 1462 2375 quoque
1491 2315 1658 2358 bellum
1691 2322 1811 2357 ante-

324 2407 512 2450 cesserit.

330 2554 513 2584 LIBRUM
538 2552 699 2581 HIRTII
724 2551 784 2579 DE
810 2548 961 2576 BELLO
988 2544 1229 2574 AFRICANO
1262 2541 1433 2570 MULTIS
1460 2539 1573 2568 POST
1601 2536 1809 2565 HIRTIUM

435 2631 623 2659 SECULIS
657 2623 1012 2656 INTERPOLAVIT
1048 2621 1213 2650 JULIUS
1247 2616 1481 2647 FORTASSE
1517 2614 1702 2642 CELSUS.

333 2735 399 2778 ΕΤ
419 2741 579 2783 tamen,
598 2738 756 2790 praeter
779 2726 994 2775 Hirtium,
1014 2723 1149 2767 alium
1164 2722 1316 2764 saltem
1337 2719 1463 2762 fuisse
1485 2724 1630 2760 censet
1651 2722 1815 2764 noster,

336 2810 413 2867 qui
452 2807 630 2852 Caesaris
661 2804 824 2864 scripta
854 2801 909 2846 ad
948 2799 1140 2861 ejusdem
1182 2796 1339 2842 caedem
1378 2791 1663 2853 suppleverit.
1749 2790 1817 2835 Ita
