1946 3261
555 174 673 221 LIB.
706 174 792 221 ΙΙΙ.
856 176 995 222 CAP.
1029 176 1250 221 98—101.

1590 178 1674 224 409

163 299 210 346 id
230 300 318 346 fuit
338 301 511 356 falsum,
535 305 656 363 quod
678 305 767 356 ille,
789 305 833 350 in
855 320 1050 364 pugnam
1071 305 1361 364 proficiscens,
1431 314 1557 352 xerat
1575 323 1584 350 :
1619 308 1678 351 sic

162 362 278 405 enim
301 363 450 407 Caesar
469 364 764 417 existimabat,
793 382 843 409 eo
866 365 1023 425 proelio
1044 365 1439 409 excellentissimam
1463 368 1677 411 virtutem

170 422 364 466 Crastini
386 423 532 475 fuisse,
555 426 811 484 optimeque
831 441 932 468 eum
953 424 1006 467 de
1024 440 1068 466 se
1089 425 1296 467 meritum
1312 426 1556 484 judicabat.
1609 427 1679 470 Ex

168 482 437 541 Pompeiano
472 485 667 527 exercitu
700 485 874 527 circiter
902 483 1023 527 milia
1056 483 1301 542 quindecim
1332 485 1529 529 cecidisse
1557 486 1677 530 vide-

165 541 354 585 bantur:
389 542 464 586 sed
484 543 527 585 in
543 543 811 586 deditionem
833 550 1046 586 venerunt
1068 542 1256 600 amplius
1278 542 1397 585 milia
1418 554 1610 603 quatuor
1632 554 1679 589 et

170 600 354 659 viginti:
399 602 604 660 (namque
641 602 772 644 etiam
807 602 1023 652 cohortes,
1052 617 1150 660 quae
1182 600 1382 659 praesidio
1414 604 1457 645 in
1491 605 1680 649 castellis

167 659 361 710 fuerant,
384 676 472 702 sese
498 661 634 704 Sullae
655 660 921 704 dediderunt
937 664 969 719 ι)
1009 660 1140 704 multi
1159 669 1373 718 praeterea
1395 661 1437 703 in
1460 662 1679 708 finitumas

166 718 364 762 civitates
386 719 664 778 refugerunt,
679 720 888 779 signaque
909 720 1115 763 militaria
1129 736 1182 761 ex
1202 719 1360 778 proelio
1379 720 1435 762 ad
1460 721 1678 766 Caesarem

166 786 268 822 sunt
305 778 445 821 relata
486 779 709 829 CLXXX,
746 789 791 822 et
827 780 985 838 aquilae
1020 795 1191 822 novem.
1258 778 1309 820 L.
1341 779 1579 829 Domitius,
1622 798 1676 824 ex

166 836 317 880 castris
352 837 395 880 in
425 846 615 881 montem
650 839 884 897 refugiens,
920 855 1058 897 quum
1079 839 1192 881 vires
1213 854 1312 880 eum
1335 838 1586 882 lassitudine
1607 839 1679 883 de-

168 897 381 948 fecissent,
405 898 461 940 ab
483 899 704 956 equitibus
728 907 792 941 est
814 899 1085 941 interfectus.
1384 942 1386 945 ,

234 956 330 999 ΙΟΟ.
365 956 529 1000 Eodem
552 966 749 1016 tempore
775 958 833 1000 D.
861 958 1018 1000 Laelius
1041 972 1139 1000 cum
1161 956 1290 1000 classe
1313 956 1369 999 ad
1394 957 1680 1003 Brundisium

168 1016 316 1066 venit;
349 1016 588 1076 eademque
611 1019 795 1067 ratione,
819 1033 908 1077 qua
931 1017 1095 1060 factum
1116 1032 1141 1058 a
1166 1015 1332 1059 Libone
1354 1026 1482 1060 antea
1503 1017 1680 1062 demon-

167 1076 415 1125 stravimus,
434 1076 618 1119 insulam
637 1077 855 1135 objectam
874 1076 1021 1134 portui
1045 1075 1310 1119 Brundisino
1327 1077 1485 1119 tenuit.
1551 1078 1680 1120 Simi-

165 1136 268 1179 liter
305 1136 522 1186 Vatinius,
566 1136 642 1194 qui
682 1136 916 1180 Brundisio
958 1143 1159 1194 praeerat,
1203 1136 1328 1178 tectis
1366 1136 1677 1195 instructisque

167 1195 334 1254 scaphis
355 1195 506 1238 elicuit
523 1211 650 1238 naves
669 1195 877 1239 Laelianas
894 1212 903 1243 ;
935 1204 1068 1254 atque
1087 1211 1139 1237 ex
1152 1194 1216 1237 his
1229 1195 1400 1254 longius
1418 1196 1680 1254 productam

167 1270 299 1297 unam
339 1255 700 1313 quinqueremem
736 1264 780 1298 et
819 1256 1006 1298 minores
1043 1255 1149 1297 duas
1189 1255 1232 1297 in
1272 1255 1486 1313 augustiis
1522 1264 1679 1314 portus

168 1313 314 1373 cepit;
360 1314 553 1372 itemque
588 1331 667 1372 per
700 1315 868 1372 equites
894 1314 1124 1373 dispositos
1160 1330 1276 1371 aqua
1309 1313 1541 1372 prohibere
1570 1315 1678 1357 clas-

170 1373 318 1416 siarios
341 1372 546 1416 instituit.
613 1373 699 1416 Sed
724 1373 894 1423 Laelius,
926 1383 1122 1432 tempore
1144 1373 1242 1415 anni
1265 1374 1557 1417 commodiore
1577 1391 1678 1417 usus

171 1432 228 1475 ad
261 1432 572 1490 navigandum,
610 1433 818 1476 onerariis
859 1433 1040 1476 navibus
1074 1433 1269 1490 Corcyra
1311 1431 1677 1492 Dyrrhachioque

169 1508 329 1550 aquam
362 1493 447 1535 suis
480 1492 792 1551 subportabat,
833 1508 969 1550 neque
1012 1508 1037 1534 a
1080 1492 1311 1550 proposito
1350 1491 1677 1543 deterrebatur,

168 1567 326 1609 neque,
345 1559 446 1594 ante
470 1552 677 1611 proelium
701 1552 743 1594 in
765 1551 985 1594 Thessalia
1005 1551 1170 1594 factum
1190 1551 1433 1609 cognitum,
1458 1560 1536 1594 aut
1557 1551 1678 1610 igno-

167 1611 299 1654 minia
320 1611 574 1653 amissarum
595 1611 786 1663 navium,
822 1619 899 1653 aut
932 1610 1216 1654 necessarium
1251 1625 1398 1653 rerum
1428 1609 1590 1670 inopia,
1622 1628 1677 1656 ex

167 1679 305 1730 portu
329 1670 556 1728 insulaque
577 1670 738 1728 expelli
762 1671 923 1730 potuit.

232 1729 325 1771 lOl.
361 1729 519 1772 Iisdem
542 1729 631 1772 fere
659 1730 929 1788 temporibus
966 1728 1138 1772 Cassius
1162 1743 1262 1771 cum
1293 1726 1426 1771 classe
1462 1729 1677 1788 Syrorum

165 1796 211 1832 et
235 1788 491 1831 Phoenicum
511 1797 555 1831 et
581 1789 768 1832 Cilicum
792 1789 833 1831 in
865 1788 1058 1832 Siciliam
1085 1788 1219 1831 venit.
1282 1787 1359 1838 Et,
1393 1804 1532 1846 quum
1563 1798 1674 1833 esset

167 1849 348 1892 Caesaris
367 1848 509 1891 classis
530 1848 669 1904 divisa
690 1849 732 1891 in
755 1848 860 1891 duas
883 1857 1047 1908 partes,
1070 1857 1113 1890 et
1129 1846 1316 1890 dimidiae
1334 1847 1449 1905 parti
1471 1857 1675 1906 praeesset

165 1907 216 1950 P.
254 1908 479 1968 Sulpicius
515 1908 684 1951 Praetor
716 1908 888 1952 Vibone
923 1908 978 1951 ad
1012 1908 1192 1957 fretum,
1223 1907 1412 1950 dimidiae
1440 1907 1507 1949 M.
1542 1908 1670 1951 Pom-

214 2020 259 2051 In
276 2021 431 2051 castellis.
477 2019 565 2051 Cod.
591 2019 710 2050 Petav.
731 2021 884 2051 castellis.

167 2063 253 2096 Mox
283 2065 385 2096 codd.
414 2063 553 2106 quidam
576 2065 728 2096 similiter
749 2064 885 2096 dedide-

173 2113 266 2141 runt.

219 2153 337 2185 Sulloe.
362 2151 428 2183 Hic
448 2153 528 2184 edd.
546 2153 636 2195 vulg.
654 2153 782 2184 addunt
795 2155 885 2185 simi-

169 2200 257 2236 le'ter,
274 2197 377 2228 male.
426 2198 651 2229 Praecesserat
670 2198 740 2240 jam
768 2200 883 2230 eciam.

168 2242 327 2273 Ceterum
359 2241 401 2273 de
433 2241 496 2274 hac
539 2252 653 2283 pugna
689 2242 884 2273 Pharsalica

169 2285 365 2318 conferendi
380 2292 456 2318 sunt
472 2287 650 2328 Appianus
673 2286 722 2325 (2,
743 2288 884 2318 75—82.

171 2342 206 2373 p.
225 2331 429 2369 475—479),
453 2336 487 2362 et
512 2331 712 2363 Plutarchus
735 2331 786 2370 (in
812 2330 886 2362 Cae-

169 2375 254 2407 saris
270 2381 303 2406 et
318 2375 480 2416 Pompeii
494 2375 593 2414 vita),
610 2376 698 2415 ideo,
711 2375 790 2417 quia
801 2386 886 2407 non-

169 2420 264 2452 nulla
279 2419 496 2459 addiderunt,
513 2430 531 2451 a
548 2420 682 2452 Caesare
700 2421 837 2459 omissa,
849 2426 886 2451 ut

171 2466 212 2496 de
231 2464 402 2506 Pompeio
419 2464 589 2506 fugiente;
614 2465 694 2496 item
711 2466 751 2496 de
779 2465 886 2506 lacry-

172 2509 240 2541 mis
256 2507 382 2540 Caesari
408 2515 440 2539 et
466 2509 633 2551 Pompeio
658 2515 691 2541 et
715 2509 886 2541 militibus

172 2553 324 2593 obortis;
350 2553 392 2584 de
409 2553 554 2592 Caesare,
570 2554 629 2596 qui
648 2565 729 2586 suos
741 2555 885 2596 jusserat

168 2598 320 2630 hostium
353 2608 391 2629 os
424 2603 455 2629 et
498 2598 622 2630 faciem
663 2598 884 2640 potissimum

168 2644 361 2675 vulnerare.
401 2642 468 2673 Dio
487 2642 626 2674 Cassius
640 2643 712 2682 (41,
728 2646 770 2674 58
786 2644 886 2684 sqq.),

169 2687 232 2719 etsi
252 2687 415 2729 proelium
432 2697 499 2718 non
516 2693 673 2719 accurate
691 2686 886 2729 descripsit,

169 2738 282 2764 tamen
300 2742 368 2763 non
385 2731 458 2763 sine
476 2742 575 2763 sensu
591 2731 766 2773 etjudicio
781 2732 824 2762 de
842 2742 884 2763 eo

170 2777 306 2808 locutus
331 2781 392 2808 est.
454 2775 630 2808 Lucanum
655 2787 734 2807 cum
764 2786 882 2808 omnes

166 2820 292 2859 norint,
308 2820 484 2853 nominare
508 2831 574 2852 non
593 2832 680 2862 opus
695 2826 764 2852 est:
803 2832 882 2862 per-

169 2864 256 2897 tinet
270 2871 386 2897 autem
403 2865 470 2898 huc
486 2865 646 2897 carminis
663 2865 752 2897 liber
775 2865 882 2907 septi-

167 2920 255 2944 mus.
298 2909 444 2945 Caesaris
472 2910 505 2946 in
531 2910 771 2945 conservandis
796 2909 882 2945 civi-

954 2018 1017 2050 bus
1046 2017 1301 2055 humanitatem,
1324 2023 1358 2049 et
1386 2017 1419 2049 in
1443 2019 1668 2050 condonando

955 2062 1213 2104 indulgentiam,
1226 2072 1342 2094 omnes
1355 2062 1455 2104 hujus
1467 2062 1550 2094 belli
1561 2063 1669 2104 scrip-

953 2113 1056 2146 tores,
1072 2114 1144 2138 tum
1160 2113 1193 2138 et
1209 2106 1332 2139 Cicero
1351 2118 1455 2148 saepe,
1478 2107 1669 2150 magnificis

953 2151 1070 2183 verbis
1086 2151 1346 2183 conlaudat-int.
1373 2153 1422 2183 M.

1000 2198 1144 2237 Infinit.
1156 2198 1315 2228 civitates.
1341 2197 1574 2239 Marcland.p.
1589 2197 1666 2228 278.

955 2240 1072 2272 inserit
1086 2243 1156 2283 qui.

1000 2287 1139 2325 Loelius,
1154 2284 1264 2318 Classi
1277 2285 1501 2328 Pompeianae
1517 2285 1667 2329 praefuit.

953 2341 985 2362 c.
1005 2335 1034 2362 5.
1061 2331 1109 2362 M.

1001 2376 1054 2407 Acl
1081 2375 1316 2414 Brumlisium,
1343 2380 1380 2406 ut
1395 2385 1427 2407 c.
1443 2378 1498 2408 40.
1527 2375 1575 2407 ad
1593 2376 1667 2406 Ori-

955 2430 1034 2452 cum
1049 2425 1083 2451 et
1098 2430 1176 2462 cap.
1197 2421 1268 2452 101.
1287 2421 1334 2451 ml
1353 2421 1555 2452 Μεκςαηαηι.

1000 2466 1027 2496 Α
1048 2465 1181 2497 Libone.
1206 2466 1250 2496 Et
1267 2464 1322 2496 hic
1340 2464 1486 2496 navibus
1503 2462 1667 2505 Pompeii

955 2508 1105 2551 praefuit.
1122 2520 1152 2541 c.
1168 2511 1221 2540 93.
1248 2510 1299 2541 M.

1004 2555 1113 2586 Tectae
1144 2556 1289 2596 scaphae.
1327 2553 1397 2585 vid.
1420 2564 1498 2595 cap.
1526 2555 1577 2585 15.
1612 2554 1666 2585 Μ.

954 2597 1042 2630 Dein
1072 2601 1309 2640 instructi-sque
1333 2599 1431 2630 codd.
1449 2605 1480 2630 et
1497 2598 1573 2630 edd.
1597 2603 1666 2629 vet.

957 2643 1070 2684 Vulgo
1087 2645 1313 2684 instratisque.

998 2690 1191 2728 C'oqnitum.
1220 2687 1252 2718 in
1269 2686 1346 2718 aliis
1359 2688 1465 2719 deest.

1001 2734 1150 2764 Cassius.
1196 2731 1411 2764 Marclandus
1432 2731 1608 2773 praemittit
1625 2733 1665 2765 C'.

951 2782 987 2808 ut
1003 2787 1034 2808 c.
1051 2781 1084 2808 5.
1130 2775 1310 2808 Excidisse
1327 2782 1424 2819 putat
1439 2776 1485 2808 ob
1501 2787 1571 2819 seq.
1597 2776 1665 2809 ini-

947 2822 1077 2854 tialem.

1002 2867 1136 2898 Vibone.
1181 2864 1236 2897 Sic
1250 2865 1521 2908 codd.quidam:
1547 2871 1662 2898 recte:

950 2921 1030 2945 nam
1043 2911 1151 2946 altero
1169 2910 1274 2946 lectio
1292 2912 1442 2956 Liboque
1463 2911 1579 2957 inepta
1603 2918 1668 2953 est,
