1961 3230
834 180 1188 224 PRAEFATIO.
1724 203 1752 230 v

267 316 428 351 Boms,
463 304 719 354 SUETONH,
753 305 962 347 APPIANI
995 305 1269 364 aliorumque
1291 306 1508 351 vindicata
1528 316 1630 351 sunt
1651 309 1753 352 satis

263 392 481 434 superque
516 378 674 436 scripta
704 394 778 421 sua
811 379 1008 421 Romano
1041 380 1173 428 Duci,
1207 388 1257 422 ut
1288 396 1373 424 non
1404 383 1604 426 audiendi
1631 383 1751 426 vide-

258 462 406 501 antur,
431 452 507 510 qui
527 463 676 496 contra
699 469 876 495 sensere.
941 454 1010 496 De
1034 453 1153 495 Lm).
1178 454 1472 506 CARRloNIS,
1495 457 1745 501 R1011A1u>1

262 528 470 569 SIMONIS
498 528 767 584 aliorumque
793 527 937 570 dubiis
957 527 1091 570 videri
1116 536 1298 586 possunt
1326 529 1533 574 Vossms
1567 532 1623 574 de
1646 532 1748 575 His-

262 609 345 643 tor.
371 600 536 642 Latinis
559 601 596 649 l,
626 601 691 642 13.
725 610 770 643 et
792 601 1057 644 FAssmcms
1078 602 1121 644 in
1145 602 1418 647 Bibliotheca
1441 605 1610 656 Latina,
1633 606 1684 648 L.
1709 607 1747 650 l.

259 675 508 718 Recentiori
534 692 625 719 aevo
658 677 921 721 labefactare
945 679 1126 721 Caesaris
1154 678 1283 721 fidem
1315 679 1522 722 studuere
1556 668 1750 736 quidam,

255 750 308 792 de
346 752 504 808 quibus
540 767 624 794 non
657 754 733 795 abs
769 769 817 794 re
852 754 985 796 fuerit
1023 753 1219 811 quaedam
1253 754 1345 796 heic
1383 763 1565 796 notasse.
1642 755 1750 798 Pro-

254 826 427 868 dierat*
457 836 635 870 auctore
667 828 839 870 DAvoN
868 837 896 856 ‘⁶
917 845 1000 871 une
1023 829 1212 889 Analyse
1241 829 1429 887 critique
1457 829 1532 871 des
1553 829 1652 871 faits
1671 829 1750 871 mi-

257 895 419 944 litaires
455 903 509 944 de
539 904 689 953 Cesar,
721 906 919 946 racontes
949 920 1027 962 par
1049 905 1312 946 lui-meme.'’
1376 903 1494 946 Huic
1527 903 1750 962 respondit

256 978 327 1020 DE
363 978 742 1028 VAUDRECOURT,
782 987 810 1005 ‘⁶
833 980 977 1036 Major
1016 980 1077 1021 du
1119 980 1334 1037 regiment
1373 979 1656 1022 d’Infanterie
1692 978 1748 1021 de

256 1052 534 1110 Rovergue,”
557 1054 599 1095 in
618 1060 649 1079 ‘⁶
667 1054 1003 1096 Commentaires
1020 1053 1074 1096 de
1094 1055 1242 1103 Cesar,
1260 1053 1509 1095 traduction
1527 1053 1747 1104 nouvelle,

256 1128 389 1170 suivie
419 1128 524 1170 d'un
556 1143 734 1170 examen
766 1129 818 1171 de
847 1129 1051 1186 l’analyse
1087 1128 1290 1185 critique,
1324 1144 1409 1185 que
1445 1128 1510 1169 M.
1536 1129 1692 1171 Davon
1723 1144 1750 1171 a

256 1201 357 1244 faite
394 1201 449 1244 de
480 1219 548 1244 ces
581 1203 841 1260 guerres†.’'
915 1200 1064 1243 Fufius
1106 1201 1234 1258 longe
1275 1216 1353 1258 per
1387 1216 1532 1244 omnes
1567 1200 1751 1243 Caesaris

258 1277 602 1320 Commentarios
616 1293 641 1319 a
659 1277 799 1334 capite
817 1277 872 1319 ad
893 1277 1054 1319 calcem
1074 1276 1201 1319 crisin
1218 1276 1413 1318 exercuit
1436 1275 1521 1318 “le
1542 1274 1752 1318 General-

260 1351 404 1409 Major
437 1351 506 1392 DE
530 1351 787 1393 WARNERY
823 1352 864 1393 in
890 1352 1094 1410 Melange
1116 1351 1172 1393 de
1194 1367 1444 1410 remarques
1476 1357 1652 1392 surtout
1677 1365 1752 1392 sur

265 1426 397 1468 Cesar
426 1433 471 1468 et
501 1435 647 1467 autres
676 1425 915 1474 militaires,
946 1426 1087 1480 etc.‡''
1157 1425 1325 1467 Mirum
1345 1434 1409 1466 est
1432 1424 1596 1473 videre,
1620 1439 1754 1480 quam

258 1500 366 1542 nihil
398 1500 465 1541 hic
497 1499 708 1541 intactum
738 1499 979 1555 reliquerit.
1044 1497 1111 1540 Ita
1139 1506 1285 1555 negat,
1317 1498 1497 1540 Caesaris
1520 1513 1609 1539 esse
1638 1513 1753 1540 com-

265 1574 512 1623 mentarios,
545 1574 620 1617 diu
656 1583 754 1631 post
791 1574 884 1631 ejus
916 1573 1004 1615 fata
1039 1572 1236 1630 scriptos.
1301 1571 1434 1613 Ridet
1463 1579 1509 1613 et
1542 1573 1752 1629 exagitat,

261 1666 357 1707 quae
377 1649 430 1691 de
452 1664 578 1691 muro
601 1663 740 1706 prope
766 1648 1004 1698 Genevam,
1027 1646 1082 1689 de
1105 1644 1327 1688 celeritate
1352 1645 1531 1688 Caesaris
1559 1645 1601 1687 in
1622 1645 1755 1689 addu-

257 1724 403 1767 cendis
425 1724 685 1781 legionibUS,
718 1723 772 1765 de
799 1723 918 1765 bello
951 1737 1048 1764 cum
1072 1721 1309 1770 Ariovisto,
1337 1721 1396 1768 ‚de
1424 1722 1753 1779 obpugnatione

263 1800 494 1849 Bibractis‚
517 1799 570 1841 de
592 1798 866 1857 expeditione
892 1798 940 1839 P.
967 1798 1125 1846 Crassi,
1161 1797 1214 1840 de
1236 1797 1353 1840 bello
1386 1812 1484 1838 cum
1509 1797 1754 1846 Germanis,

259 1875 312 1918 de
345 1873 618 1932 expeditione
647 1874 689 1914 in
713 1872 997 1921 Britanniam,
1028 1872 1082 1914 de
1111 1872 1229 1915 bello
1259 1872 1302 1913 in
1326 1871 1516 1920 Nerviis,
1549 1871 1604 1914 de
1625 1887 1753 1929 expe-

255 1950 418 1993 ditione
450 1949 493 1991 in
517 1950 739 1991 Arvernos
770 1957 814 1990 et
839 1949 1100 1997 Cevennam,
1132 1948 1186 1990 de
1210 1946 1366 2005 proelio
1395 1946 1451 1988 ad
1477 1946 1749 1997 Pharsalum,

256 2026 308 2068 de
344 2025 462 2068 bello
502 2022 798 2065 Alexandrino
833 2032 877 2065 et
914 2022 1149 2081 Hispanico
1185 2022 1450 2064 referuntur,
1529 2020 1754 2079 Iniquiora

254 2116 342 2142 esse
375 2099 592 2142 Warnerii
616 2098 792 2156 judicia,
827 2106 877 2139 ut
910 2098 1036 2140 facile
1069 2104 1208 2155 patet,
1242 2097 1303 2139 ita
1336 2095 1560 2139 ostendere
1594 2096 1754 2154 sategit

249 2176 317 2218 vir
354 2176 522 2227 doctus,
564 2175 776 2217 Centurio
810 2173 1207 2230 Wurtembergicae
1243 2172 1420 2221 militiae,
1461 2171 1568 2214 JAc.
1603 2171 1747 2215 FRID.

255 2251 452 2294 RoEscn
488 2251 530 2292 in
555 2258 582 2276 ‘⁶
604 2251 884 2293 commentar
907 2249 1018 2291 iiber
1038 2247 1107 2289 die
1126 2246 1474 2289 Commentarien
1494 2246 1569 2289 des
1588 2247 1747 2295 Caesar,

251 2326 314 2369 als
347 2326 438 2368 eine
475 2326 822 2382 Beantwortung
869 2324 947 2366 der
985 2323 1258 2380 Remarques
1296 2337 1369 2364 sur
1408 2323 1538 2375 Ce'sar
1565 2321 1642 2365 des
1683 2321 1744 2365 H.

260 2402 369 2443 Gen.
395 2401 540 2458 Major
561 2415 647 2442 von
668 2399 961 2458 Warnery§.’'

267 2482 271 2485 '
315 2474 421 2523 Quae
442 2474 590 2533 paullo
610 2482 709 2517 ante
729 2474 841 2515 inter
857 2472 1111 2515 duumviros
1132 2471 1194 2513 rei
1212 2470 1409 2513 militaris
1423 2469 1603 2527 peritos,
1628 2469 1747 2512 CAR.

260 2551 637 2604 GUISCHARDUM‚
658 2554 737 2597 sub
755 2553 924 2595 nomine
945 2552 1000 2602 Q.
1018 2550 1163 2594 101L11
1183 2558 1351 2599 notum,
1370 2558 1413 2593 et
1431 2550 1503 2593 DE
1522 2548 1746 2592 Lo-Looz

342 2723 363 2743 ²¹²
386 2725 414 2754 A
432 2723 579 2760 Geneve,
604 2724 697 2753 1779.
726 2723 776 2751 19.
1242 2723 1263 2753 ψ
1295 2720 1322 2750 Α
1338 2716 1445 2755 Paris,
1469 2718 1563 2748 1⁷87.
1581 2720 1613 2750 8.

338 2777 357 2817 (ξ
388 2776 417 2808 Α
435 2774 613 2812 Varsovie,
638 2777 732 2806 1782.
748 2776 780 2806 8.
1243 2771 1259 2809 ᾧ
1290 2770 1405 2810 Halle,
1432 2771 1526 2803 1783.
1543 2773 1576 2802 8.
