1946 3261
623 220 741 267 LIB.
776 219 835 268 V.
896 221 1034 267 CAP.
1065 220 1141 273 44,
1169 221 1254 268 454,
1595 220 1682 266 125

197 350 228 370 “
247 345 469 390 troversiis
493 347 753 407 judicabit.”
815 349 923 393 Haec
948 364 1085 407 quum
1104 347 1297 399 dixisset,
1327 346 1526 407 procedit
1555 356 1681 393 extra

195 404 467 458 munitiones,
485 423 659 466 quaque
677 425 777 468 pars
793 408 981 452 hostium
997 407 1308 450 confertissima
1323 407 1413 451 visa
1429 415 1510 458 est,
1527 407 1571 451 in
1586 424 1681 452 eam

194 461 424 524 inrumpit.
488 467 558 510 Ne
582 468 779 511 Varenus
806 467 984 525 quidem
1003 465 1120 509 vallo
1147 481 1235 509 sese
1256 467 1465 517 continet,
1496 467 1572 510 sed
1590 483 1682 511 om-

194 522 314 566 nium
352 525 517 569 veritus
555 527 912 570 existimationem
950 525 1246 582 subsequitur.
1307 525 1437 575 Tum,
1474 525 1684 570 mediocri

195 582 338 639 spatio
367 583 539 635 relicto,
578 584 723 629 Pulfio
753 586 894 644 pilum
924 585 969 628 in
988 583 1131 627 hostes
1148 583 1287 626 mittit
1319 591 1453 641 atque
1472 600 1609 628 unum
1628 601 1684 629 ex

194 639 475 685 multitudine
506 654 840 701 procurrentem
872 643 1100 702 transjicit,
1127 657 1217 701 quo
1243 657 1449 700 percusso
1475 651 1520 686 et
1540 645 1684 688 exani-

195 707 330 749 mato,
367 699 484 744 hunc
519 702 652 744 scutis
684 711 928 762 protegunt
958 702 1116 752 hostes,
1152 701 1197 744 in
1226 700 1352 743 'rllum
1383 700 1572 745 universi
1596 703 1685 748 tela.

195 758 434 817 conjiciunt
465 775 606 818 neque
633 761 740 804 dant
761 761 1041 820 regrediundi
1061 760 1331 804 facultatem.
1393 759 1686 818 Transfigitur

194 826 368 861 scutum
406 818 597 862 Pulfioni
637 828 684 862 et
720 830 926 864 verutum
967 821 1012 863 in
1040 819 1190 864 balteo
1218 817 1444 877 defigitur.
1505 819 1688 864 Avertit

193 875 263 920 hic
281 893 402 921 casus
424 879 626 937 vaginam
653 886 699 921 et
730 879 925 937 gladium
949 878 1139 922 educere
1170 879 1344 923 conanti
1373 877 1575 922 dextram
1593 894 1685 922 mo-

192 944 321 980 ratur
355 952 553 987 manum;
594 937 842 997 inpeditum
876 938 1019 982 hostes
1054 937 1389 981 circumsistunt.
1454 938 1688 982 Succurrit

193 995 390 1039 inimicus
410 996 474 1039 illi
498 997 697 1040 Varenus
717 1006 762 1040 et
784 998 1002 1041 laboranti
1022 997 1239 1041 subvenit.
1294 996 1366 1040 Ad
1386 995 1501 1039 hunc
1520 1012 1565 1039 se
1585 1012 1685 1040 con-

192 1054 337 1098 festim
368 1071 394 1098 a
417 1055 616 1100 Pulfione
650 1057 787 1100 omnis
819 1055 1061 1101 multitudo
1095 1055 1335 1105 convertit;
1366 1055 1493 1099 illum
1524 1065 1683 1101 veruto

192 1113 448 1158 transfixum
484 1115 775 1159 arbitrantur.
839 1115 1054 1160 Occursat
1086 1116 1206 1159 ocius
1233 1114 1381 1175 gladio
1403 1114 1685 1174 cominusque

193 1188 288 1217 rem
318 1174 434 1233 gerit
455 1174 655 1218 Varenus
688 1184 837 1233 atque,
871 1190 960 1218 uno
990 1174 1238 1225 interfecto,
1273 1174 1464 1232 reliquos
1485 1174 1684 1233 paullum

193 1233 424 1291 propellit,
456 1232 564 1276 dum
593 1234 795 1293 cupidius
815 1235 962 1284 instat,
993 1235 1037 1277 in
1058 1234 1203 1278 locum
1222 1233 1418 1293 dejectus
1437 1234 1686 1279 inferiorem

194 1291 398 1335 concidit.
462 1292 581 1336 Huic
622 1309 773 1338 rursus
811 1294 1109 1337 circumvento
1147 1293 1235 1337 fert
1266 1292 1505 1336 subsidium
1541 1293 1687 1338 Pulfio

193 1358 328 1408 atque
347 1351 478 1395 ambo
499 1351 751 1402 incolumes,
783 1352 1086 1410 compluribus
1112 1352 1367 1402 interfectis,
1396 1368 1563 1395 summa
1582 1369 1685 1396 cum

194 1409 325 1452 laude
359 1426 447 1453 sese
479 1410 597 1454 intra
630 1411 891 1454 munitiones
925 1410 1157 1469 recipiunt.
1222 1411 1294 1454 Sic
1319 1411 1500 1454 fortuna
1520 1412 1563 1454 in
1585 1428 1685 1456 con-

194 1469 387 1512 tentione
427 1477 473 1512 et
512 1470 747 1512 certamine
786 1478 1027 1527 utrumque
1066 1470 1270 1519 versavit,
1313 1478 1364 1512 ut
1404 1469 1517 1513 alter
1556 1471 1687 1515 alteri

195 1527 391 1571 inimicus
411 1528 574 1571 auxilio
594 1528 812 1586 salutique
833 1537 959 1578 esset,
989 1543 1130 1586 neque
1148 1528 1381 1588 dijudicari
1401 1536 1561 1589 posset,
1584 1539 1686 1574 uter

195 1586 287 1630 utri
308 1587 475 1629 virtute
495 1587 802 1630 anteferendus
822 1586 1063 1630 videretur.

253 1645 325 1688 45.
361 1646 538 1695 Quanto
555 1646 711 1688 eratin
728 1645 819 1688 dies
837 1646 1013 1703 gravior
1031 1653 1166 1703 atque
1182 1645 1377 1703 asperior
1394 1644 1686 1705 obpugnatio,

193 1712 238 1747 et
259 1704 442 1747 maxime
463 1704 602 1762 quod,
632 1720 789 1763 magna
818 1713 945 1763 parte
977 1704 1167 1748 militum
1196 1704 1394 1747 confecta
1414 1704 1688 1758 vulneribus,

193 1779 263 1806 res
293 1763 349 1806 ad
375 1764 643 1822 paucitatem
674 1763 954 1807 defensorum
984 1771 1263 1822 pervenerat,
1294 1772 1418 1807 tanto
1447 1765 1691 1810 crebriores

191 1822 351 1866 litterae
384 1823 621 1882 nunciique
652 1823 708 1866 ad
747 1823 960 1866 Caesarem
997 1823 1312 1872 mittebantur;
1360 1838 1550 1881 quorum
1589 1841 1691 1884 pars

192 1881 463 1941 deprehensa
499 1883 543 1925 in
580 1890 816 1941 conspectu
849 1891 1103 1926 nostrorum
1135 1881 1325 1925 militum
1364 1898 1464 1926 cum
1489 1885 1688 1928 cruciatu

194 1941 450 1985 necabatur.
513 1941 624 1985 Erat
657 1956 768 1984 unus
789 1942 905 1985 intus
929 1942 1136 1991 Nervius,
1169 1941 1339 1985 nomine
1363 1941 1559 1993 Vertico‚
1590 1943 1688 1987 loco

195 2009 321 2045 natus
337 2000 535 2052 honesto,
557 2001 634 2060 qui
646 2016 672 2043 a
689 2001 830 2060 prima
848 2001 1069 2046 obsidione
1088 1999 1145 2045 ad
1161 2001 1417 2045 Ciceronem
1430 2002 1691 2061 perfugerat

243 2122 639 2164 Procedit—inrumpit.
685 2122 768 2153 Ilaec
801 2120 906 2163 parti-

195 2166 276 2199 cula
290 2166 377 2199 adeo
393 2165 541 2198 variatur
557 2165 592 2197 in
607 2165 710 2198 libris
725 2165 860 2207 scriptis
875 2171 910 2197 et

193 2209 311 2250 editis,
344 2216 379 2242 ut
408 2211 502 2242 nullo
534 2211 639 2242 modo
666 2215 758 2242 certa
788 2220 909 2242 manus

194 2254 336 2287 Caesaris
362 2254 503 2297 reperiri
529 2254 651 2297 possit,
675 2253 739 2286 etsi
767 2254 909 2286 omnino

196 2300 238 2330 de
253 2308 352 2331 sensu
375 2304 519 2332 constat.
564 2297 684 2330 Lectio
709 2298 910 2330 Oudendor-

196 2342 300 2384 piana
328 2354 404 2375 cum
428 2343 635 2385 metaphrasi
658 2343 777 2375 Graeca
790 2349 910 2374 exacte

195 2386 380 2429 conspirat.
405 2389 456 2420 Μ.
503 2389 546 2419 Et
572 2398 652 2419 cum
679 2387 780 2419 bonis
807 2387 909 2418 codd.

195 2436 230 2463 et
246 2432 324 2463 edd.
361 2432 439 2464 Non
453 2443 535 2474 ergo
549 2438 600 2464 est
616 2442 658 2463 ex
675 2430 811 2473 ingenio
830 2430 910 2463 Sca-

196 2475 310 2518 ligeri.
356 2475 472 2518 Vulgo
499 2476 623 2518 legitur
651 2475 683 2507 in
707 2475 786 2507 aliis
809 2476 907 2507 codd.

196 2526 230 2552 et
260 2520 336 2552 edd.
367 2519 506 2562 primis:
541 2521 689 2562 procedit
723 2531 764 2552 av
794 2522 908 2552 castris

194 2566 688 2607 munitionemque—erumpit.
703 2563 764 2596 alii
781 2566 911 2596 irrum-

192 2610 254 2650 pit,
269 2613 335 2640 etc.
380 2608 420 2639 Τὸ
433 2619 474 2640 ex
489 2611 605 2641 castris
616 2610 767 2650 glossam
781 2607 886 2650 sapit.

248 2653 350 2692 Tum,
363 2653 537 2691 mediocri,
547 2660 613 2684 etc.
658 2653 736 2684 Hoc
750 2658 822 2685 tum
836 2663 909 2683 rec-

196 2695 266 2730 tius
292 2697 370 2729 heic
394 2695 462 2728 loci
484 2696 591 2728 locari
615 2702 698 2738 puto
720 2707 798 2728 cum
816 2695 908 2728 Oud.

195 2751 300 2783 quam
323 2741 441 2783 paullo
468 2751 570 2782 supra
595 2740 682 2772 inter
710 2741 846 2782 quidem
875 2746 908 2772 et

192 2787 301 2819 vallo.
346 2785 429 2817 Mox
448 2796 511 2826 pro
525 2787 634 2824 mittit,
653 2783 712 2817 alii
728 2786 874 2816 inmittit.

245 2831 290 2862 In
314 2830 563 2868 illum—tela,
589 2835 655 2860 etc.
701 2827 795 2860 Male
824 2827 904 2860 alii:

195 2876 232 2906 in
259 2876 382 2907 hostem
402 2875 548 2907 universe·
572 2874 637 2906 tela
656 2874 742 2915 conj.
788 2871 860 2905 Alii
876 2879 908 2907 et

192 2920 229 2951 in
241 2920 351 2951 illum.

241 2962 481 3006 Remediumli.
524 2959 596 2993 Alii
609 2959 852 3004 proqrediendi

247 3009 400 3043 Conanti.
414 3006 475 3042 alii
489 3009 650 3046 comatis,
663 3006 782 3041 conati.

1022 2123 1130 2154 Illum
1158 2127 1272 2154 veruto
1295 2140 1338 2146 —-
1354 2139 1398 2146 -
1420 2123 1583 2156 Varenus.
1643 2125 1690 2157 Et

977 2164 1011 2198 in
1044 2165 1107 2198 hac
1140 2165 1308 2207 particula
1336 2172 1445 2199 certus
1469 2167 1608 2209 quidem
1639 2175 1689 2202 est

974 2219 1106 2249 sensus,
1135 2211 1194 2241 sed
1224 2210 1351 2243 incerta
1380 2221 1502 2244 manus
1528 2212 1687 2252 Caesaris,

976 2254 1165 2297 praesertim
1181 2253 1216 2286 in
1233 2255 1347 2288 verbis
1360 2256 1431 2287 illic
1445 2267 1520 2288 vero
1536 2264 1688 2291 occursat

973 2301 1073 2331 ocius.
1119 2299 1281 2331 Gruterus
1303 2311 1323 2332 e
1346 2300 1499 2341 vestigiis
1520 2301 1686 2334 librorum

974 2342 1042 2384 legi
1068 2342 1197 2375 voluit:
1228 2345 1326 2376 illum
1346 2350 1459 2377 veruto
1476 2345 1688 2379 arbitrantur

971 2389 1196 2428 transfixum.-
1239 2389 1355 2430 ρίαιίἱο
1393 2392 1575 2421 comminus
1614 2401 1686 2422 rem

973 2434 1059 2473 yerae't
1077 2432 1155 2464 Var.
1188 2431 1455 2474 Oudendorpius
1469 2444 1565 2466 vero:
1586 2435 1685 2466 illum

973 2480 1087 2508 veruto
1123 2481 1241 2509 rentur
1277 2478 1397 2519 trmuf.
1446 2478 1542 2511 Ocius
1571 2479 1685 2520 gladio

982 2521 1135 2552 Varenus
1147 2532 1264 2554 comm.
1279 2533 1309 2553 r.
1324 2533 1360 2563 9.
1385 2522 1438 2554 M.

1023 2564 1223 2597 certamine.
1269 2566 1360 2598 Bene
1384 2565 1433 2598 sic
1457 2566 1533 2597 edd.
1559 2571 1626 2597 vet.
1649 2570 1685 2598 et

973 2608 1073 2640 codd.
1119 2608 1211 2641 Male
1227 2608 1379 2651 Scaliger
1393 2615 1572 2643 certamen.

1025 2653 1185 2693 Versat-it,
1200 2655 1304 2686 modo
1316 2655 1391 2694 hac,
1402 2655 1506 2686 modo
1522 2653 1582 2686 illa
1593 2659 1684 2687 sorte

973 2706 1033 2739 per
1047 2698 1140 2729 vices
1159 2697 1207 2730 uti
1222 2698 1345 2731 voluit.
1368 2700 1420 2731 M.

1019 2741 1225 2774 Necabatur.
1240 2741 1303 2774 alii
1319 2743 1536 2775 necabantur.
1561 2742 1683 2775 Paullo

970 2789 1048 2816 ante
1060 2785 1094 2816 τὸ
1104 2787 1250 2818 militum
1262 2792 1381 2818 contra
1393 2785 1537 2818 Caesaris
1551 2797 1682 2820 morem

972 2828 1077 2861 deleri
1081 2829 1179 2871 jubet
1186 2830 1347 2872 Scaliger.
1358 2831 1411 2862 Cf.
1421 2834 1452 2862 2.
1462 2833 1514 2862 33.
1525 2833 1556 2868 4,
1567 2832 1608 2862 34
1618 2837 1682 2864 etc.

1020 2874 1111 2906 Erat
1124 2884 1226 2906 unus.
1249 2885 1312 2917 pro
1328 2875 1479 2917 quidam.
1525 2874 1581 2907 Sic
1597 2881 1631 2908 et
1647 2879 1684 2915 2,

974 2920 1028 2950 25,
1052 2916 1091 2949 C.
1106 2922 1138 2957 2,
1155 2920 1210 2950 27.

1018 2961 1233 3004 Perfuyerat.
1275 2962 1334 3000 Sic
1355 2962 1441 2999 boni
1454 2964 1557 2999 codd.
1575 2965 1684 3009 vulgo

968 3006 1176 3052 prosuqeme.
