1946 3261
233 187 323 230 200
649 182 735 225 DE
768 178 970 224 BELLO
1004 177 1298 222 GALLIGO.

239 311 296 356 ad
333 307 554 353 Lutetiam
591 306 675 350 iter
719 307 862 350 facere
892 304 1040 364 coepit.
1104 306 1277 356 Hostes,
1296 321 1343 349 re
1361 304 1537 364 cognita
1561 305 1617 348 ab
1646 305 1713 355 iis,

238 369 317 429 qui
355 384 382 410 a
418 366 659 410 Meloduno
698 367 1003 425 profugerant,
1057 364 1279 408 Lutetiam
1327 364 1561 407 incendunt
1609 379 1714 421 pon-

239 436 390 484 tesque
424 425 516 484 ejus
544 424 700 485 oppidi
731 423 913 469 rescindi
940 423 1127 482 jubent:
1166 424 1246 482 ipsi
1274 423 1463 482 profecti
1490 438 1515 465 a
1538 422 1715 480 palude,

237 486 283 528 in
314 483 421 542 ripis
458 484 686 544 Sequanae,
721 501 745 528 e
774 483 949 541 regione
980 482 1182 533 Lutetiae,
1204 491 1356 526 contra
1376 481 1558 525 Labieni
1577 489 1717 524 castra

239 543 492 587 considunt.v

299 602 371 645 59.
404 601 435 644 J
437 617 506 645 am
533 602 678 646 Caesar
699 618 724 645 a
744 600 966 659 Gergovia
982 599 1213 643 discessisse
1235 598 1497 642 audiebatur
1515 613 1526 640 t
1555 598 1643 657 jam
1662 597 1718 641 de

242 660 492 705 AEduorum
511 660 751 704 defectione
773 669 818 702 et
834 659 1020 702 secundo
1037 659 1191 702 Galliae
1204 667 1326 701 motu
1345 674 1539 701 rumores
1554 658 1720 700 adfere-

240 719 422 770 bantur,
447 720 653 779 Gallique
674 721 716 762 in
737 718 992 775 conloquiis,
1015 717 1300 760 interclusum
1330 717 1485 759 itinere
1506 725 1552 759 et
1574 716 1720 774 Ligeri

244 778 474 828 Caesarem,
489 779 634 837 inopia
650 778 857 821 frumenti
874 784 1089 825 coactum,
1109 776 1152 819 in
1165 776 1438 819 Provinciam
1456 775 1722 819 contendisse

242 837 574 880 confirmabant.
667 835 889 879 Bellovaci
949 843 1112 884 autem,
1171 835 1414 877 defectione
1475 834 1720 877 AEduorum

242 895 435 953 cognita,
466 895 542 951 qui
561 901 661 936 ante
682 902 806 937 erant
828 909 908 952 per
930 910 972 935 se
995 893 1203 939 infideles,
1239 909 1389 936 manus
1411 908 1566 951 cogere
1587 901 1722 950 atque

243 961 397 1012 aperte
439 952 605 995 bellum
647 969 802 1011 parare
842 960 1086 1010 coeperunt.
1169 953 1283 995 Tum
1328 951 1559 1001 Labienus,
1601 958 1723 994 tanta

242 1027 393 1056 rerum
415 1011 769 1061 commutatione,
795 1011 925 1068 longe
943 1010 1064 1053 aliud
1091 1011 1173 1055 sibi
1193 1010 1450 1070 capiendum
1482 1009 1722 1059 consilium,

241 1077 379 1129 atque
412 1078 541 1113 antea
573 1078 776 1120 senserat,
818 1069 1130 1128 intellegebat:
1164 1086 1305 1128 neque
1334 1070 1438 1127 jam,
1473 1078 1526 1112 ut
1557 1068 1720 1127 aliquid

241 1128 511 1187 adquireret,
545 1128 792 1187 proelioque
826 1128 966 1171 hostes
1007 1129 1267 1177 lacesserem
1299 1128 1373 1171 sed
1395 1137 1446 1171 ut
1466 1127 1724 1171 incolumem

244 1187 487 1230 exercitum
510 1187 784 1245 Agendicum
806 1187 1051 1237 reduceret,
1069 1188 1307 1246 cogitabat.
1362 1188 1568 1244 Namque
1588 1186 1727 1228 altera

244 1261 300 1288 ex
338 1255 465 1304 parte
504 1245 743 1294 Bellovaci,
780 1261 878 1300 quae
917 1245 1068 1288 civitas
1102 1247 1143 1288 in
1170 1247 1315 1287 Gallia
1343 1245 1574 1286 maximam
1595 1244 1729 1289 habet

245 1304 492 1362 opinionem
527 1303 719 1349 virtutis,
747 1301 991 1346 instabant;
1022 1300 1204 1342 alteram
1229 1302 1552 1358 Camulogenus
1573 1312 1726 1360 parato

244 1370 378 1417 atque
416 1360 629 1402 instructo
665 1359 858 1400 exercitu
896 1357 1102 1400 tenebat:
1143 1366 1236 1399 tum
1257 1358 1461 1415 legiones,
1481 1376 1508 1402 a
1528 1360 1727 1419 praesidio

225 1413 376 1476 ’atque
398 1416 700 1475 inpedimentis
736 1415 1006 1466 interclusas,
1040 1416 1274 1460 maximum
1296 1417 1455 1461 flumen
1476 1418 1726 1462 distinebat.

246 1475 399 1519 Tantis
447 1475 593 1518 subito
640 1474 975 1518 difficultatibus
1025 1475 1222 1534 objectis,
1280 1475 1338 1519 ab
1384 1477 1514 1520 animi
1561 1479 1728 1522 virtute

246 1535 458 1578 auxilium
480 1533 719 1592 petendum
740 1533 931 1577 videbat.

307 1593 378 1636 60.
412 1592 568 1649 Itaque
589 1593 672 1635 sub
693 1609 923 1650 vesperum
953 1593 1130 1635 consilio
1167 1602 1421 1645 convocato,
1461 1595 1729 1644 cohortatus,

251 1660 303 1694 ut
341 1667 406 1700 ea,
454 1650 859 1708 quae-imperasset,
917 1651 1150 1709 diligenter
1191 1652 1489 1711 industrieque
1530 1653 1731 1696 adminis-

251 1718 437 1759 trarent,
460 1724 604 1759 naveS,
627 1726 733 1767 quas
761 1726 787 1752 a
812 1709 1056 1753 Meloduno
1089 1710 1351 1761 deduxerat,
1390 1711 1581 1771 singulas
1612 1713 1732 1771 equi-

252 1768 372 1812 tibus
394 1767 600 1811 Romanis
621 1767 840 1811 adtribuit
869 1778 930 1818 et,
954 1769 1093 1827 prima
1125 1769 1321 1812 confecta
1342 1771 1508 1829 vigilia,
1539 1780 1730 1828 quatuor

252 1827 374 1870 milia
396 1842 600 1885 passuum
621 1827 808 1870 secundo
840 1827 1012 1870 flumine
1051 1828 1258 1886 progredi
1296 1825 1467 1873 silentio
1506 1830 1656 1887 ibique
1687 1847 1731 1873 se

253 1885 499 1944 exspectari
525 1885 666 1943 jubet.
732 1885 936 1945 Quinque
959 1886 1171 1936 cohortes,
1194 1903 1301 1944 quas
1322 1889 1494 1931 minime
1515 1888 1658 1931 firmas
1678 1888 1734 1932 ad

255 1943 550 1988 dimicandum
598 1961 685 1987 esse
721 1945 1011 1994 existimabat,
1055 1946 1203 1988 castris
1253 1947 1450 2004 praesidio
1491 1947 1732 2004 relinquit:

253 2002 450 2062 quinque
486 2002 675 2060 ejusdem
712 2003 891 2062 legionis
924 2004 1111 2062 reliquas
1135 2004 1189 2047 de
1211 2005 1355 2048 media
1376 2014 1503 2049 nocte
1525 2022 1622 2049 cum
1645 2022 1732 2049 om-

255 2062 385 2105 nibus
406 2059 713 2120 inpedimentis
733 2063 913 2106 adverso
930 2063 1104 2106 flumine
1123 2079 1281 2121 magno
1304 2065 1499 2107 tumultu
1520 2063 1734 2124 proficisci

257 2120 460 2178 imperat.
525 2121 758 2178 Conquirit
779 2121 908 2164 etiam
937 2122 1110 2165 lintres:
1145 2122 1234 2172 has,
1257 2139 1413 2166 maeno
1433 2124 1577 2167 sonitu
1596 2139 1734 2167 remo-

256 2194 357 2221 rum
395 2178 609 2229 incitatas,
640 2181 682 2222 in
705 2181 897 2223 eamdem
921 2189 1091 2239 partem
1109 2181 1262 2225 mittit.
1324 2160 1422 2240 fpse
1446 2191 1545 2240 post
1566 2183 1734 2241 paullo,

256 2236 429 2280 silentio
448 2253 657 2294 egressus,
679 2255 778 2281 cum
800 2240 941 2283 tribus
963 2240 1208 2298 legionibus
1226 2256 1323 2284 eum
1340 2241 1484 2285 locum
1497 2243 1625 2300 petit,
1644 2257 1733 2300 quo

257 2311 387 2339 naves
406 2295 569 2354 adpelli
586 2297 786 2354 jusserat.

319 2354 389 2397 61.
442 2355 510 2398 Eo
551 2371 686 2412 quum
727 2365 835 2400 esset
876 2367 1070 2408 ventum,
1112 2357 1409 2417 exploratores
1448 2357 1652 2406 hostium,
1685 2366 1735 2400 ut

260 2413 378 2456 omni
409 2413 594 2456 fluminis
613 2423 738 2472 parte
760 2426 880 2459 erant
903 2417 1116 2475 dispositi,
1140 2417 1425 2475 inopinantes,
1443 2416 1564 2476 quod
1581 2431 1736 2474 magna

260 2471 409 2515 subito
438 2480 534 2514 erat
562 2482 713 2515 coorta
742 2482 988 2533 tempestas,
1020 2477 1077 2519 ab
1109 2476 1264 2518 nostris
1295 2476 1631 2534 obprimuntur:
1666 2490 1737 2517 ex-

257 2530 419 2573 ercitus
451 2530 777 2589 equitatusque,
814 2534 1034 2592 equitibus
1072 2535 1275 2578 Romanis
1315 2533 1735 2584 administrantibus,

309 2606 511 2639 lucendum.
533 2606 594 2638 alii
611 2608 756 2640 incendi.
1081 2612 1232 2643 Consilio.
1250 2611 1340 2643 male
1354 2611 1415 2643 alii
1432 2613 1576 2644 concilio.

311 2651 455 2691 Profecti
471 2662 490 2681 η
504 2651 641 2693 palude.
687 2651 893 2684 Ciaeconius
916 2653 965 2685 in-
1080 2657 1122 2686 Se
1137 2659 1334 2696 exspectari.
1371 2656 1495 2688 Clarke
1512 2655 1585 2687 vult
1599 2664 1734 2696 exspec-

263 2693 405 2736 geniose
421 2694 521 2726 dabat
532 2697 679 2736 protecti.
1033 2704 1115 2732 tare.
1160 2699 1236 2730 Non
1251 2710 1351 2741 opus.

312 2739 408 2770 Motu
420 2739 577 2778 secundo,
589 2739 647 2780 qui
665 2751 827 2782 prospere
837 2752 968 2773 succcs-
1083 2744 1254 2775 Erercitus
1291 2743 1455 2785 (pedites)
1495 2744 1735 2784 equitatumque.

266 2789 363 2813 serat.
388 2782 526 2814 Monuit
542 2783 790 2816 Hotomannus.
816 2786 865 2816 M.
1037 2788 1086 2818 M.
1132 2787 1186 2818 Sic
1203 2790 1366 2819 exercitus
1384 2799 1443 2830 pro
1462 2788 1611 2829 peditatu
1631 2786 1733 2818 etiam

316 2826 440 2858 Itinere
463 2831 495 2858 et
519 2826 642 2868 Liyeri,
669 2828 809 2860 transitu
826 2829 968 2869 Ligeris.
1035 2832 1074 2862 C.
1094 2834 1124 2869 3,
1143 2833 1197 2861 38.
1242 2831 1295 2862 Sic
1322 2831 1389 2863 sere
1413 2839 1448 2863 et
1469 2830 1572 2862 Silius
1591 2831 1640 2865 13.
1658 2832 1734 2862 308.

267 2868 310 2899 Μ
1037 2873 1147 2906 Simili
1201 2877 1303 2907 modo
1350 2877 1471 2908 milites
1516 2874 1735 2915 obponuntur

317 2913 382 2947 Qui
395 2919 470 2944 aneo
483 2920 590 2945 eram.
607 2915 667 2947 alii
683 2919 762 2957 quia
776 2923 864 2957 ante,
881 2918 967 2950 unde
1036 2918 1206 2959 equitibus
1230 2924 1262 2957 5,
1291 2921 1340 2951 10.
1391 2920 1430 2952 C.
1456 2923 1487 2958 2,
1511 2920 1564 2952 41.
1586 2917 1734 2961 itemque

269 2955 432 2989 Heinsius
447 2957 586 3000 conjicit
603 2963 745 3002 quiJ‘am
762 2966 850 2995 ante.
1037 2964 1185 2996 homines
1198 2962 1238 2996 C.
1255 2966 1286 3003 2,
1305 2965 1358 2995 39.

1918 825 1926 875 -a—
