1946 3261
691 147 808 194 LIB.
841 148 925 194 III.
966 150 1128 195 'CAR
1160 151 1349 195 20-22,
1702 154 1758 198 73

336 274 407 315 21.
445 273 692 333 Pugnatum
719 284 784 318 est
805 276 880 319 diu
903 285 1034 334 atque
1054 277 1230 327 acriter,
1253 294 1386 335 quum
1406 276 1611 327 Sotiates,
1633 292 1756 335 supe-

277 331 465 376 rioribus
484 335 676 377 victoriis
699 335 815 385 freti,
850 336 893 378 in
914 352 990 378 sua
1017 335 1185 378 virtute
1209 337 1342 379 totius
1363 336 1610 394 Aquitaniae
1643 336 1755 379 salu-

276 399 362 434 tem
381 390 566 450 positam
594 403 823 452 putarent;
856 395 989 437 nostri
1009 402 1170 442 autem,
1207 395 1281 451 qui
1305 396 1394 438 sine
1421 396 1689 455 Imperatore
1711 403 1758 438 et

274 450 363 493 sine
385 451 562 518 reliquis
581 452 840 511 legionibus,
869 452 1192 496 adolescentulo
1220 453 1348 503 duce,
1380 456 1548 498 efficere
1565 462 1755 512 possent,

273 524 457 568 perspici
497 521 725 568 cuperent:
760 521 904 555 tamen
937 511 1123 554 confecti
1159 511 1411 555 vulneribus
1449 513 1590 556 hostes
1628 521 1758 572 terga.

273 577 457 610 vertere.

539 570 734 618 Quorum
775 587 933 629 magno
974 585 1150 613 numero
1191 569 1439 620 interfecto,
1484 573 1663 614 Crassus
1700 588 1755 615 ex

271 625 425 668 itinere
447 627 654 685 oppidum
681 630 900 672 Sotiatum
917 630 1175 687 obpugnare
1203 645 1268 671 coe
1303 629 1350 671 it.
1387 630 1554 679 Quibus
1579 630 1756 674 fortiter

272 686 585 736 resistentibus,
634 687 781 730 vineas
823 697 1062 746 turresque
1088 688 1193 746 egit.

1283 688 1346 738 lli,
1384 688 1490 731 alias
1529 690 1756 746 eruptione

270 751 455 794 tentata,
473 745 580 788 alias
595 746 801 789 cuniculis
829 747 884 789 ad
906 762 1111 805 aggerem
1129 762 1359 805 vlneasque
1379 747 1501 797 actis,
1533 748 1669 803 (cujus
1690 748 1755 791 rei

269 812 369 846 sunt
391 803 519 863 longe
550 805 795 863 peritissimi
831 805 1057 864 Aquitani,
1091 814 1326 864 propterea
1347 805 1464 863 quod
1488 806 1634 849 multis
1652 806 1756 849 locis

270 861 389 920 apud
429 879 500 906 eos
535 864 697 907 aerariae
729 874 907 908 secturae
946 867 1081 921 sunt‚)
1131 865 1205 907 ubi
1249 864 1478 922 diligentia
1510 873 1756 908 nostrorum

268 920 374 964 nihil
391 921 454 964 his
476 923 604 965 rebus
627 922 778 980 profici
801 940 921 981 posse
940 923 1263 973 intellexerunt,
1287 920 1454 981 legatos
1470 924 1527 967 ad
1551 924 1757 966 Crassum

267 980 449 1024 mittunt
469 997 598 1038 seque
620 981 662 1023 in
684 982 953 1025 deditionem
975 990 1024 1024 ut
1045 982 1241 1040 recipiat,
1275 992 1445 1040 petunt.
1512 984 1610 1032 Qua
1627 998 1672 1024 re
1694 982 1754 1025 iu·

266 1048 458 1098 petram,
478 1056 599 1082 arma
619 1040 795 1083 tradere
814 1041 930 1099 jussi,
952 1040 1129 1084 faciunt.

325 1099 396 1140 22.
432 1101 579 1157 Atque
600 1099 643 1142 in
659 1116 710 1142 ea
732 1116 778 1142 re
797 1100 986 1142 omnium
1010 1110 1255 1143 nostrorum
1283 1099 1458 1142 intentis
1475 1099 1642 1149 animis,
1668 1100 1756 1142 alia.

267 1173 320 1199 ex
345 1167 472 1216 parte
489 1158 640 1216 oppidi
670 1159 1026 1208 Adcantuannus‚
1050 1160 1124 1216 qui
1144 1176 1351 1202 summam
1372 1159 1540 1217 imperii
1559 1160 1756 1208 tenebat,

265 1232 362 1260 cum
377 1218 586 1260 sexcentis
603 1217 789 1268 devotis,
806 1234 913 1277 quos
930 1218 993 1261 illi
1012 1218 1224 1262 soldurios
1240 1218 1481 1278 adpellant,
1501 1219 1550 1274 (⁶⁶
1569 1234 1757 1276 quorum

317 1370 445 1402 Tamen
472 1370 614 1411 confectc'.
660 1369 810 1411 Scaliger
838 1370 974 1401 tandem.

265 1419 390 1446 tamem.
404 1415 505 1445 male.
518 1415 654 1446 scilicet
665 1416 765 1446 codd.
775 1413 835 1446 alii
848 1414 974 1445 liabent

263 1459 423 1498 tand9m3
449 1459 510 1490 alii
525 1465 652 1491 tamen.

314 1504 493 1535 Senatum.
541 1503 575 1534 ln
594 1503 749 1544 pluribus
765 1503 862 1534 codd.
887 1502 974 1540 logi-

266 1551 319 1578 tur
350 1547 616 1578 Samiorum-sic
646 1553 679 1577 et
709 1546 766 1577 Gr.
801 1547 971 1577 Σοντιαίτων.

267 1592 326 1622 Ast
349 1589 459 1622 verior
476 1591 580 1622 lectio
608 1593 784 1622 Sotiatum.
843 1589 973 1620 Plinius

264 1635 309 1666 H.
327 1634 369 1665 N.
388 1637 419 1673 4,
440 1637 489 1666 19.
505 1635 591 1673 (33).
608 1634 712 1666 habet
729 1635 880 1666 Sottiates
897 1639 975 1675 post

264 1679 433 1710 Elusates.
466 1679 610 1710 Nicolao
645 1678 855 1710 Damasceno
881 1678 973 1719 apud

262 1723 389 1755 Athen.
408 1725 439 1762 G,
462 1722 678 1755 13.dicuntur
691 1722 836 1753 >lm-iuml.
861 1721 973 1764 Oppi-

262 1767 341 1798 dum
357 1767 469 1807 gcntis
482 1773 631 1799 remanet
647 1767 816 1808 hodieque
839 1766 871 1797 in
890 1766 973 1797 urbe

266 1813 335 1846 So-v.
346 1811 460 1852 judice
472 1812 658 1844 Oilienarto
675 1811 705 1842 in
719 1811 796 1842 Not.
827 1810 972 1842 Vascon.

263 1866 296 1896 p.
314 1858 390 1887 446.
417 1862 451 1888 et
470 1856 608 1888 Valesio
627 1857 659 1887 in
679 1856 758 1886 Not.
774 1854 973 1886 Galliarum.

261 1899 380 1932 Medio
406 1911 480 1932 aevo
501 1900 679 1932 dicebatur
710 1902 800 1932 Satin
830 1900 884 1931 vel
914 1901 974 1929 Sn-

260 1947 356 1975 tr'mn.
404 1946 438 1976 ln
468 1945 543 1976 ltin.
570 1944 729 1977 Antonini
759 1955 864 1985 prope
892 1944 974 1975 Elu-

263 1999 333 2020 sam
363 1989 510 2021 occurrit
540 1991 705 2027 Sentium,
731 1988 814 2019 vitio
842 1987 972 2020 librari-

262 2043 382 2072 orum;
416 2033 464 2065 sic
493 2033 673 2065 D‘Anville
701 2033 731 2064 in
759 2033 838 2064 Not.
869 2034 911 2063 de
942 2033 973 2063 la

261 2076 368 2108 Gaule
385 2089 418 2119 p.
434 2080 510 2108 613.
556 2077 625 2109 Dio
643 2079 695 2117 39,
712 2080 766 2109 46.
784 2087 844 2119 pro
863 2079 971 2109 Socia-

258 2122 345 2153 ll'bus
362 2121 465 2154 habet
480 2122 639 2156 Ἀτιοίταις.

311 2167 402 2197 Alias
431 2170 614 2208 eruptione,
658 2168 752 2208 prius
785 2166 851 2197 hoc
885 2167 972 2197 alias·

261 2210 356 2242 deest
373 2210 404 2242 in
421 2212 521 2242 codd.
537 2211 740 2252 quibusdam
759 2216 793 2241 et
806 2211 882 2242 edd.
904 2210 972 2251 pri-

261 2253 336 2294 mis,
353 2261 390 2286 ut
405 2257 465 2288 aliz·
485 2257 513 2294 l,
530 2258 560 2286 8.
587 2259 618 2293 3,
632 2259 687 2286 25.

313 2300 501 2341 Vineasque
526 2302 621 2332 actae.
661 2301 686 2331 I.
715 2299 755 2330 C.
783 2299 826 2330 H.
851 2308 970 2329 vocem

260 2348 462 2382 nostrorum,
477 2355 554 2386 quae
577 2350 651 2386 post
666 2345 837 2381 aliliqensia
855 2353 956 2373 occur

262 2387 317 2425 rit,
344 2398 516 2429 perperam
541 2399 583 2420 eo
609 2389 766 2430 rejectam
786 2392 893 2428 putat,
920 2387 971 2418 lo-

262 2432 402 2463 candam
432 2438 508 2474 post
534 2437 728 2475 vineasque,
759 2438 831 2463 tum
856 2431 971 2472 legen·

262 2475 342 2506 dum
358 2476 531 2519 diligentia
547 2488 623 2508 sua.

311 2521 468 2552 Sectam.
515 2520 672 2558 Quilibet
700 2519 804 2558 videt,
839 2518 971 2551 fodinas

262 2563 395 2596 aerarias
423 2563 591 2606 intelligi3
614 2566 671 2597 sed
687 2576 795 2606 neque
817 2565 969 2605 adparet,

229 2624 234 2625 ⁷
262 2618 321 2640 cur
335 2608 388 2639 llae
404 2607 561 2640 dicanlur
575 2615 726 2642 seclltrae.
736 2615 769 2640 et
782 2614 870 2640 recte
880 2607 970 2640 desl-

261 2653 355 2684 derat
374 2652 516 2684 Vossius
527 2654 682 2695 exempla
696 2653 859 2685 similium
878 2652 972 2684 loco-

264 2707 351 2729 rum.
399 2697 504 2738 Ergo,
526 2702 564 2728 ut
589 2697 622 2728 in
644 2708 678 2728 re
694 2697 838 2731 incerta.
861 2697 972 2728 varias

262 2740 423 2773 lectionis
445 2741 628 2783 adscripsi:
653 2748 705 2773 est
737 2741 770 2772 in
801 2741 970 2783 plerisque

261 2786 360 2818 codd.
374 2791 591 2827 secturaeque,
603 2785 635 2817 in
649 2785 727 2817 aliis
740 2785 864 2827 passim
879 2788 971 2818 scric-

261 2835 365 2868 turae,
394 2835 582 2869 scmccturoe,
608 2840 808 2871 securoeque,
829 2835 972 2862 saeurae-

261 2885 338 2917 que.
384 2873 511 2912 Quidni
540 2884 619 2905 vero
649 2874 773 2906 aerariae
799 2879 971 2906 structurae

262 2919 429 2960 dicantur,
454 2925 490 2954 ut
512 2929 534 2951 a
554 2918 676 2953 nostris
700 2919 762 2953 der
784 2919 972 2960 Berqbau?

1043 1369 1130 1408 Quae
1146 1371 1188 1401 ad
1208 1369 1437 1401 illustrandam
1456 1369 1637 1402 lectionem
1660 1372 1753 1403 seric-

1039 1419 1125 1445 turae
1151 1420 1459 1446 commemorantur
1490 1426 1509 1444 e
1541 1414 1630 1446 Plin.
1648 1415 1691 1445 H.
1709 1415 1755 1445 N.

1044 1461 1097 1493 31,
1118 1460 1167 1495 Η,
1184 1460 1237 1489 41.
1252 1463 1310 1488 aut
1326 1457 1457 1496 Virgilii
1477 1459 1553 1490 AEn.
1571 1461 1604 1496 8,
1621 1461 1696 1489 420.
1712 1468 1754 1489 ea

1042 1508 1117 1533 sunt
1133 1503 1177 1534 ab
1194 1503 1257 1533 hoe
1275 1502 1352 1532 loco
1367 1501 1587 1533 alienissima.
1613 1502 1662 1533 M.
1700 1502 1751 1533 ln-

1041 1546 1089 1577 sra
1117 1549 1148 1581 7.
1177 1550 1230 1577 ¹2¹2.
1257 1545 1460 1586 simpliciter
1486 1551 1662 1577 occurrunt
1680 1545 1752 1586 fer-

1040 1592 1155 1627 rarice,
1183 1589 1312 1620 omisso
1337 1590 1558 1621 substantivo.
1585 1590 1608 1620 Ι.
1635 1589 1674 1620 C.
1704 1590 1752 1621 H.

1043 1633 1219 1665 substituit
1239 1633 1376 1673 fhclinae,
1403 1644 1444 1664 ex
1460 1644 1525 1674 qua
1542 1643 1627 1664 voce
1643 1633 1754 1674 negli-

1039 1684 1156 1717 genter
1171 1676 1299 1718 scripta
1323 1683 1356 1708 et
1383 1678 1469 1709 male
1485 1678 1573 1709 lecta
1594 1676 1753 1709 librarius

1038 1722 1115 1763 quis
1132 1721 1248 1753 fecerit
1262 1727 1408 1753 secturoe.

1089 1767 1357 1797 Adcanrmmnus
1376 1791 1382 1797 .
1430 1766 1545 1798 Variat
1568 1766 1667 1808 hujus
1690 1777 1751 1797 vo-

1040 1810 1156 1841 cabuli
1184 1810 1351 1851 scriptura
1375 1817 1562 1852 tantopere,
1593 1816 1630 1841 ut
1658 1811 1752 1842 nulla

1041 1855 1144 1886 lectio
1161 1862 1252 1887 certa
1268 1853 1336 1884 dici
1351 1855 1455 1896 possit
1471 1867 1478 1886 :
1503 1854 1750 1897 legiturautem

1044 1900 1247 1938 Adiatunus,
1283 1899 1503 1937 Athamana-e,
1539 1900 1750 1937 Azlintomux,

1041 1945 1268 1979 Adiaeerinm,
1279 1941 1498 1981 Ἀδιιοντούϊνος,
1508 1949 1541 1974 et
1555 1942 1632 1974 aliis
1642 1942 1752 1974 modis

1041 1989 1091 2019 M.
1117 1989 1214 2029 Apud
1234 1986 1356 2020 Athen.
1374 1989 1382 2019 l
1413 1999 1443 2019 c.
1458 1998 1499 2018 ex
1521 1987 1664 2018 Nicolao
1683 1988 1750 2019 Da-

1040 2043 1144 2064 masc.
1172 2033 1296 2064 dicitur
1312 2031 1498 2071 Ἀδιάτομος.
1523 2032 1613 2072 quod
1653 2030 1749 2063 Clar-

1039 2076 1134 2108 kium
1164 2077 1250 2108 bene
1274 2076 1447 2119 recepisse
1464 2076 1576 2107 credo.
1623 2075 1747 2107 Forsan

1040 2127 1151 2153 tamen
1168 2132 1284 2152 verum
1300 2131 1422 2153 nomen
1439 2120 1549 2162 reguli
1566 2127 1674 2151 servat
1688 2130 1750 2151 nu-

1038 2176 1126 2201 mus,
1139 2176 1240 2206 quem
1254 2165 1393 2207 protulit
1409 2163 1608 2197 Pellerinius
1625 2164 1708 2196 Rec.
1724 2165 1748 2197 1.

1041 2220 1073 2251 p.
1090 2214 1142 2241 32.
1167 2209 1302 2250 Legitur
1325 2210 1372 2242 ibi
1394 2219 1466 2240 um·
1487 2214 1748 2240 AALm-vnxvs.

1037 2253 1070 2285 in
1093 2264 1169 2285 area
1194 2261 1298 2296 caput
1322 2253 1442 2292 leonis,
1460 2253 1492 2285 in
1511 2259 1602 2295 parte
1626 2264 1748 2285 aversa

1040 2308 1218 2333 sormGA.
1239 2300 1331 2341 quod
1369 2298 1501 2329 videtur
1531 2299 1575 2329 ad
1607 2299 1748 2329 Sotiates

1037 2343 1263 2374 referendum.
1309 2342 1361 2374 Cf.
1378 2349 1412 2374 et
1429 2342 1561 2374 Eckhel
1580 2341 1620 2372 D.
1640 2342 1680 2372 N.
1703 2341 1745 2372 V.

1036 2387 1106 2419 vol.
1128 2389 1155 2419 l.
1173 2398 1206 2429 p.
1221 2390 1275 2419 77.
1300 2388 1324 2419 1.
1337 2387 1376 2419 C.
1394 2388 1439 2418 H.
1456 2387 1637 2429 legendum
1650 2390 1748 2426 putat

1036 2432 1314 2464 Adiantunnmw.

1084 2477 1266 2508 Soldeere'os.
1316 2475 1501 2517 Perspicua
1527 2474 1664 2515 quidem
1694 2478 1747 2504 est

1037 2520 1159 2552 horum
1176 2520 1358 2562 descriptio
1376 2520 1408 2551 in
1427 2521 1461 2551 li.
1478 2520 1499 2550 l.
1537 2518 1620 2550 Illud
1632 2523 1744 2548 tamen

1034 2566 1250 2607 quaerendum
1267 2571 1330 2604 est,
1350 2566 1391 2596 ad
1404 2564 1495 2605 quod
1511 2572 1616 2600 genus
1633 2560 1746 2592 homi-

1037 2619 1117 2640 num
1145 2609 1309 2641 referendi
1339 2608 1405 2640 sint
1432 2607 1466 2638 hi
1495 2605 1632 2637 devoti:
1665 2615 1744 2636 nam

1035 2654 1181 2685 devotos
1206 2654 1321 2692 fuisse,
1347 2658 1399 2684 est
1420 2650 1564 2692 aliquid,
1590 2650 1679 2690 quod
1701 2650 1745 2680 de

1040 2697 1082 2729 iis
1107 2698 1180 2729 dici
1210 2703 1342 2739 potest:
1366 2706 1431 2728 non
1454 2700 1566 2726 autem
1587 2693 1746 2725 exhaurit

1038 2753 1175 2773 omnem
1190 2753 1274 2773 rem.
1322 2740 1527 2772 Wachterus
1551 2738 1584 2769 in
1598 2738 1742 2779 glossar.

1038 2786 1194 2818 German.
1210 2793 1245 2817 et
1262 2784 1412 2816 Ritterus
1440 2783 1472 2814 in
1500 2781 1640 2814 historia
1664 2781 1745 2814 Gal-

1039 2831 1147 2861 lorum
1185 2842 1219 2871 p.
1246 2832 1305 2860 221
1341 2828 1547 2865 existimant,
1573 2826 1745 2858 soldurios

1038 2875 1102 2906 hos
1127 2874 1213 2906 nihil
1237 2872 1371 2905 differre
1406 2873 1451 2904 ab
1485 2869 1664 2909 ambactis,
1702 2872 1745 2902 de

1037 2920 1164 2962 quibus
1189 2919 1300 2951 Caesar
1337 2917 1423 2951 infra
1445 2918 1495 2958 (6,
1526 2916 1581 2957 15)
1610 2915 1745 2955 locutus
