1946 3261
270 378 433 412 terram
461 369 594 420 atque
627 357 788 412 inanes,
811 369 1003 419 quatuor
1027 377 1079 402 ex
1100 359 1164 403 his
1185 359 1384 410 abduxit,
1409 359 1597 417 reliquas
1617 361 1754 405 incen-

272 427 353 468 dit.
418 421 517 464 Hoc
548 420 747 463 confecto
780 420 973 477 negotio,
1010 420 1068 461 D.
1103 419 1285 461 Laelium
1317 419 1373 461 ab
1407 419 1596 461 Asiatica
1629 419 1758 463 classe

271 483 513 526 abductum
546 479 742 537 reliquit,
778 479 853 537 qui
887 487 1146 521 commeatus
1181 478 1355 520 Bullide
1388 487 1520 534 atque
1555 478 1758 521 Amantia

273 540 489 600 inportari
521 538 564 581 in
596 537 812 597 oppidum
845 537 1132 596 prohibebat:
1168 537 1276 595 ipse,
1314 536 1483 578 Lissum
1519 537 1755 594 profectus,

273 616 401 643 naves
423 598 638 642 onerarias
656 597 852 655 triginta,
875 612 901 638 a
925 596 991 638 M.
1017 595 1210 638 Antonio
1232 595 1418 646 relictas,
1440 595 1554 637 intra
1581 604 1759 653 portum

272 659 501 717 adgressus
522 672 666 700 omnes
687 655 897 698 incendit:
936 654 1102 696 Lissum
1122 670 1371 712 expugnare
1391 662 1585 704 conatus,
1617 653 1762 696 defen-

273 717 477 761 dentibus
507 715 674 758 civibus
705 714 926 764 Romanis,
961 714 1037 771 qui
1071 714 1160 770 ejus
1183 721 1419 755 conventus
1441 720 1580 763 erant,
1616 712 1763 755 militi-

273 777 460 834 busque,
481 791 591 833 quos
611 772 796 833 praesidii
811 788 956 815 caussa
970 773 1145 814 miserat
1160 772 1318 822 Caesar,
1339 771 1532 813 triduum
1551 779 1760 822 moratus,

274 835 424 894 paucis
444 835 487 877 in
509 832 835 892 obpugnatione
852 830 1024 880 amissis,
1046 846 1092 872 re
1112 829 1288 879 infecta,
1310 829 1407 871 inde
1429 828 1633 872 discessit.

331 895 405 936 41.
440 893 601 943 Caesar,
631 899 862 950 postquam
886 888 1141 945 Pompeium
1160 887 1214 929 ad
1243 887 1534 945 Asparagium
1555 904 1641 930 esse
1663 905 1763 946 cog-

274 953 415 1004 novit,
446 952 596 995 eodem
624 966 723 992 cum
753 948 945 991 exercitu
980 945 1218 1004 profectus,
1260 955 1511 1003 expugnato
1537 945 1579 987 in
1609 947 1763 990 itinere

271 1011 437 1070 oppido
470 1007 792 1056 Parthinorum,
827 1006 868 1046 in
903 1021 992 1063 quo
1028 1004 1259 1062 Pompeius
1287 1003 1534 1062 praesidium
1553 1003 1758 1058 habebat,

275 1070 410 1112 tertio
441 1069 508 1112 die
540 1068 584 1109 in
619 1063 922 1107 Macedoniam
950 1062 1007 1105 ad
1041 1062 1297 1120 Pompeium
1319 1064 1532 1120 pervenit,
1551 1064 1764 1122 juxtaque

273 1144 374 1171 eum
395 1134 534 1170 castra
557 1123 702 1182 posuit
738 1131 783 1165 et
811 1122 1034 1181 postridie,
1069 1121 1234 1163 eductis
1268 1121 1467 1164 omnibus
1489 1123 1640 1180 copiis,
1672 1123 1763 1165 acie

274 1187 504 1235 instructa,
535 1182 793 1225 decernendi
824 1190 1087 1240 potestatem
1120 1180 1326 1238 Pompeio
1351 1180 1467 1222 fecit.
1522 1181 1614 1224 Ubi
1636 1181 1760 1224 illum

273 1245 360 1287 suis
379 1243 482 1286 locis
509 1258 553 1284 se
586 1250 733 1284 tenere
754 1241 944 1284 animum
965 1239 1172 1289 advertit,
1202 1239 1384 1281 reducto
1407 1240 1449 1280 in
1469 1247 1610 1280 castra
1643 1256 1762 1282 exer-

273 1304 380 1353 citu,
419 1299 540 1344 aliud
581 1300 662 1343 sibi
703 1299 926 1343 consilium
969 1298 1223 1356 capiendum
1258 1297 1530 1339 existimavit.
1606 1298 1763 1358 Itaque

272 1369 449 1420 postero
479 1359 549 1401 die
569 1358 766 1401 omnibus
795 1358 943 1416 copiis,
963 1372 1120 1414 magno
1141 1356 1340 1407 circuitu,
1373 1356 1536 1399 difficili
1561 1367 1763 1415 angusto-

273 1436 359 1478 que
379 1419 550 1469 itinere‚
584 1416 901 1476 Dyrrhachium
923 1416 1146 1475 profectus
1165 1424 1243 1465 est,
1277 1430 1467 1472 sperans,
1505 1415 1763 1474 Pompeium

275 1486 353 1521 aut
374 1476 695 1537 Dyrrhachium
717 1475 936 1534 compelli,
959 1483 1036 1517 aut
1053 1475 1110 1516 ab
1137 1490 1188 1516 eo
1211 1473 1440 1516 intercludi
1471 1490 1610 1532 posse,
1644 1475 1762 1532 quod

274 1552 444 1580 omnem
475 1544 760 1579 commeatum
795 1535 1014 1592 totiusque
1047 1533 1149 1576 belli
1183 1533 1440 1591 adparatum
1472 1536 1505 1575 is
1539 1549 1590 1575 eo
1611 1542 1761 1577 contu-

273 1595 418 1638 lisset:
452 1603 503 1637 ut
524 1594 692 1637 accidit.
757 1594 986 1652 Pompeius
1008 1592 1134 1642 enim,
1168 1591 1310 1658 primo
1332 1591 1534 1649 ignorans
1553 1591 1643 1650 ejus
1663 1608 1761 1635 con-

276 1654 436 1704 silium,
461 1653 580 1710 quod
601 1653 771 1695 diverso
794 1653 851 1695 ab
870 1668 918 1694 ea
941 1652 1115 1708 regione
1130 1651 1283 1693 itlnere
1303 1651 1548 1707 profectum
1570 1650 1764 1702 videbat,

274 1712 484 1769 angustiis
508 1711 570 1753 rei
593 1711 885 1753 frumentariae
914 1709 1183 1767 compulsum
1205 1708 1435 1751 discessisse
1461 1708 1761 1752 existimabat:

275 1778 444 1828 postea,
484 1783 561 1825 per
598 1769 894 1824 exploratores
929 1769 1089 1810 certior
1126 1769 1282 1817 factus,
1316 1776 1490 1824 postero
1521 1767 1590 1809 die
1622 1777 1763 1810 castra

275 1827 428 1875 movit,
458 1824 659 1868 breviore
688 1825 841 1867 itinere
867 1841 909 1867 se
931 1841 1157 1867 occurrere
1176 1825 1213 1865 ei
1238 1841 1357 1881 posse
1379 1841 1566 1882 sperans.
1631 1827 1763 1876 Quod

275 1885 368 1928 fore
388 1884 630 1942 suspicatus
660 1883 803 1926 Caesar
832 1883 1072 1939 militesque
1099 1882 1369 1933 adhortatus,
1404 1892 1453 1925 ut
1475 1900 1599 1940 aequo
1619 1885 1760 1928 animo

277 1944 473 1987 laborem
493 1942 675 1993 ferrent,
699 1958 834 2000 parva
856 1950 984 1999 parte
1005 1941 1142 1982 noctis
1164 1940 1317 1983 itinere
1347 1941 1600 1993 intermisso,
1634 1959 1760 1986 mane

1055 2049 1170 2080 Laetns
1212 2049 1244 2078 d.
1279 2048 1300 2079 1.
1333 2055 1363 2079 vt
1395 2049 1563 2082 Gesnerus
1594 2052 1626 2084 in
1653 2054 1758 2088 Thes.

1056 2094 1094 2125 L.
1123 2093 1162 2124 L.
1207 2099 1281 2133 post
1320 2093 1483 2125 Budaeum
1534 2098 1760 2132 ostenderunt.

1056 2137 1223 2178 Equidem
1241 2136 1320 2167 talia
1332 2137 1489 2169 dirimere
1504 2149 1570 2171 non
1598 2143 1758 2183 sustineo,

1057 2181 1239 2222 pra-sertim
1256 2191 1334 2211 cum
1360 2181 1555 2223 hujusmodi
1583 2187 1759 2219 machina-

285 2053 440 2085 Jurinius
474 2053 563 2084 hunc
603 2052 717 2083 locum
756 2051 801 2083 ita
828 2053 961 2094 refingit
979 2066 986 2084 ε

288 2098 376 2130 Εοιῑ.
392 2103 414 2129 t.
428 2107 468 2128 ea:
482 2108 515 2128 α.
529 2109 563 2139 p.
579 2106 649 2137 qua
660 2097 758 2127 moles
773 2099 880 2128 tenuis
891 2104 991 2130 natu-

287 2142 370 2173 ralis
384 2142 506 2180 objecta
514 2153 549 2182 ρ.
566 2142 588 2171 i.
606 2152 656 2181 op.
673 2140 723 2180 ‘ff-
738 2141 802 2172 JV.
818 2141 848 2171 b.
862 2151 889 2172 s.
905 2152 948 2172 sc.
966 2146 987 2172 i.

283 2196 316 2217 υ.
333 2186 368 2215 in
382 2186 444 2216 int.
455 2184 798 2225 pov-cumtransdaetvit.
842 2185 890 2216 De
907 2185 990 2217 intc-

285 2228 374 2261 tiore
405 2233 501 2267 portu
529 2237 606 2258 mox
633 2238 662 2258 c.
682 2229 734 2258 39.
785 2229 861 2259 Duo
888 2229 990 2261 fuisse

288 2276 385 2314 putat
401 2270 564 2302 Jurinius.

338 2316 492 2347 Scucucas
519 2314 714 2355 interpretes
744 2316 894 2357 plerique
928 2329 989 2359 pu-

290 2365 362 2392 tant
388 2369 460 2390 esse
488 2359 661 2399 periungens,
691 2360 732 2389 de
760 2359 884 2400 quibus
900 2363 940 2392 ad
959 2366 991 2400 Q,

294 2406 333 2435 10
346 2402 473 2434 dictum
490 2407 551 2433 est.
572 2403 614 2433 Et
626 2403 697 2433 liaec
714 2409 763 2434 est
778 2403 993 2437 verisimilior

292 2446 457 2480 sententia
476 2445 653 2478 Turnebus
674 2448 761 2477 Adu.
788 2450 841 2481 27.
858 2451 897 2479 ‘21
927 2449 992 2491 legi

291 2490 405 2523 voluit
428 2491 560 2523 rutulis.
585 2502 612 2521 s.
637 2492 778 2527 rotulis;
801 2492 993 2525 Scliesserus

295 2537 338 2567 de
356 2534 430 2566 mil.
454 2544 531 2565 nav.
550 2536 581 2572 3,
599 2537 618 2564 3
631 2536 779 2567 sentinis.
805 2547 880 2575 qum
898 2543 993 2578 putat

294 2579 402 2617 coria,
419 2578 497 2609 oleo
516 2578 663 2615 inuncta,
678 2576 794 2616 fuisse,
805 2590 905 2620 super
917 2581 993 2622 qui-

293 2623 360 2655 bus
402 2621 535 2654 lubrico
574 2621 670 2662 lapsu
701 2628 861 2662 promotae
894 2635 994 2657 naves

296 2668 375 2699 sint.
419 2665 519 2697 Illum
534 2665 679 2697 Vossius
693 2670 725 2695 et
740 2665 852 2697 Laetus
865 2665 897 2698 iu
913 2668 994 2700 Lex.

296 2709 513 2748 Vitruviano‚
543 2709 631 2740 hunc
650 2708 810 2740 Davisius
826 2711 995 2743 refutavit.

298 2753 500 2786 Ciacconius
534 2753 653 2785 maluit
682 2755 816 2792 suculae,
851 2766 926 2795 quae
964 2762 995 2787 et

298 2798 383 2839 ipsae
407 2803 485 2829 sunt
514 2797 669 2838 cylindri,
699 2795 800 2837 lignis
827 2800 995 2831 manubrii

298 2841 376 2872 loco
390 2841 592 2873 decussatim
610 2840 766 2882 trajectis,
780 2841 907 2882 quibus
922 2844 997 2885 opi-

298 2884 380 2916 fices
397 2885 441 2916 ita
457 2890 610 2924 utuntur,
637 2889 686 2923 ut,
712 2884 791 2915 dum
808 2886 998 2926 volvuntur,

297 2927 580 2961 circumvolvatur
610 2927 700 2961 funis
729 2929 922 2963 tractorius:
964 2938 997 2963 ut

1057 2225 1164 2256 tiones
1180 2236 1220 2256 nc
1237 2225 1368 2255 definiri
1385 2226 1519 2266 quidem
1537 2228 1676 2269 possint,
1691 2230 1758 2263 nisi

1055 2269 1154 2300 ctiam
1184 2270 1225 2300 de
1251 2269 1315 2299 situ
1341 2268 1492 2301 locorum
1509 2271 1591 2302 satis
1619 2282 1759 2315 constet,

1053 2313 1115 2354 qui
1147 2324 1203 2344 eas
1234 2313 1287 2343 vel
1314 2314 1518 2345 necessarias
1547 2317 1669 2356 reddit,
1705 2320 1757 2351 vel

1052 2357 1187 2398 adjuvat
1201 2363 1247 2395 et,
1262 2357 1372 2388 oculis
1385 2358 1523 2389 demum
1546 2368 1761 2403 conspectus,

1057 2401 1194 2436 indicat.
1231 2411 1308 2441 qua*
1346 2402 1636 2435 machinationem
1685 2417 1759 2439 esse

1056 2445 1214 2487 potuerit.
1229 2451 1286 2475 aut
1301 2445 1404 2476 fuisse
1420 2445 1571 2478 videatur
1584 2448 1680 2480 ratio.
1704 2452 1756 2483 M.

1055 2488 1245 2521 Sclieflerus
1274 2495 1434 2529 provocat
1459 2491 1502 2521 ad
1531 2491 1675 2524 Dionem
1702 2496 1756 2533 50,

1061 2536 1110 2564 12.
1129 2533 1184 2563 sed
1205 2533 1236 2563 id
1255 2532 1422 2573 peculiare
1436 2534 1518 2574 quid
1536 2534 1676 2575 videtur,
1690 2547 1752 2570 nec

1057 2578 1222 2608 movenda
1239 2577 1339 2608 lectio
1356 2577 1514 2618 vulgaris.

1102 2621 1239 2653 Inanes.
1264 2619 1330 2651 Alii
1349 2631 1460 2652 naz-es.

1105 2665 1156 2696 Ad
1187 2666 1423 2706 Aspar-aylam.
1465 2664 1566 2697 Redit
1581 2669 1624 2700 ad
1646 2681 1678 2701 c.
1704 2673 1757 2703 30,

1103 2752 1273 2793 Profectus
1285 2757 1483 2794 e.rp²19nalo.
1520 2754 1586 2785 mc
1602 2757 1690 2789 male
1707 2758 1758 2789 in—

1054 2796 1251 2869 terpqsitum
1267 2802 1296 2828 e!
1314 2796 1438 2828 delevit
1454 2797 1544 2830 Oud.
1555 2802 1757 2834 auctoritate

1056 2840 1133 2870 cod(
1147 2861 1154 2868 .

1104 2883 1322 2915 Deoernemli.
1347 2884 1415 2917 Alii
1431 2885 1633 2920 decertandi.
1655 2889 1754 2922 Conf-

1060 2927 1175 2959 Burm.
1192 2927 1233 2958 ud
1247 2927 1338 2960 Suet.
1355 2930 1432 2962 Ner.
1446 2929 1500 2960 27.
