1946 3261
337 169 424 216 614
583 167 908 214 MANTISSA
941 165 1494 214 OBSERVATIONUM

397 293 597 339 Petreius
615 300 656 336 et
676 293 752 336 Cn.
770 293 878 336 Piso
898 304 994 336 oum
1014 291 1192 335 Mauris
1211 290 1309 334 circ.
1335 291 1392 334 ΙΙ
1393 291 1427 334 Ι.
1447 290 1553 335 mill.
1573 293 1796 349 adparent.

400 354 490 396 fere
512 361 563 395 ut
583 369 619 396 c.
644 351 709 394 18.

341 413 393 456 C.
422 411 486 454 17.
519 410 767 453 alternis—
782 409 983 452 tenderet.
1047 408 1186 452 Unica
1204 407 1399 451 litterula
1418 407 1589 451 sublata
1608 408 1805 453 medetur

396 468 637 512 Schnellius
667 467 767 510 huic
796 467 890 511 loco
920 467 998 510 sic:
1041 474 1092 509 ut
1120 481 1209 509 una
1232 473 1348 523 post,
1381 466 1518 509 altera
1550 474 1653 509 ante
1673 467 1805 523 signa

398 528 600 570 tenderet.
664 525 735 568 Ita
750 526 840 585 jam
859 526 995 569 vertit
1013 525 1346 568 d’Ablancourt.

341 586 391 630 C.
413 585 482 628 47.
527 584 814 642 Virgiliarum
843 585 972 640 signo
1005 583 1214 641 confecto.
1279 582 1390 625 Plin.
1414 583 1458 633 2,
1487 583 1558 624 47.
1601 582 1808 639 Virgilia-

395 659 492 687 rum
523 657 697 687 occasus
731 643 912 685 hiemem
943 641 1150 691 inchoan
1181 641 1296 699 quod
1330 649 1492 698 tempus
1520 642 1566 683 in
1588 640 1680 683 III.
1705 640 1809 684 Idus

396 701 508 746 Nov.
530 701 725 745 incidere
744 701 972 744 consuevit.
1036 699 1153 750 Quid
1175 716 1225 743 ea
1244 699 1411 742 dicendi
1431 699 1569 742 forma
1589 699 1667 743 sibi
1685 699 1807 750 velit,

393 777 448 805 ex
466 761 557 820 ejus
577 761 671 803 loco
691 761 824 803 citato
845 775 899 801 ex
919 775 955 801 c.
974 759 1044 801 41.
1069 767 1201 817 patet.
1267 759 1311 801 N
1315 774 1369 800 on
1388 767 1534 801 autem
1553 757 1622 800 hic
1642 773 1734 800 eam
1756 774 1810 801 ex

393 819 558 863 ratione
583 818 867 862 astronomica
902 817 1075 876 praecise
1105 817 1426 874 intelligendam
1455 833 1557 866 esse,
1586 816 1659 859 sed
1685 831 1808 860 sensu

394 878 549 921 latiore
582 893 662 936 pro
683 877 940 920 indicatione
972 876 1070 918 anni
1105 875 1310 933 temporis
1339 876 1427 917 sive
1447 874 1610 923 hiemis,
1641 889 1726 917 non
1744 882 1810 918 est

396 937 593 980 dubium.
646 936 701 979 V.
730 935 782 979 de
803 935 845 978 la
868 935 1015 978 Nauze
1036 933 1169 976 Mem.
1192 948 1265 976 sur
1293 934 1334 975 le
1355 932 1594 976 calendrier
1622 933 1805 976 romain.

395 994 441 1038 in
477 993 614 1040 Mem.
643 994 695 1037 de
729 994 895 1037 Z’Aoad.
917 993 990 1036 des
1012 992 1142 1035 Inser.
1178 992 1277 1035 Vol.
1302 992 1376 1042 23,
1417 999 1461 1034 et
1495 990 1738 1035 Guischard
1764 994 1808 1034 in

400 1053 537 1097 Mem.
562 1052 654 1097 crit.
687 1070 729 1111 p.
753 1052 850 1095 389.

339 1112 447 1156 Cum
464 1126 596 1155 saxea
616 1111 843 1167 grandine.
909 1109 1074 1153 Nostro
1099 1125 1190 1152 aevo
1220 1109 1264 1151 id
1294 1116 1510 1151 meteoron
1535 1123 1682 1151 rursus
1701 1107 1809 1151 cele-

396 1171 572 1214 bratum
592 1179 669 1213 est.
732 1168 783 1212 In
804 1170 909 1212 hanc
931 1184 1021 1210 rem
1048 1167 1230 1211 conferri
1261 1174 1451 1210 meretur
1473 1166 1678 1210 Relation
1706 1166 1809 1208 d'un

394 1243 559 1286 voyage
576 1229 676 1286 fait
694 1228 803 1270 dans
823 1228 864 1269 le
883 1227 1176 1284 departement
1196 1227 1247 1268 de
1266 1225 1432 1273 eorm,
1457 1239 1573 1282 pour
1597 1231 1810 1267 constater

394 1288 442 1329 la
456 1287 613 1331 realitc
631 1288 735 1329 d'un
749 1294 933 1329 meteore
949 1283 1116 1328 observ&
1137 1285 1165 1326 ἀ
1180 1284 1343 1340 l'Aigle
1359 1284 1398 1326 le
1411 1283 1436 1325 6
1442 1280 1609 1340 flor6al
1618 1284 1706 1328 An.
1722 1281 1805 1327 XI.

395 1359 479 1402 par
497 1345 546 1390 J.
569 1346 623 1388 B.
645 1344 764 1388 Biot.
789 1345 830 1387 4.
867 1343 988 1386 Paris
1009 1343 1087 1386 XI.

643 1470 729 1513 AD
763 1469 1023 1513 BELLUM
1062 1467 1503 1512 HISPANIENSE.

336 1580 389 1624 C.
415 1579 456 1622 6.
489 1578 843 1628 circumcludunt,
873 1586 955 1622 etc.
1025 1578 1243 1622 Schnellio
1276 1579 1422 1637 potior
1459 1577 1634 1622 videtur
1667 1587 1810 1622 aucto-

393 1638 693 1740 ritaleionis,
726 1653 858 1696 quam
889 1646 934 1681 et
968 1638 1100 1680 secuti
1130 1646 1229 1680 sunt
1261 1638 1396 1696 vulgo
1428 1638 1686 1696 interpretes
1714 1653 1808 1682 ver-

395 1713 506 1741 naou
527 1714 553 1740 1.

339 1757 389 1799 O.
419 1757 481 1799 12.
518 1771 648 1814 quum
681 1755 891 1806 venirent,
925 1754 1094 1810 cogniti
1124 1763 1224 1798 sunt
1260 1770 1288 1797 a
1315 1755 1407 1798 mil.
1442 1756 1520 1813 qui
1548 1762 1678 1798 antea
1712 1768 1810 1798 oum

393 1814 531 1859 Fabio
553 1822 594 1857 et
615 1814 754 1858 Pedio
765 1814 968 1872 fuerant.
1033 1813 1134 1856 Non
1153 1813 1209 1855 ad
1228 1812 1387 1855 milites
1404 1814 1618 1871 respicere
1636 1811 1810 1856 videtur

328 1894 331 1896 >
395 1873 612 1917 Schnellio
632 1888 870 1932 pronomen
891 1871 1136 1921 relativum,
1157 1872 1229 1914 sed
1250 1871 1304 1914 ad
1325 1888 1396 1915 eos
1416 1873 1490 1929 qui
1512 1879 1737 1922 venerant,
1758 1880 1808 1915 ut

386 1933 447 1975 sit
468 1947 631 1975 sensus:
665 1931 836 1988 cogniti
853 1938 953 1973 sunt
973 1945 1000 1972 a
1019 1929 1244 1982 militibus,
1266 1937 1414 1987 utpote
1437 1932 1512 1987 qui
1535 1929 1710 1986 (gnaris
1728 1930 1808 1973 mi-

393 1990 544 2033 litibus
560 1991 740 2044 nostris)
760 1996 890 2031 antea
910 2003 1005 2031 cum
1022 1988 1159 2031 Fabio
1179 1996 1218 2030 et
1236 1988 1376 2031 Pedio
1388 1987 1593 2046 fuerant.
1643 1988 1810 2032 Suadet

394 2049 508 2092 hunc
530 2064 697 2092 sensum
718 2048 1008 2101 fragmentum
1033 2063 1056 2088 e
1077 2047 1222 2089 codice
1247 2047 1425 2104 Cujacii‚
1447 2064 1470 2090 e
1487 2046 1688 2091 Goduino
1710 2048 1809 2091 sub-

390 2108 588 2167 junctum
614 2107 732 2150 bello
757 2105 1045 2165 Hispaniensi,
1070 2106 1143 2149 ubi
1165 2105 1270 2148 haec:
1306 2105 1396 2148 Per
1415 2105 1490 2148 lzos
1508 2104 1601 2148 dies
1627 2121 1655 2148 a
1673 2104 1809 2149 C'aesa-

395 2165 537 2209 rianis
558 2165 642 2208 duo
663 2165 829 2222 pedites
849 2165 969 2222 eapti
986 2171 1099 2216 sunt,
1123 2165 1200 2221 qui
1219 2179 1264 2205 se
1282 2178 1420 2206 seri-os
1441 2164 1644 2207 dicerent.
1705 2163 1806 2207 Non

394 2223 522 2267 licuit
550 2223 600 2266 in
629 2223 697 2266 lzz's
719 2223 879 2266 Caesari
908 2237 1032 2265 suam
1063 2222 1413 2266 consuetudinem
1435 2237 1614 2266 servare.
1678 2222 1808 2265 Ante-

400 2296 531 2341 quam
549 2307 607 2317 —
626 2282 851 2340 interfecti
867 2289 979 2324 sunt.

342 2343 395 2387 C.
426 2342 492 2385 13.
525 2348 566 2384 et
593 2341 697 2384 bene
725 2355 889 2397 magna
914 2339 1077 2398 prioris
1106 2340 1235 2390 muri,
1265 2347 1348 2383 etc.
1413 2337 1545 2383 Malit
1568 2338 1809 2384 Schnellius

397 2398 630 2459 propioris.

346 2461 395 2504 C.
424 2460 487 2502 17.
522 2459 599 2516 qui
618 2471 755 2516 neque
774 2458 1029 2516 —primam
1044 2458 1293 2517 fortunam,
1313 2466 1395 2501 etc.
1459 2454 1702 2500 Schnellius
1714 2457 1809 2516 pri·

402 2532 534 2560 mum.

347 2577 490 2621 (3225.
529 2590 658 2633 quum
695 2574 834 2627 nostri
867 2575 914 2617 in
950 2590 1074 2633 opere
1108 2583 1257 2625 essent,
1288 2584 1369 2619 etc.
1445 2574 1688 2618 Schnellius
1726 2573 1806 2617 hoc

399 2642 528 2694 pacto
559 2643 728 2677 textum
761 2634 1003 2676 constituit:
1054 2634 1198 2683 Quum
1237 2634 1376 2677 nostri
1407 2634 1455 2677 in
1492 2648 1616 2690 opere
1653 2639 1804 2683 essent,

397 2694 590 2752 equitum
625 2693 758 2750 copice
788 2707 1015 2736 concursus
1032 2693 1185 2750 facere
1215 2699 1445 2750 coeperunt,
1478 2699 1527 2734 ut
1559 2697 1804 2735 consuetum

393 2751 515 2810 sequi
532 2751 774 2794 existimari
789 2758 989 2809 possent;
1019 2752 1231 2809 simulque
1261 2750 1615 2809 voczferantibus‚
1643 2756 1724 2792 etc.
1759 2757 1806 2791 et

397 2824 515 2855 mox:
550 2809 780 2860 ita-avida,
811 2810 965 2868 cuique
993 2824 1169 2854 suarum
1198 2810 1358 2869 quippe
1377 2810 1588 2868 partium,
1609 2814 1803 2865 experto-
