1946 3261
279 217 366 267 272
504 196 506 209 '
606 281 617 288 ‘
720 216 804 265 DE
836 212 1283 268 BELLocIVIL'I.

280 349 451 397 milites,
481 346 558 405 qui
587 346 644 390 ab
673 361 724 389 eo
757 347 1050 399 discesserant,
1086 350 1379 409 dilectumque
1409 346 1575 396 institui
1599 352 1750 412 jubet:

278 408 384 464 ipse,
414 421 547 448 unum
578 405 693 448 diem
727 406 786 448 ibi
816 407 878 449 rei
910 407 1202 451 frumentariae
1236 426 1381 453 caussa
1414 422 1620 462 moratus,
1646 409 1752 455 Co‘r-

274 464 423 506 finium
443 464 679 507 contendit.
742 465 808 508 Eo
826 481 960 521 quum
978 467 1177 516 venisset,
1199 468 1394 512 cohortes
1413 471 1621 528 quinque,
1643 487 1751 529 prae-

274 523 406 565 missae
425 538 451 564 a
472 523 669 566 Domitio
690 539 742 565 ex
759 523 938 581 oppido,
960 533 1139 579 pontem
1155 526 1338 569 fluminis
1356 529 1751 587 interrumpebant,

271 580 348 637 qui
387 590 483 624 erat
519 583 576 624 ab
611 581 775 638 oppido
811 580 930 622 milia
968 596 1169 637 passuum
1201 583 1374 627 circiter
1403 587 1487 629 III.
1551 588 1619 631 Ibi
1651 603 1752 630 cum

269 639 618 682 antecursoribus
640 639 819 682 Caesaris
841 638 995 697 proelio
1016 641 1252 692 commisso,
1273 643 1472 687 celeriter
1495 645 1750 696 Domitiani,

268 713 295 739 a
317 705 450 755 ponte
471 698 647 756 repulsi,
677 714 721 740 se
742 698 785 740 in
808 696 1017 755 oppidum
1046 710 1318 758 receperunt.
1382 703 1540 752 Caesar,
1571 703 1750 761 legioni-

270 755 352 798 bus
371 753 644 808 transductis,
666 755 721 800 ad
744 756 958 815 oppidum
979 757 1171 801 constitit
1187 759 1400 819 juxtaque
1419 777 1591 805 murum
1611 771 1753 806 eastra

268 814 432 872 posuit.
1425 853 1429 855 .

332 874 397 916 17.
442 873 510 917 Re
547 874 737 933 cognita,
780 874 1000 917 Domitius
1044 875 1100 918 acl
1146 876 1402 934 Pompeium
1450 876 1494 919 in
1539 878 1577 919 A
1614 878 1748 922 uliam

268 932 432 989 peritos
473 933 715 992 regionum,
757 948 914 991 magno
954 934 1176 992 proposito
1215 935 1408 993 praemio,
1450 934 1572 978 cum'
1609 932 1748 996 'tteris

266 990 418 1051 mittit,
439 991 516 1048 qui
536 1001 689 1050 petant
707 1000 840 1049 atque
858 1002 1000 1043 orent,
1022 1002 1072 1035 ut
1093 993 1175 1036 sibi
1195 994 1448 1037 subveniat:
1484 1002 1512 1021 ‘⁶
1534 994 1749 1038 Caesarem

267 1055 297 1074 “
321 1049 491 1093 duobus
527 1051 788 1094 exercitibus
822 1058 866 1093 et
896 1051 1089 1094 locorum
1117 1053 1324 1110 angustiis
1355 1052 1480 1096 facile
1513 1053 1750 1096 intercludi

266 1114 295 1133 “
319 1124 440 1166 posse
460 1109 766 1166 frumentoque
788 1109 1023 1167 prohiberi.
1088 1111 1217 1160 Quod
1243 1111 1320 1153 nisi
1343 1112 1511 1161 fecerit,
1534 1128 1577 1155 se
1598 1111 1748 1154 cohor-

266 1174 296 1192 “
319 1175 470 1225 tesque
504 1168 690 1225 amplius
726 1168 870 1218 XXX,
900 1185 1190 1227 magnumque
1228 1185 1454 1212 numerum
1488 1171 1749 1213 Senatorum

264 1232 294 1251 “
317 1235 450 1283 atque
471 1227 682 1282 Equitum
705 1226 1017 1277 Romanorum,
1037 1228 1079 1270 in
1100 1228 1344 1285 periculum
1362 1245 1450 1271 esse
1469 1231 1748 1271 venturum.”

265 1283 443 1326 Interim
461 1300 556 1326 suos
576 1284 843 1334 cohortatus,
864 1295 1079 1329 tormenta
1098 1287 1138 1324 in
1158 1287 1290 1327 muris
1309 1286 1501 1344 disponit
1519 1295 1747 1343 certasque

261 1342 418 1399 cuique
441 1351 589 1401 partes
609 1343 664 1384 ad
687 1345 925 1385 custodiam
947 1343 1067 1383 urbis
1088 1339 1324 1382 adtribuit:
1357 1341 1568 1385 militibus
1585 1344 1628 1386 in
1649 1359 1747 1388 con-

261 1401 382 1442 cione
404 1416 530 1459 agros
551 1417 603 1443 ex
625 1400 711 1442 suis
734 1399 1065 1456 possessionibus
1087 1398 1336 1456 pollicetur,
1370 1408 1583 1456 quaterna
1604 1402 1646 1444 in
1665 1402 1746 1446 sin-

261 1459 386 1516 gulos
402 1460 558 1517 jugera
578 1467 623 1501 et
645 1473 726 1516 pro
748 1465 842 1500 rata
865 1466 988 1515 parte
1013 1457 1351 1500 centurionibus
1372 1458 1660 1518 evocatisque.

327 1518 390 1559 18.
417 1518 598 1561 Interim
618 1516 778 1559 Caesari
799 1517 1044 1565 nunciatur,
1067 1515 1382 1566 Sulmonenses,
1400 1517 1516 1574 quod
1532 1518 1745 1577 oppidum

261 1592 288 1618 a
323 1577 515 1619 Corfinio
553 1576 642 1618 VII
676 1575 842 1617 milium
880 1574 1110 1617 intervallo
1144 1575 1282 1624 abest,
1316 1591 1475 1633 cupere
1509 1592 1558 1619 ea
1588 1579 1744 1628 facere,

262 1650 360 1692 quae
381 1636 535 1683 vellet;
569 1634 642 1677 sed
675 1650 699 1675 a
724 1634 778 1682 Q.
806 1633 1027 1682 Lucretio,
1066 1634 1292 1683 Senatore,
1324 1643 1369 1676 et
1399 1635 1525 1676 Attio
1562 1635 1745 1695 Peligno

261 1693 501 1751 prohiberi,
530 1694 605 1751 qui
628 1692 670 1734 id
691 1691 901 1750 oppidum
926 1692 1013 1734 VII
1037 1691 1280 1734 cohortium
1301 1693 1496 1750 praesidio
1518 1694 1740 1737 tenebant.

264 1753 412 1796 Mittit
452 1768 502 1795 eo
547 1752 612 1794 M.
648 1751 888 1793 Antonium
928 1766 1027 1793 cum
1067 1750 1246 1808 legionis
1286 1760 1450 1793 octavae
1489 1751 1742 1796 cohortibus

260 1813 468 1870 quinque.
533 1811 851 1859 Sulmonenses,
882 1809 1007 1851 simul
1042 1817 1174 1865 atque
1205 1818 1350 1851 nostra
1378 1809 1499 1867 signa
1519 1809 1741 1863 viderunt,

261 1880 411 1928 portas
432 1877 714 1929 aperuerunt,
738 1868 1012 1925 universique
1033 1875 1077 1909 et
1097 1867 1302 1925 oppidani
1324 1876 1367 1909 et
1390 1868 1546 1911 milites
1567 1869 1741 1914 obviam

261 1929 532 1987 gratulantes
555 1927 747 1970 Antonio
769 1927 990 1969 exierunt:
1027 1926 1256 1968 Lucretius
1287 1935 1330 1968 et
1355 1926 1505 1968 Attius
1541 1927 1595 1970 de
1616 1944 1741 1972 muro

261 2004 303 2029 se
326 1988 590 2045 deiecerunt.
654 1987 819 2036 Attius,
851 1986 904 2028 ad
928 1985 1169 2028 Antonium
1201 1984 1428 2034 deductus,
1454 1985 1582 2043 petit,
1613 1995 1664 2029 ut
1684 1988 1741 2030 ad

262 2038 473 2089 Caesarem
515 2046 780 2088 mitteretur.
858 2045 1073 2087 Antonius
1111 2059 1206 2086 cum
1250 2042 1499 2086 cohortibus
1534 2052 1579 2087 et
1614 2046 1742 2089 Attio

261 2106 411 2148 eodem
439 2105 524 2154 die,
558 2119 645 2161 quo
680 2104 901 2162 profectus
935 2112 1046 2152 erat,
1081 2102 1333 2145 revertitur.
1398 2102 1541 2145 Caesar
1573 2119 1642 2146 eas
1672 2120 1740 2147 co-

261 2163 406 2207 hortes
443 2180 538 2206 cum
575 2162 769 2205 exercitu
806 2178 883 2204 suo
916 2161 1154 2220 conjunxit,
1190 2161 1448 2218 Attiumque
1482 2160 1740 2205 incolumem

260 2223 434 2266 dimisit.
499 2223 642 2264 Caesar
674 2221 815 2264 tribus
837 2221 986 2279 primis
1007 2220 1159 2263 diebus
1181 2228 1321 2262 castra
1350 2219 1513 2277 magnis
1534 2220 1738 2278 operibus

261 2281 430 2324 munire
471 2289 516 2323 et
553 2296 605 2322 ex
642 2279 847 2322 finitumis
882 2279 1123 2337 municipiis
1155 2279 1422 2321 frumentum
1462 2288 1739 2337 comportare

262 2340 539 2396 reliquasque
580 2338 725 2397 copias
764 2347 1015 2381 exsiectare
1057 2337 1259 2380 instituit.
1339 2336 1404 2378 Eo
1441 2336 1589 2380 triduo
1624 2337 1740 2396 legio

261 2398 374 2442 VIII
408 2397 463 2440 ad
493 2413 593 2440 eum
623 2397 758 2444 venit,
793 2356 1074 2455 colhortesque
1100 2412 1152 2439 ex
1181 2394 1300 2437 novis
1325 2394 1480 2438 Galliae
1509 2395 1738 2439 dilectibus

261 2457 392 2500 XXII
429 2458 679 2515 equitesque
718 2456 774 2498 ab
804 2472 905 2513 rege
941 2456 1105 2500 Norico
1131 2454 1304 2497 circiter
1336 2453 1472 2496 CCC.
1537 2455 1736 2505 Quorum

261 2577 327 2615 (ibi
358 2577 523 2609 Lentulus
549 2577 654 2615 erat);
677 2574 784 2606 alium
812 2576 923 2605 Firmo
947 2586 965 2606 e
1081 2576 1270 2616 C'erlasque.
1331 2570 1486 2605 Jurinius
1528 2571 1624 2605 malit
1665 2571 1738 2605 sine

203 2634 205 2637 ·
260 2622 334 2652 Cic.
357 2622 399 2653 ad
424 2622 491 2652 Att.
515 2624 546 2658 8,
571 2623 621 2651 1¹2.
678 2617 852 2650 Posterior
882 2619 965 2650 ratio
1034 2618 1170 2660 copula.

262 2665 328 2703 iam
348 2664 470 2696 Vossio
490 2665 629 2705 placuit.
652 2668 685 2694 et
708 2667 757 2693 est
774 2662 843 2693 sine
859 2663 966 2694 dubio
1082 2662 1236 2703 Leqiom's
1249 2666 1384 2693 octarae.
1411 2659 1624 2698 Autliic,aut
1636 2660 1738 2709 paulo

257 2700 354 2741 ⁸vera.
388 2710 434 2740 M.
492 2708 634 2739 Vossius
665 2708 766 2738 modo
797 2712 903 2743 notat,
932 2706 964 2737 in
1035 2713 1120 2747 post,
1151 2705 1211 2736 nbi
1239 2704 1350 2736 triduo
1381 2710 1456 2746 post
1481 2705 1616 2736 demum
1643 2704 1734 2743 legno

264 2752 377 2784 ljrsini
405 2753 525 2783 codice
547 2752 594 2783 sic
611 2751 691 2790 legi.
737 2751 836 2791 Apud
853 2749 964 2781 Cicer.
1035 2750 1112 2781 Vlll
1145 2749 1274 2780 vonisse
1305 2747 1440 2786 dicitur,
1468 2757 1625 2779 numerus
1655 2745 1735 2778 vm

262 2795 286 2825 l.
303 2807 333 2827 c.
358 2797 390 2828 in
413 2796 571 2837 Pompeii
596 2795 743 2837 epistola
769 2795 832 2827 ista
857 2796 965 2826 Fir-mc·
1034 2794 1176 2825 vitiosus
1192 2799 1253 2823 est.
1272 2792 1320 2823 M.
1366 2791 1545 2823 Monuerat
1559 2789 1711 2822 Ursinus.

262 2839 296 2870 fit
313 2840 452 2871 mentio.
1079 2837 1262 2874 Deductus,
1271 2838 1365 2877 pem.
1387 2835 1546 2867 Gruterus
1556 2834 1625 2865 vult
1634 2836 1736 2883 petiit,

310 2885 445 2918 Pomem
452 2885 625 2926 fluminiS,
642 2882 768 2917 Aterni.
1033 2882 1090 2912 sed
1099 2881 1253 2922 frequens
1263 2885 1376 2911 nostro
1385 2885 1576 2922 temporum
1588 2885 1734 2910 variano

1033 2925 1287 2967 modorumque.
1313 2923 1355 2955 V.
1369 2922 1411 2956 G.
1427 2926 1458 2962 ⁵,
1475 2925 1508 2954 2.
