1946 3261
636 196 752 241 Lm.
804 180 950 257 (ΜΡ.
994 198 1172 241 13-15.
1540 175 1628 241 549

151 322 341 372 sublato,
383 323 498 366 omni
533 339 691 382 genere
732 324 917 367 telorum
949 323 1113 375 emisso,
1157 339 1352 383 pugnare
1387 338 1468 382 pro
1497 339 1622 367 muro

151 388 245 423 toto
263 388 490 440 coePerunt
509 397 519 423 ε
552 391 735 440 propter
754 383 870 440 quod
892 383 982 425 fere
997 398 1153 440 magna
1171 399 1270 441 pars
1288 382 1525 433 hominum,
1547 383 1624 442 qui

151 438 195 481 in
226 440 377 482 castris
410 441 565 484 nostris
595 450 750 490 essent,
787 457 872 484 non
901 441 1179 490 dubitarunt,
1208 441 1314 498 quin
1349 443 1623 500 eruptionem

149 513 200 539 eo
222 497 292 540 die
307 508 453 541 essent
474 499 643 541 facturi.
706 498 725 540 I
731 508 774 542 ta
804 515 961 542 corona
992 498 1273 549 circumdata,
1292 508 1537 558 pugnatum
1557 507 1624 543 est

149 555 400 613 aliquandiu
432 557 812 607 vehementissime,
845 557 1058 615 simulque
1083 557 1255 599 ballista
1275 559 1399 600 missa
1419 574 1444 600 a
1466 558 1624 602 nostris

152 622 317 657 turrem
337 614 494 672 dejecit
513 630 521 656 :
556 630 643 671 qua
665 615 1024 665 adversariorum,
1048 615 1123 672 qui
1144 615 1186 657 in
1207 631 1256 657 ea
1277 624 1400 657 turre
1430 617 1621 666 fuerant,

150 673 343 730 quinque
361 673 517 730 dejecti
539 682 639 716 sunt
660 682 704 715 et
730 690 854 731 puer,
886 674 960 731 qui
992 673 1208 718 ballistam
1239 673 1390 716 solitus
1422 683 1516 716 erat
1543 676 1620 719 ob-

149 746 332 773 servare.

212 789 275 832 14.
310 788 375 832 Eo
398 792 624 848 praeterito
642 799 850 848 tempore,
875 790 1103 848 Pompeius
1124 799 1242 832 trans
1270 790 1427 834 flumen
1451 790 1646 835 Salsum*

149 847 376 890 castellum
397 848 622 890 constituit
642 863 651 890 t
685 864 824 906 neque
845 864 869 890 a
886 849 1037 891 nostris
1058 847 1318 906 prohibitus,
1342 849 1533 907 falsaque
1545 849 1623 892 illa

148 907 349 964 opinione
371 907 584 963 gloriatus
613 916 693 955 est,
727 906 845 964 quod
867 922 1003 965 prope
1025 907 1068 948 in
1088 909 1243 949 nostris
1260 907 1459 965 partibus
1479 908 1622 950 locum

151 965 369 1008 tenuisset.
454 964 566 1008 Item
605 965 844 1022 insequenti
885 965 954 1008 die
994 965 1143 1007 eadem
1176 966 1486 1009 consuetudine
1516 966 1624 1009 dum

148 1023 315 1081 longius
337 1025 632 1082 prosequitur,
651 1040 738 1082 quo
759 1024 854 1066 loco
875 1025 1038 1081 equites
1060 1024 1193 1066 nostri
1213 1024 1444 1068 stationem
1461 1024 1623 1067 habue-

146 1090 262 1132 rant,
284 1082 454 1139 aliquot
476 1093 628 1125 turmze
649 1099 746 1124 cum
779 1082 864 1124 levi
901 1092 1138 1132 armatura,
1175 1083 1326 1142 inpetu
1365 1083 1495 1133 facto,
1527 1083 1626 1126 loco

146 1149 245 1183 sunt
281 1140 458 1199 dejectae
496 1151 556 1190 et,
593 1151 775 1198 propter
814 1142 1078 1198 paucitatem
1120 1151 1367 1184 nostrorum
1408 1142 1622 1199 equiturn,

145 1199 273 1242 simul
294 1215 392 1242 cum
413 1199 496 1242 levi
528 1209 752 1241 armatura
787 1199 899 1241 inter
937 1208 1101 1242 turmas
1138 1200 1484 1243 adversariorum
1520 1216 1624 1258 pro-

147 1257 272 1300 tritae.
338 1258 435 1300 Hoc
459 1259 502 1300 in
521 1267 754 1315 conspectu
778 1266 1063 1315 utrorumque
1083 1266 1323 1302 castrorum
1354 1259 1588 1318 gerebatur
1608 1274 1621 1300 :

145 1325 190 1359 et
211 1316 370 1373 majore
390 1316 641 1375 Pompeiani
659 1316 933 1359 exsultabant
953 1318 1109 1375 gloria,
1128 1317 1299 1376 longius
1317 1318 1450 1375 quod,
1469 1317 1627 1361 nostris

146 1375 409 1424 cedentibus,
448 1375 651 1433 prosequi
683 1375 924 1433 coepissent.
989 1376 1075 1425 Qui
1112 1392 1247 1433 quum
1287 1375 1433 1433 aliquo
1467 1375 1559 1418 loco
1596 1391 1625 1418 a

148 1434 301 1476 nostris
322 1433 484 1491 recepti
506 1442 658 1483 essent,
691 1443 739 1475 ut
770 1443 1057 1483 consuessent,
1090 1449 1142 1476 ex
1175 1433 1302 1476 simili
1337 1435 1502 1477 virtute
1537 1434 1622 1478 cla·

148 1508 264 1534 more
286 1493 415 1541 facto,
437 1492 619 1534 aversati
641 1502 741 1535 sunt
761 1492 965 1549 proelium
988 1493 1139 1535 facere.

212 1551 275 1592 15.
326 1551 433 1593 Fere
455 1551 573 1609 apud
594 1551 806 1593 exercitus
827 1550 915 1593 haec
936 1559 999 1593 est
1028 1551 1239 1609 equestris
1272 1550 1416 1609 proelii
1449 1567 1624 1595 consue·

148 1608 288 1652 tudo:
343 1626 480 1668 quum
518 1625 647 1667 eques
687 1609 743 1651 ad
785 1608 1095 1658 dimicandum,
1145 1609 1315 1653 dimisso
1355 1625 1484 1666 equo,
1526 1626 1623 1654 cum

176 1667 291 1710 edite
326 1668 622 1726 congreditur,
661 1683 934 1725 nequaquam
963 1683 1043 1726 par
1073 1667 1274 1710 habetur.
1339 1667 1390 1710 ld
1427 1668 1545 1726 quod
1577 1670 1622 1712 in

145 1684 225 1770 lioc
263 1727 419 1769 accidit
455 1729 700 1769 certamine.
780 1727 926 1775 Quum
963 1726 1145 1785 peditem
1184 1743 1236 1769 ex
1279 1726 1361 1769 levi
1402 1736 1626 1770 armatura.

144 1785 263 1836 lecti,
299 1785 355 1828 ad
390 1801 598 1844 pugnam,
634 1785 852 1844 equitibus
890 1786 1045 1829 nostris
1074 1801 1148 1828 nec
1170 1785 1465 1844 opinantibus,
1487 1786 1621 1829 venis·

143 1852 253 1894 sent,
290 1844 419 1902 idque
461 1844 503 1887 in
545 1844 700 1903 proelio
741 1843 1085 1887 animadversum
1121 1853 1245 1894 esset,
1286 1844 1528 1903 complures
1567 1861 1621 1888 ex

146 1903 265 1962 equis
301 1902 629 1946 descenderunt.
708 1902 776 1945 Ita
810 1903 966 1962 exiguo
1004 1912 1199 1961 tempore
1238 1919 1368 1960 eques
1404 1903 1621 1961 pedestre,

144 1961 275 2020 pedes
308 1970 508 2019 equestre
542 1961 745 2019 proelium
781 1961 921 2004 facere
954 1962 1104 2020 coepit,
1138 1978 1271 2019 usque
1292 1978 1359 2011 eo,
1390 1971 1440 2004 ut
1461 1961 1621 2005 caedem

146 2020 341 2078 proxime
381 2036 407 2062 a
443 2020 559 2063 vallo
599 2021 794 2062 fecerint.
873 2020 921 2063 In
958 2037 1044 2078 quo
1081 2021 1238 2078 proelio
1273 2020 1620 2064 adversariorum

142 2078 393 2121 ceciderunt
416 2077 628 2128 CXXIII,
662 2079 990 2136 compluresque
1024 2079 1153 2121 armis
1185 2078 1318 2129 exuti,
1360 2078 1488 2120 multi
1523 2078 1619 2121 vul-

144 2137 318 2180 neribus
338 2137 498 2179 adfecti
518 2137 561 2180 in
581 2146 722 2179 castra
741 2147 842 2180 sunt
863 2137 1050 2181 redacti:
1085 2137 1221 2179 nostri
1241 2136 1491 2180 ceciderunt
1518 2136 1586 2179 III
1603 2152 1617 2187 ;

141 2195 271 2239 saucii
292 2195 380 2239 XII
400 2195 582 2256 pediteS‚
603 2196 769 2254 equites
791 2196 847 2238 V.

193 2334 372 2375 Falsaque.
416 2332 533 2365 Potius
550 2333 646 2376 falsa
670 2344 688 2364 e
707 2332 845 2365 Norvic.

145 2382 179 2408 et
194 2377 311 2408 Petav.
327 2378 403 2409 cod.
431 2379 482 2409 M.

193 2422 303 2451 Simul
333 2432 410 2452 cum
439 2422 503 2453 lew?
536 2426 730 2454 armatura.
790 2420 844 2452 Sic

146 2463 226 2497 libri
240 2463 336 2496 boni·
353 2464 465 2507 Vulgo
480 2467 647 2507 simulque
664 2467 686 2497 l.
699 2476 732 2497 a.
745 2465 846 2497 male.

147 2509 197 2540 M.
221 2507 288 2539 Hic
303 2508 406 2540 verba
421 2510 521 2540 simul
544 2520 620 2542 cum
642 2511 707 2541 levi
729 2520 847 2540 arma-

144 2558 226 2584 tura
248 2551 421 2583 abundare
441 2552 607 2593 videntur,
627 2565 646 2585 e
663 2551 847 2594 superiori-

145 2596 210 2628 bus
225 2595 377 2636 repetita.

192 2641 312 2681 Aliquo
323 2641 402 2671 loco.
418 2639 515 2681 Lips.
533 2639 626 2671 malit
637 2650 732 2682 aequo
745 2643 824 2673 loco.

193 2685 336 2724 Recepti.
365 2683 590 2725 Glandorpius
604 2684 699 2715 malit
712 2687 847 2726 excepti.

193 2728 250 2759 Ea:
276 2729 378 2758 simili
398 2729 528 2759 virtute.
573 2727 667 2766 Quid
690 2728 755 2759 hoc
778 2728 844 2760 sibi

146 2771 242 2803 vult?
286 2770 406 2802 Utrum
434 2772 476 2802 ad
501 2772 674 2812 superiora
700 2772 846 2804 referen-

146 2816 240 2853 dum,
262 2818 366 2847 nostri
383 2826 434 2847 eos
448 2820 645 2857 exceperunt,
662 2817 763 2848 simili
776 2819 843 2847 vir-

145 2865 225 2898 tute,
239 2869 305 2891 non
318 2864 488 2892 cesserunt
503 2858 570 2892 iis?
594 2859 644 2892 An
657 2860 841 2893 clamorem

911 2197 1015 2253 Ejus
1035 2195 1119 2238 diei
1142 2195 1380 2254 insequenti
1403 2203 1616 2255 tempore,

912 2333 1070 2365 dicuntur
1097 2333 1270 2366 sustulisse
1300 2340 1435 2376 propter
1463 2333 1612 2365 similem

912 2382 1100 2409 nostrorum
1138 2377 1298 2410 virtutem
1315 2380 1326 2410 ?
1361 2378 1443 2419 quia
1479 2383 1613 2409 nostros

913 2421 1069 2453 videbant
1084 2426 1117 2453 et
1135 2421 1226 2463 ipsos
1240 2423 1361 2454 audere
1375 2420 1519 2462 aliquid.
1544 2422 1594 2453 M.

959 2466 1193 2507 Equieibws—
1216 2469 1387 2498 venissent.
1426 2465 1613 2507 Glandorp.

912 2509 989 2541 addi
1004 2509 1142 2541 volebat
1162 2512 1300 2542 auxilio.
1343 2509 1484 2540 Vossius
1506 2509 1610 2541 dabat

910 2554 1140 2586 subvenissent.
1178 2555 1242 2585 Sed
1259 2553 1349 2585 Oud.
1375 2558 1478 2591 notat,
1505 2554 1612 2584 alicui

910 2600 1022 2630 venire
1047 2608 1106 2639 pro
1126 2598 1284 2629 advenire
1298 2597 1331 2628 in
1346 2602 1519 2637 utramque
1534 2606 1611 2637 par-

912 2648 978 2673 tem
1009 2641 1107 2673 sumi.
1132 2640 1256 2672 Justin.
1287 2642 1337 2680 13,
1361 2644 1393 2672 4.
1434 2641 1607 2672 Ptolemaeo

912 2686 1030 2727 Africoe
1045 2695 1127 2727 pars
1141 2689 1224 2716 sorte
1236 2687 1334 2717 venit.
1365 2684 1522 2715 Phaedrus
1535 2683 1609 2716 fab.

910 2733 942 2761 2.
959 2733 1071 2769 majus·
1084 2739 1126 2760 ne
1140 2731 1255 2759 veniat
1275 2729 1415 2760 malum.

957 2774 1108 2806 Redacti.
1138 2771 1193 2803 Sic
1209 2777 1242 2803 et
1265 2782 1295 2802 e.
1320 2774 1374 2803 34.
1394 2770 1491 2803 Leid.
1510 2772 1536 2803 l.
1551 2782 1604 2803 re-

909 2817 1013 2850 ducti.
1044 2814 1203 2849 Heinsius
1221 2814 1356 2848 volebat
1368 2817 1490 2857 rejecti.
