1946 3261
225 191 309 235 488
446 192 499 232 A.
538 187 738 232 HIRTII
772 187 856 230 DE
889 185 1090 228 BELLO
1124 185 1467 228 AFRICANO.

236 317 503 364 adveniente,
527 314 745 373 oppidani,
776 329 911 371 usque
932 330 982 356 eo
1003 312 1111 370 passi
1134 312 1316 370 propius
1335 311 1552 360 accedere,
1575 310 1711 354 donec

226 376 291 428 ‚ad
311 376 422 433 ipsas
442 381 589 431 portas
611 389 659 415 ac
687 389 859 414 murum
889 371 1280 429 adpropinquaret,
1311 370 1455 412 subito
1486 370 1713 426 eruptione

235 435 363 481 fact-a,
397 439 636 489 prostratos
672 431 1011 488 perterritosque
1037 429 1320 486 Pompeianos
1349 429 1393 470 in
1413 443 1529 470 mare
1561 427 1716 484 passim

234 506 449 546 navesque
482 489 800 547 compulerunt.
865 488 932 530 Ita
965 503 1011 530 re
1039 487 1149 529 male
1187 496 1321 545 gesta,
1357 487 1439 529 Cn.
1484 485 1717 543 Pompeius

235 549 348 591 filius
369 563 497 590 naves
515 547 613 590 inde
634 548 810 597 avertit,
833 563 970 603 neque
988 553 1136 604 postea
1157 545 1258 588 litus
1278 545 1436 603 adtigit
1456 544 1715 601 classemque

234 606 290 648 ad
313 606 471 648 insulas
495 606 693 648 Baleares
715 622 862 648 versus
884 604 1113 646 convertit.

294 664 365 707 24.
402 664 546 722 Scipio
567 665 740 707 interim
761 680 858 705 cum
881 663 930 705 iis
950 662 1098 720 copiis,
1130 677 1236 719 quas
1257 661 1405 719 paullo
1427 669 1525 703 ante
1545 661 1718 703 demon-

233 723 475 773 stravimus,
499 723 640 766 Uticae
661 722 811 780 grandi
844 721 1040 779 praesidio
1063 721 1232 769 relicto,
1266 720 1503 778 profectuS,
1528 719 1719 777 primum

238 781 471 824 Adrumeti
499 789 638 824 castra
658 781 802 838 ponit:
836 779 988 822 deinde
1019 794 1175 837 paucos
1207 778 1295 821 dies
1325 779 1385 820 ibi
1415 785 1719 827 commoratus,

237 847 367 882 noctu
389 840 541 882 itinere
558 840 687 889 facto,
703 855 800 881 cum
822 839 982 882 Petreii
1000 846 1043 880 et
1062 837 1242 880 Labieni
1262 836 1394 894 copiis
1411 852 1453 878 se
1471 836 1717 894 conjungit:

237 905 385 955 atque,
409 899 502 941 unis
523 898 671 941 castris
692 898 830 946 factis,
864 897 948 939 tria
975 896 1093 938 milia
1112 911 1313 954 passuum
1334 895 1460 953 longe
1480 892 1718 936 considunt.

238 957 473 1014 Equitatus
499 957 671 999 interim
704 972 854 999 eorum
885 956 1045 998 circum
1069 955 1246 997 Caesaris
1279 953 1537 996 munitiones
1571 952 1722 1008 vagari

237 1022 371 1072 atque
405 1031 490 1067 eos,
525 1015 599 1072 qui
632 1014 868 1071 pabulandi
905 1023 982 1056 aut
1013 1013 1202 1071 aquandi
1238 1013 1381 1071 gratia
1411 1019 1532 1053 extra
1561 1010 1723 1053 vallum

239 1075 454 1130 progressi
476 1080 629 1124 essent,
653 1073 872 1130 excipere;
906 1073 967 1114 ita
988 1089 1134 1116 omnes
1162 1071 1425 1114 adversarios
1454 1070 1567 1112 intra
1588 1068 1724 1111 muni-

239 1132 376 1175 tiones
412 1133 644 1174 continere.
709 1132 853 1180 Quare
888 1131 1121 1174 Caesariani
1155 1130 1277 1188 gravi
1309 1144 1477 1171 annona
1509 1136 1609 1170 sunt
1627 1142 1725 1170 con-

236 1190 406 1239 flictati,
441 1190 551 1239 ideo,
585 1189 703 1247 quod
726 1190 916 1232 nondum
947 1206 1087 1247 neque
1119 1190 1175 1231 ab
1199 1188 1361 1236 Sicilia,
1385 1203 1523 1244 neque
1544 1186 1601 1228 ab
1624 1187 1725 1228 Sar-

237 1247 354 1290 dinia
373 1256 634 1290 commeatus
661 1249 941 1306 subportatus
961 1257 1075 1294 e1·at;
1110 1263 1250 1303 neque
1273 1262 1351 1303 per
1372 1246 1469 1287 anni
1491 1253 1661 1301 tempus
1682 1243 1724 1286 in

238 1307 349 1348 mari
389 1307 539 1349 classes
573 1307 660 1348 sine
694 1307 890 1364 periculo
923 1306 1074 1363 vagari
1112 1313 1332 1362 poterant,
1367 1319 1507 1360 neque
1541 1302 1727 1361 amplius

238 1364 357 1406 milia
378 1381 582 1423 passuum
613 1381 685 1407 sex
708 1374 835 1407 terrae
857 1365 1019 1406 Africae
1051 1379 1229 1420 quoquo
1252 1378 1397 1404 versus
1428 1361 1632 1403 tenebant
1653 1376 1726 1419 pa-

240 1422 417 1480 bulique
439 1424 582 1481 inopia
604 1424 928 1481 premebantur.
994 1423 1091 1471 Qua
1109 1422 1355 1463 necessitate
1374 1420 1510 1462 coacti
1532 1418 1726 1462 veterani

237 1481 394 1524 milites
414 1483 684 1539 equitesque,
703 1482 778 1538 qui
800 1482 938 1523 multa
958 1489 1076 1523 terra
1096 1480 1293 1536 marique
1312 1479 1428 1521 bella
1450 1478 1727 1520 confecissent

238 1547 282 1581 et
305 1540 508 1598 periculis
530 1540 761 1599 inopiaque
784 1541 860 1582 tali
882 1556 990 1597 saepe
1012 1548 1147 1581 essent
1169 1538 1418 1586 conflictati,
1435 1537 1534 1594 alga
1555 1552 1577 1578 e
1599 1536 1726 1578 litore

237 1599 430 1640 conlecta
450 1607 494 1640 et
515 1614 628 1656 aqua
648 1599 766 1641 dulci
787 1600 907 1641 eluta
928 1607 973 1640 et
995 1599 1054 1641 ita
1075 1597 1281 1655 jumentis
1303 1596 1588 1639 esurientibus
1607 1595 1726 1644 data,

237 1656 367 1698 vitam
390 1672 538 1698 eorum
560 1657 876 1714 producebant.r
1626 1703 1629 1704 γ

296 1715 368 1756 25.
404 1716 523 1757 Dum
545 1715 634 1757 haec
655 1715 716 1756 ita
736 1715 902 1764 fierent,
938 1714 1033 1755 Rex
1054 1714 1082 1755 J
1087 1715 1188 1763 uba,
1215 1713 1395 1771 cognitis
1418 1710 1726 1754 Caesaris&-

239 1773 477 1815 cultatibus
492 1773 803 1830 copiarumque
822 1773 1057 1830 paucitate,
1075 1787 1158 1813 non
1175 1780 1239 1813 est
1257 1772 1411 1819 visum,
1426 1770 1521 1812 dari
1539 1769 1725 1826 spatium

240 1831 561 1873 convalescendi
578 1831 963 1888 augendarumque
981 1830 1071 1886 ejus
1088 1845 1232 1888 opum.
1279 1829 1451 1884 Itaque,
1468 1827 1729 1885 comparatis

237 1890 435 1945 equitum
457 1889 620 1947 magnis
643 1889 930 1946 peditumque
957 1888 1105 1945 copiis,
1137 1887 1328 1930 subsidio
1356 1887 1456 1934 suis,
1489 1902 1682 1943 egressus
1703 1901 1727 1927 e

241 1947 412 2005 Regno,
435 1947 496 1989 ire
519 1947 755 1990 contendit.
821 1947 871 1988 P.
895 1947 1028 1988 Sitius
1051 1946 1221 1988 interim
1242 1955 1284 1988 et
1308 1945 1403 1986 Rex
1421 1943 1608 1993 Boehus,
1630 1959 1728 1986 con-

236 2005 396 2062 junctis
415 2007 500 2048 suis
520 2006 668 2064 copiis,
699 2005 875 2064 cognito
907 2005 1038 2062 Regis
1060 2005 1188 2047 Jubae
1209 2020 1398 2062 egressu,
1432 2002 1614 2060 propius
1641 2002 1732 2059 ejus

247 2064 451 2122 Regnum
485 2066 629 2122 copias
666 2079 763 2106 suas
798 2060 1045 2112 admovere,
1089 2063 1360 2120 Cirtamque,
1398 2061 1607 2119 oppidum
1642 2061 1733 2118 ejus

245 2122 387 2180 Regni
408 2123 794 2180 opulentissimum,
812 2122 955 2165 adorti
975 2122 1119 2180 paucis
1135 2121 1288 2163 diebus
1306 2119 1541 2180 pugnando
1556 2118 1735 2176 capiunt

247 2188 297 2223 et·
321 2189 530 2238 praeterea
562 2181 652 2223 duo
674 2180 837 2239 oppida
862 2181 1154 2224 Gaetulorum:
1189 2181 1348 2237 quibus
1368 2193 1502 2235 quum
1525 2177 1733 2219 conditio-

1027 2316 1141 2342 nostro
1152 2309 1319 2341 Cellarius
1331 2309 1397 2351 legi
1411 2307 1509 2350 jubet
1522 2309 1608 2350 Reyz·
1622 2308 1733 2339 Jubae.

1028 2356 1150 2393 Recte,
1179 2361 1260 2396 puto
1288 2353 1335 2385 sic
1364 2353 1483 2395 planus
1508 2351 1571 2383 erit
1600 2351 1731 2394 periodi

296 2312 439 2352 Propius
463 2309 630 2341 accedere.
672 2308 785 2350 Vulgo
814 2309 959 2342 insemnt

252 2365 340 2392 eum,
353 2355 444 2395 quod
463 2353 495 2385 in
511 2354 616 2385 variis
633 2354 731 2384 codd.
749 2355 854 2386 deest.

304 2400 383 2430 Ums
396 2401 525 2429 castris.
572 2398 680 2429 Codd.
693 2397 821 2427 Lovan.
840 2401 958 2429 (nitriis.

254 2443 342 2473 unde
360 2441 476 2473 Heius.
495 2443 622 2473 alteris.
653 2441 739 2472 (tod.
756 2441 960 2473 Leid.binis.

303 2488 386 2518 Tria
411 2488 508 2517 milia>
535 2496 697 2526 passumn
722 2486 830 2524 lonqe.
858 2485 958 2516 trium

253 2530 386 2562 milium
404 2540 563 2571 passuum
589 2528 764 2560 intervallo
781 2539 801 2559 a
816 2529 959 2561 Caesare.

252 2575 417 2606 θίαν-ἣτις.

301 2620 344 2649 Et
369 2620 429 2649 ica.

248 2668 337 2693 sunt.

300 2707 371 2737 Rem
395 2705 482 2738 Juba
496 2722 541 2729 ·—
557 2715 622 2737 non.
647 2709 693 2737 est
715 2707 834 2737 visum.
880 2705 959 2735 Per-

251 2759 355 2790 quam
371 2750 489 2781 durum
507 2749 719 2780 ἀνακόλουθον.
738 2750 788 2780 M.
825 2747 877 2780 Cf.
890 2754 958 2779 noi.

252 2793 294 2822 ad
311 2803 341 2823 c.
361 2795 410 2823 19.
457 2795 504 2825 lta
521 2799 554 2824 et
569 2795 661 2834 apud
678 2794 834 2824 Plautum
851 2793 957 2823 Poen.

483 2618 547 2649 11ae
574 2616 704 2648 voculae
735 2615 768 2647 in
798 2615 876 2647 aliis
902 2617 959 2648 de·

251 2839 283 2871 3,
301 2840 332 2871 3.
351 2838 403 2867 46.
442 2838 505 2875 Tu,
529 2840 556 2868 si
576 2843 605 2869 ce
625 2839 686 2868 Dii
703 2841 837 2874 amant,
857 2847 958 2878 affere

251 2885 350 2912 mam
375 2891 447 2912 rem
472 2883 596 2914 occasio
623 2886 680 2913 est.
727 2881 762 2912 In
785 2881 866 2913 loco
891 2880 957 2912 hoc

1026 2409 1143 2430 nexus.

1074 2444 1114 2474 Ρ.
1135 2444 1248 2475 Sirius.
1265 2441 1360 2472 Italia
1377 2441 1505 2481 pulsus,
1521 2438 1678 2471 exsilium
1696 2438 1730 2470 in

1027 2485 1234 2517 Mauritania
1252 2484 1411 2517 tolcravit
1426 2490 1459 2515 et
1475 2482 1637 2515 conlectis
1652 2482 1731 2514 aliis

1026 2530 1203 2562 exsulibus
1219 2540 1257 2561 ac
1277 2539 1375 2560 manu
1392 2528 1536 2570 quadam
1552 2538 1571 2559 a
1587 2527 1730 2558 Boccho

1028 2574 1207 2616 inpetrata,
1223 2572 1348 2605 Caesari
1369 2571 1499 2603 auxilio
1514 2570 1622 2608 venit,
1637 2571 1730 2601 nullo

1026 2619 1071 2649 ab
1099 2629 1141 2649 eo
1166 2617 1333 2649 beneficio
1359 2616 1522 2648 adfectus.
1562 2614 1631 2646 Dio
1648 2614 1730 2645 Cas-

1026 2662 1097 2693 sius
1114 2665 1167 2700 43,
1189 2663 1220 2691 3.
1247 2662 1424 2692 Fellarinx.

1075 2707 1215 2737 ls’oclms.
1250 2706 1325 2735 lloc
1336 2714 1471 2741 nomen,
1487 2706 1624 2744 propter
1635 2702 1731 2732 locos

1026 2749 1147 2780 Dionis
1169 2751 1222 2787 43,
1242 2752 1272 2779 3.
1298 2754 1329 2779 et
1347 2747 1495 2789 Appiani
1521 2746 1597 2777 Civ.
1618 2748 1649 2783 2,
1674 2745 1729 2775 96.

1028 2804 1061 2834 p.
1079 2795 1155 2832 488,
1171 2791 1302 2834 recepit
1318 2792 1408 2823 Oud.
1425 2802 1444 2823 e
1460 2789 1653 2823 codicibus,
1668 2788 1730 2820 etsi

1026 2836 1060 2867 in
1077 2837 1151 2868 edd.
1168 2836 1370 2877 quibusdam
1396 2835 1515 2877 Boyud
1541 2833 1728 2874 legebatur.

1025 2881 1077 2912 M.
1122 2881 1234 2922 Hujus
1256 2879 1382 2912 mentio
1406 2879 1442 2910 fit
1467 2889 1498 2910 c.
1519 2877 1557 2908 13
1579 2877 1670 2908 etde
1686 2876 1726 2908 B.
