1946 3261
194 242 280 287 458
433 242 489 284 A.
525 235 730 282 HIRTII
761 235 846 280 DE
877 234 1082 279 BELLO
1114 234 1435 281 ALEXAND.

197 368 407 418 cohortes,
438 380 463 407 a
483 363 723 407 vernaculis
757 362 982 421 obpressas
1010 361 1068 404 ad
1101 362 1364 413 Obuculam,
1400 378 1497 406 cum
1532 361 1595 405 his
1612 363 1669 407 ad

197 426 427 469 secundam
445 422 684 481 pervenisse
704 422 929 480 legionem,
948 436 1175 478 omnesque
1195 421 1256 463 ibi
1277 438 1319 463 se
1341 421 1605 480 conjunxisse
1625 430 1670 464 et

198 485 250 527 T.
274 483 483 526 Thorium
504 481 770 523 Italicensem
799 481 964 522 Ducem
992 479 1212 536 delegisse.
1277 480 1489 523 Celeriter
1520 479 1670 523 habito

197 542 386 590 consilio,
413 540 674 583 Marcellum
691 538 958 590 Cordubam,
974 546 1023 580 ut
1039 553 1132 580 eam
1153 538 1195 580 in
1211 547 1426 596 potestate
1444 538 1670 589 retineret,

199 602 253 650 Q.
280 599 473 643 Cassium
496 598 710 657 Legatum
742 596 958 654 Hispalim
977 596 1128 639 mittit.
1189 597 1341 640 Paucis
1361 599 1400 640 ei
1420 598 1572 640 diebus
1594 597 1671 640 ad-

194 659 352 708 fertur,
374 665 632 701 conventum
654 655 977 700 Cordubensem
998 655 1055 697 ab
1075 671 1126 698 eo
1150 654 1369 706 defecisse,
1394 656 1671 699 Marcellum-

197 733 281 775 que
299 725 376 762 aut
395 716 632 765 voluntate,
649 725 724 758 aut
739 714 987 756 necessitate
1002 713 1252 764 adductum,
1272 716 1474 773 (namque
1494 715 1539 757 id
1557 715 1674 757 varie

196 776 521 831 nunciabatur,)
550 774 788 817 consentire
817 789 914 815 cum
944 771 1318 823 Cordubensibus;
1349 773 1455 817 duas
1474 773 1673 817 cohortes

195 834 375 892 legionis
410 834 586 891 quintae,
627 849 724 890 quae
761 833 932 874 fuerant
974 831 1192 874 Cordubae
1226 833 1271 874 in
1311 833 1522 890 praesidio,
1559 832 1672 875 idem

196 894 352 936 facere.
415 893 598 942 Cassius,
630 891 693 934 his
720 892 848 934 rebus
868 890 1074 939 incensus,
1105 899 1250 933 movet
1271 899 1412 933 castra
1431 899 1475 933 et
1498 899 1673 949 postero

197 952 268 994 die
287 951 518 1009 Segoviam
535 951 591 993 ad
607 950 764 992 flumen
784 949 987 992 Silicense
1004 949 1134 992 venit.
1186 949 1271 1000 Ibi,
1289 949 1437 993 habita
1454 949 1672 998 concione,

195 1010 382 1053 militum
410 1017 553 1052 tentat
572 1008 753 1051 animos:
787 1024 894 1066 quos
915 1007 1146 1065 cognoscit,
1179 1024 1264 1050 non
1283 1024 1376 1058 sua,
1398 1009 1470 1051 sed
1493 1007 1674 1051 Caesaris

194 1069 384 1112 absentis
403 1084 564 1117 caussa,
597 1067 678 1110 sibi
698 1067 918 1110 fidissimos
944 1082 1030 1109 esse
1060 1067 1313 1124 nullumque
1342 1066 1582 1125 periculum
1602 1066 1674 1109 de-

196 1136 462 1186 precaturos,
484 1128 587 1169 dum
609 1141 688 1183 per
709 1142 780 1168 eos
805 1125 962 1168 Caesari
984 1126 1206 1183 provincia
1226 1125 1543 1167 restitueretur.

255 1187 327 1228 58.
369 1185 549 1227 Interim
581 1183 768 1226 Thorius
805 1183 862 1225 ad
897 1184 1150 1226 Cordubam
1183 1192 1349 1226 veteres
1379 1183 1566 1242 legiones
1599 1183 1674 1227 ad-

194 1245 336 1288 ducit:
389 1260 452 1292 ac,
488 1259 539 1285 ne
571 1242 838 1285 dissensionis
872 1242 1041 1284 initium
1074 1252 1222 1284 natum
1252 1241 1450 1284 seditiosa
1486 1242 1674 1284 militum

195 1318 354 1360 suaque
389 1301 612 1344 videretur
645 1310 819 1350 natura,
854 1301 981 1343 simul
1014 1307 1064 1341 ut
1098 1309 1246 1342 contra
1278 1301 1332 1348 Q.
1360 1299 1566 1350 Cassium,
1600 1300 1676 1357 qui

198 1361 378 1404 Caesaris
398 1361 567 1402 nomine
588 1359 820 1418 majoribus
839 1359 1003 1402 viribus
1025 1359 1091 1400 uti
1111 1359 1357 1407 videbatur,
1380 1374 1502 1416 aeque
1523 1367 1676 1416 poten-

195 1427 284 1462 tem
304 1416 547 1477 obponeret
567 1418 842 1476 dignitatem,
871 1418 952 1459 Cn.
981 1417 1186 1475 Pompeio
1206 1433 1249 1459 se
1271 1417 1535 1474 provinciam
1556 1432 1675 1459 recu-

195 1494 348 1536 perare
368 1477 481 1520 velle
512 1477 650 1536 palam
682 1476 935 1519 dictitabat:
968 1483 1012 1518 et
1037 1476 1216 1518 forsitan
1249 1476 1380 1518 etiam
1411 1475 1492 1519 hoc
1525 1476 1676 1518 fecerit

195 1537 295 1580 odio
318 1536 497 1579 Caesaris
519 1544 562 1578 et
582 1551 726 1578 amore
751 1534 963 1592 Pompeii,
985 1534 1106 1592 cujus
1125 1549 1276 1577 nomen
1294 1534 1481 1576 multum
1501 1542 1677 1592 poterat

195 1595 312 1654 apud
344 1611 413 1637 eas
450 1595 653 1653 legiones,
687 1609 793 1650 quas
830 1594 896 1635 Μ.
923 1593 1065 1636 Varro
1095 1593 1362 1641 obtinuerat;
1396 1592 1485 1643 sed,
1513 1593 1557 1635 id
1590 1608 1677 1650 qua

196 1663 340 1697 mente
373 1661 609 1696 commotus
641 1652 807 1701 fecerit,
836 1652 1082 1710 conjectura
1113 1652 1212 1694 sciri
1240 1667 1324 1694 non
1353 1659 1518 1710 potest;
1558 1659 1675 1695 certe

198 1712 278 1754 hoc
307 1728 396 1770 prae
418 1728 460 1753 se
482 1710 666 1753 Thorius
688 1711 876 1758 ferebat;
909 1710 1065 1752 milites
1089 1710 1195 1752 adeo
1218 1710 1486 1759 fatebantur,
1517 1719 1568 1753 ut
1590 1710 1673 1752 Cn.

200 1770 395 1827 Pompeii
430 1785 582 1812 nomen
618 1769 660 1810 in
697 1769 828 1811 scutis
867 1768 992 1811 inseri
1027 1777 1121 1810 tum
1157 1767 1381 1810 haberent.
1456 1768 1676 1825 Frequens

197 1829 440 1888 legionibus
461 1835 698 1870 conventus
719 1827 890 1870 obviam
911 1785 1081 1884 prodit&
1113 1841 1253 1883 neque
1274 1834 1444 1868 tantum
1465 1826 1674 1876 virorum,

197 1888 271 1930 sed
291 1887 416 1929 etiam
429 1895 618 1928 matrum
634 1886 815 1928 familias
834 1901 882 1927 ac
901 1892 1279 1943 praetextatorum;
1313 1884 1674 1943 deprecaturque,

198 1961 250 1988 ne
272 1945 417 1988 hostili
437 1944 629 1987 adventu
652 1943 906 1987 Cordubam
928 1943 1187 2001 diriperent:
1221 1958 1318 1986 nam
1337 1960 1381 1985 se
1403 1951 1553 1986 contra
1573 1944 1676 1986 Cas-

197 2005 306 2047 sium
333 2004 491 2046 sentire
518 2019 615 2046 cum
643 2003 860 2051 omnibus;
892 2009 1042 2045 contra
1063 2002 1275 2045 Caesarem
1301 2016 1353 2043 ne
1382 2002 1522 2045 facere
1550 2018 1675 2060 coge-

198 2071 367 2112 rentur,
390 2078 529 2105 orare.

256 2121 327 2163 59.
360 2121 510 2164 Tantae
531 2119 822 2162 multitudinis
845 2119 1045 2178 precibus
1063 2126 1107 2161 et
1128 2118 1310 2161 lacrimis
1330 2117 1541 2161 exercitus
1562 2134 1675 2162 com-

199 2188 339 2223 motus
371 2195 507 2236 quum
538 2178 720 2228 videret,
753 2179 807 2221 ad
831 2178 1025 2221 Cassium
1058 2177 1404 2236 persequendum
1437 2176 1540 2220 nihil
1569 2194 1676 2237 opus

249 2326 443 2358 Obuculam.
487 2323 585 2355 Conf.
610 2322 753 2355 Wessel.
778 2324 820 2355 ad
837 2324 906 2354 An-

203 2375 274 2402 ton.
292 2369 362 2400 itin.
382 2380 415 2410 p.
428 2370 503 2399 1113.

251 2415 398 2445 Consilio.
446 2412 556 2447 Vulgo
573 2412 717 2443 concino.

253 2459 439 2497 Sequi-mm.
498 2455 600 2486 Nulla
637 2454 669 2485 in
702 2455 766 2486 hoc
798 2460 903 2487 tractu

205 2500 349 2542 Segovia
377 2506 457 2531 nota
488 2505 558 2537 est3
596 2498 755 2539 Sagontia
781 2506 905 2538 autem,

204 2545 274 2576 sive
311 2544 468 2585 Saguntia
507 2542 622 2580 Plinii,
652 2548 709 2573 aut
742 2543 906 2582 Eoeyovwn'cz

205 2588 394 2627 Ptolemaei,
422 2588 506 2619 infra
530 2585 700 2627 Hispalim
724 2591 773 2616 est
795 2588 905 2618 Gades

203 2643 330 2663 versus.
357 2632 439 2663 inter
462 2631 622 2662 Mundam
646 2634 679 2660 et
694 2629 904 2662 Nebrissam.

209 2678 334 2707 Cellnr.

252 2721 392 2750 Flumen
410 2721 572 2750 Silicmzce.
611 2717 646 2748 In
661 2716 716 2748 his
731 2716 818 2748 locis
832 2718 906 2748 nnl-

205 2762 275 2793 lum
307 2762 429 2793 flumen
457 2762 641 2799 Silicense3
656 2772 659 2774 ·
675 2761 732 2791 sed
757 2763 906 2801 Sirzyulix

207 2811 256 2836 est
273 2806 407 2837 Baeticae
425 2806 558 2837 fluvius.
585 2807 753 2836 θαι-ἰδίης.

258 2851 310 2881 Uti
324 2850 508 2881 videbatur.
554 2849 664 2879 Jurin.
679 2848 759 2879 velit
773 2851 846 2879 niti.

254 2893 329 2927 Sed,
342 2894 377 2923 id
393 2897 638 2933 qna—potest.
664 2892 791 2923 Omnes
805 2893 904 2923 codd.

208 2935 320 2968 locum
334 2936 383 2967 sic
397 2937 574 2968 exhibent:
590 2937 646 2967 sed
660 2937 693 2967 id
706 2947 775 2978 qua
785 2942 904 2974 mente,

969 2324 1151 2354 communis
1171 2326 1243 2354 erat
1265 2324 1470 2361 confectura.-
1498 2331 1574 2362 quae
1597 2331 1675 2353 cum

936 2400 939 2403 ,
971 2376 1037 2397 11011
1068 2365 1133 2397 sint
1163 2366 1302 2405 integra,
1330 2365 1477 2397 editores
1504 2365 1674 2406 vulgatam

973 2410 1152 2441 lectionem
1182 2410 1410 2449 efformarant3
1448 2409 1537 2440 Oud.
1565 2409 1677 2450 suspi-

971 2460 1073 2492 catur,
1101 2452 1167 2493 legi
1193 2463 1302 2494 posse,
1329 2454 1384 2484 sed
1405 2453 1440 2484 id
1463 2463 1533 2494 qua
1555 2458 1676 2492 mente,

970 2508 1116 2529 nonwm
1131 2503 1201 2528 erat
1211 2500 1408 2537 conjectura.
1426 2497 1477 2527 M.
1508 2497 1583 2527 Hoc
1595 2496 1675 2528 satis

971 2541 1092 2582 placet.
1138 2541 1224 2572 Edd.
1248 2546 1316 2571 vet.
1340 2540 1466 2571 habent
1489 2543 1677 2581 conjectura

970 2588 1048 2616 seiri
1062 2589 1177 2626 potest,
1201 2584 1260 2615 ubi
1277 2584 1383 2615 Aldus
1400 2584 1583 2625 interponit
1597 2594 1674 2622 non,

970 2629 1061 2670 quod
1078 2633 1213 2659 secutus
1229 2628 1355 2669 Scalig.
1370 2638 1445 2658 cum
1461 2628 1546 2659 aliis.

1020 2674 1411 2712 Nomevz-insm-iptum.
1436 2672 1487 2703 De
1500 2672 1565 2703 hoc
1581 2680 1672 2701 more

970 2716 1081 2757 egisse
1105 2716 1262 2757 Lipsium
1287 2715 1403 2754 (milit.
1423 2716 1522 2746 Rom.
1544 2715 1576 2745 in
1592 2724 1673 2744 ana-

971 2760 1046 2791 lect.
1064 2761 1105 2790 ad
1125 2762 1155 2797 3,
1172 2760 1231 2798 2.).
1252 2759 1384 2790 monuit
1401 2758 1580 2790 Davisius:
1604 2757 1671 2788 alia

970 2803 1120 2844 conlegit
1135 2803 1312 2834 Fabricius
1329 2803 1371 2834 ad
1387 2802 1490 2833 Dion.
1505 2801 1599 2833 Cass.
1618 2804 1658 2831 42

974 2848 1024 2878 15.
1056 2849 1105 2878 M.

1019 2893 1212 2924 Conventa&
1235 2890 1302 2922 vid.
1320 2890 1389 2921 Ind.
1414 2891 1462 2921 M.
