1946 3261
583 153 700 198 LIB.
735 151 818 198 VI.
880 152 1019 196 CAP.
1051 149 1242 196 33-35.
1569 148 1646 194 161

170 279 335 324 tatibus
356 288 480 324 erant
501 289 620 331 nota,
657 294 948 339 magnamque
981 295 1048 321 res
1083 277 1358 337 diligentiam
1377 275 1652 335 requirebat,

170 339 254 383 non
276 340 320 383 in
339 356 504 383 summa
523 339 738 383 exercitus
767 339 943 388 tuenda,
982 337 1170 393 (nullum
1203 337 1317 379 enim
1382 343 1525 378 oterat
1555 334 1652 378 uni-

171 398 304 442 versis
331 400 389 442 ab
410 399 658 458 perterritis
679 415 728 441 ac
745 397 948 456 dispersis
974 395 1221 455 periculum
1252 353 1468 452 accidere)
1502 393 1578 437 sed
1608 394 1654 436 in

170 457 352 516 singulis
370 458 584 500 militibus
616 455 942 504 conservandis;
982 471 1079 512 quae
1114 463 1272 505 tamen
1289 470 1342 495 ex
1362 462 1489 511 parte
1508 469 1576 496 res
1593 451 1652 495 ad

170 516 355 559 salutem
405 516 620 558 exercitus
670 516 937 573 pertinebat.
1010 513 1126 556 Nam
1161 521 1206 554 et
1240 511 1397 569 praedae
1439 511 1655 569 cupiditas

171 575 332 617 multos
351 575 524 632 longius
554 574 765 617 evocabat
795 583 840 616 et
872 573 990 615 silvae
1021 570 1195 613 incertis
1230 570 1497 626 occultisque
1530 571 1655 612 itine-

169 633 291 676 ribus
332 634 551 676 confertos
590 631 714 674 adire
754 631 1062 690 prohibebant.
1144 628 1192 671 Si
1229 627 1456 686 negotium
1502 628 1654 671 confici

169 692 249 734 stir
285 707 440 748 emque
478 691 702 734 hominum
739 691 1049 733 sceleratorum
1089 686 1274 730 interfici
1312 686 1464 735 vellet,
1512 686 1657 728 dimit-

171 708 314 793 tendae
333 750 482 809 plures
500 766 650 792 manus
669 748 994 807 diducendique
1013 756 1138 790 erant
1158 746 1318 788 milites
1336 761 1346 787 ε
1379 745 1414 788 si
1434 745 1657 788 continere

172 808 230 851 ad
259 810 382 877 signa
411 809 656 867 manipulos
689 808 841 858 vellet,
866 816 916 850 ut
946 806 1148 849 instituta
1180 804 1293 848 ratio
1325 813 1370 847 et
1390 803 1660 846 consuetudo

172 876 388 910 exereitus
407 867 592 910 Romani
612 867 882 925 postulabat,
916 867 1036 909 locus
1071 865 1159 922 ipse
1198 872 1294 906 erat
1327 863 1529 922 praesidio
1562 863 1662 905 bar-

174 927 305 976 baris,
327 942 467 984 neque
488 943 541 969 ex
560 926 733 968 occulto
753 925 982 968 insidiandi
999 933 1044 966 et
1062 923 1278 982 dispersos
1297 920 1662 965 circumveniendi

173 985 352 1044 singulis
395 985 546 1028 deerat
595 984 788 1028 audacia.
869 985 931 1026 At
969 984 1013 1025 in
1053 981 1264 1041 ejusmodi
1312 981 1661 1030 difficultatibus,

174 1053 388 1101 quantum
425 1044 653 1103 diligentia
691 1043 917 1102 provideri
967 1050 1159 1101 poterat,
1212 1040 1563 1099 providebatur;
1612 1047 1664 1082 ut

174 1103 322 1160 potius
342 1104 385 1145 in
407 1103 603 1146 nocendo
621 1102 787 1160 aliquid
807 1103 1103 1149 omitteretur,
1138 1100 1217 1142 etsi
1246 1101 1436 1142 omnium
1456 1098 1586 1142 animi
1604 1097 1663 1140 ad

174 1161 467 1204 ulciscendum
484 1162 715 1210 ardebant,
739 1177 870 1219 quam
902 1177 1000 1202 cum
1021 1160 1169 1216 aliquo
1187 1159 1377 1201 militum
1399 1157 1665 1200 detrimento

177 1229 422 1263 noceretur.
486 1221 630 1264 Caesar
668 1221 720 1263 ad
764 1220 981 1261 finitumus
1017 1219 1215 1261 civitates
1251 1217 1427 1259 nuncios
1464 1217 1667 1265 dimittit,

178 1294 324 1322 omnes
342 1277 398 1320 ad
416 1294 460 1320 se
479 1287 634 1320 evocat
652 1295 727 1335 spe
752 1277 925 1335 praedae,
960 1277 1015 1319 ad
1051 1277 1320 1334 diripiendos
1341 1276 1586 1326 Eburones,
1619 1283 1670 1317 ut

179 1337 326 1396 potius
344 1337 388 1378 in
405 1337 523 1379 silvis
544 1337 776 1378 Gallorum
796 1336 900 1385 vita,
922 1352 1054 1392 quam
1083 1335 1348 1393 legionarius
1385 1335 1523 1384 miles,
1555 1334 1669 1392 peri-

180 1397 386 1444 clitetur;
427 1395 555 1437 simul
574 1403 640 1443 ut,
670 1409 828 1451 magna
859 1392 1142 1435 multitudine
1173 1393 1448 1441 circumfusa,
1482 1408 1564 1450 pro
1593 1393 1673 1434 tali

179 1455 384 1504 facinore,
405 1453 536 1511 stirps
557 1469 607 1495 ac
626 1467 782 1494 nomen
801 1451 992 1493 civitatis
1010 1451 1211 1493 tollatur.
1266 1450 1457 1507 Magnus
1476 1451 1672 1508 undique

185 1530 388 1557 numerus
407 1513 609 1555 celeriter
630 1510 846 1552 convenit.

239 1572 311 1614 35.
348 1571 454 1614 Haec
494 1571 537 1612 in
578 1569 777 1612 omnibus
830 1568 1089 1610 Eburonum
1140 1565 1340 1623 partibus
1386 1567 1673 1624 gerebantur,

181 1631 363 1688 diesque
383 1629 620 1686 adpetebat
642 1627 866 1685 septimus,
886 1643 1017 1684 quem
1036 1626 1089 1667 ad
1121 1625 1238 1667 diem
1267 1625 1413 1667 Caesar
1431 1624 1488 1667 ad
1510 1625 1673 1682 inpedi-

180 1699 326 1732 menta
355 1689 659 1746 legionemque
692 1687 871 1735 reverti,
901 1686 1200 1728 constituerat.
1266 1683 1369 1733 Hic,
1391 1692 1604 1741 quantum
1632 1683 1676 1726 in

181 1749 300 1791 bello
319 1749 496 1790 fortuna
515 1747 649 1804 possit
668 1755 712 1788 et
731 1754 916 1803 quantos
933 1744 1101 1787 adferat
1128 1760 1264 1792 casuS‚
1284 1743 1485 1802 cognosci
1506 1742 1670 1801 potuit.

184 1806 417 1866 Dissipatis
438 1822 488 1848 ac
509 1804 758 1864 perterritis
776 1804 988 1854 hostibus,
1022 1812 1072 1845 ut
1090 1803 1494 1852 demonstravimus,
1528 1817 1677 1844 manus

181 1941 376 1977 sequuntur,
411 1947 470 1977 per
499 1936 581 1968 illud
611 1946 675 1976 qne
706 1934 786 1966 satis
808 1940 888 1975 apte

185 1980 408 2022 conjungitur.
464 1981 554 2021 Ergo
587 1980 699 2020 primo
730 1989 792 2019 pro
824 1981 893 2010 ltael'

186 2024 376 2065 scripserim
407 2034 494 2065 quse,
523 2030 555 2054 et
579 2024 696 2058 verba,
725 2033 797 2064 quoe
822 2024 896 2054 lora

961 1933 1037 1964 cod.
1091 1931 1205 1964 [Ti-sini
1235 1936 1268 1962 ct
1297 1930 1523 1971 metaphraste
1550 1931 1670 1962 Graeco

962 1977 1137 2018 supplevit
1154 1976 1270 2007 Davis.

1011 2023 1098 2052 Num
1144 2027 1174 2052 ec
1215 2021 1341 2061 pmezloe
1371 2037 1414 2042 -—
1440 2020 1674 2062 prohibebam.

183 2070 284 2098 riwin.
298 2074 396 2100 erant
409 2074 500 2105 nota,
517 2067 686 2108 posuerim
705 2073 780 2108 post
796 2068 896 2108 palus

184 2113 343 2153 inpedita.
398 2112 529 2143 Deinde
559 2114 633 2143 lora
674 2112 896 2142 rim'nitatilms·

185 2162 266 2187 ποια
285 2163 367 2197 puto
382 2167 456 2187 esse
473 2156 525 2187 vel
549 2161 628 2186 nota
652 2161 789 2197 propte-r
810 2154 895 2185 vici-

189 2199 321 2238 unates,
336 2201 388 2232 vel
404 2205 484 2231 nota
511 2199 635 2231 vicinis
662 2199 806 2230 accolis.
846 2199 895 2228 M.

189 2243 266 2274 Non
283 2244 397 2284 video,
411 2245 512 2285 quale
527 2243 715 2275 remedium
741 2242 801 2274 ista
818 2253 896 2272 mu-

189 2288 273 2318 tatio
300 2288 377 2320 huic
404 2289 482 2319 loco
509 2288 646 2318 adferat.
693 2287 814 2317 Sensus
835 2285 898 2316 erit

190 2331 281 2362 idem
312 2338 451 2373 utroque
480 2333 595 2363 modo.
643 2331 733 2368 Quia
757 2341 797 2361 ea
824 2330 898 2360 loca

190 2375 425 2407 vicinitatibus
440 2382 531 2408 erant
546 2384 637 2413 nota,
650 2376 682 2406 in
700 2385 774 2416 quae
791 2385 825 2405 se
848 2385 899 2404 re-

191 2419 306 2460 cipere
323 2426 473 2461 possent,
501 2420 561 2451 ubi
591 2419 739 2451 Romani
767 2419 900 2449 confer-

192 2465 251 2495 tim
290 2464 498 2503 accederent,
535 2469 652 2495 contra
692 2462 816 2504 singuli
854 2462 900 2492 ab

193 2507 347 2539 hostibus
361 2508 461 2539 facile
484 2507 594 2539 occidi
622 2513 789 2548 poterant,
819 2506 899 2537 hinc

192 2562 348 2592 magnam
375 2551 589 2592 diligentiam
617 2563 670 2583 res
699 2550 902 2592 requirebat.

197 2596 407 2638 Metonymia
423 2598 600 2627 vicinitatis
612 2601 645 2626 et
658 2595 736 2627 aliis
749 2594 837 2625 trita.
858 2594 900 2624 V.

195 2640 312 2681 Nepos
322 2639 434 2671 Alcib.
452 2642 504 2671 10.
531 2639 667 2670 Sallust.
684 2639 719 2670 b.
732 2638 834 2670 Catil.
847 2640 903 2669 35.

197 2685 290 2716 Suet.
306 2685 392 2725 Aug.
409 2685 463 2715 24.
486 2682 560 2714 Cic.
579 2682 678 2713 Offic.
695 2686 728 2721 2,
748 2685 800 2713 18.

250 2730 472 2771 Diliyenliam
500 2726 674 2766 (Caesaris)
703 2726 906 2768 requirebat.

243 2817 387 2848 Summa
403 2817 580 2855 esem-citus,
607 2813 784 2846 universus
809 2824 905 2845 exer-

197 2859 296 2892 citus.
323 2861 371 2892 M.

245 2905 294 2937 Ab
323 2906 521 2947 perterritis.
575 2902 859 2947 Praepositionem
886 2912 906 2935 e

961 2066 1042 2096 Haec
1062 2064 1178 2095 onmia
1209 2064 1316 2095 verba
1345 2064 1485 2095 fortasse
1512 2064 1670 2105 ponenda

961 2116 1037 2140 sunt
1051 2116 1123 2150 post
1141 2108 1280 2139 verbnm
1295 2108 1542 2140 comm-emulis.
1566 2109 1615 2139 M.

1009 2155 1053 2184 Et.
1068 2154 1173 2184 εἰῶ-α).
1189 2152 1248 2183 alii
1266 2163 1317 2184 ac.

1007 2199 1047 2228 Ac
1064 2201 1098 2227 in
1115 2199 1233 2236 ejusne.
1259 2196 1329 2228 Alii
1353 2199 1403 2228 Ut.
1422 2198 1477 2228 Et.

1010 2243 1052 2273 In
1070 2241 1213 2271 nocendo
1241 2241 1374 2282 aliquid
1402 2242 1575 2279 mniltil'ur,
1603 2249 1670 2272 non

963 2292 1103 2317 nocetur
1117 2290 1247 2315 tantum
1270 2291 1304 2315 et
1326 2284 1441 2323 toties,
1462 2290 1624 2326 quantum
1641 2292 1674 2315 et

962 2329 1097 2372 quoties
1110 2328 1226 2360 noceri
1242 2334 1364 2370 potest.
1389 2329 1438 2360 M.

1011 2375 1234 2405 Omitteretur.
1267 2372 1338 2404 Alii
1353 2375 1673 2414 prcsttermmeretur.

965 2417 1103 2460 perinde
1117 2423 1180 2448 est.

1014 2462 1065 2492 ‚m
1077 2471 1110 2492 se
1123 2466 1246 2493 evocat.
1272 2460 1326 2492 Sic
1346 2461 1447 2492 codd.
1464 2465 1496 2491 et
1512 2460 1586 2490 edd.
1603 2464 1674 2491 vet,

967 2506 1059 2537 Male
1076 2505 1282 2536 recentiores
1297 2505 1441 2536 omisere
1457 2504 1503 2535 ml
1519 2514 1562 2536 se.

1018 2550 1235 2591 Leyinnariits
1261 2551 1367 2581 milex.
1395 2548 1455 2580 alii
1475 2549 1679 2588 leyimzario-

966 2605 1055 2626 rmn-
1080 2599 1112 2624 et
1137 2604 1198 2635 pro
1227 2595 1437 2635 periclitetur
1460 2592 1560 2632 vulgo
1587 2593 1677 2632 peri-

968 2641 1151 2670 ditaretur.

1017 2683 1146 2714 Nomen
1162 2683 1298 2714 citicate's
1313 2682 1462 2714 tollatur.
1497 2677 1565 2716 Qui
1581 2677 1677 2709 Ebu-

970 2736 1092 2758 ronum
1135 2726 1331 2767 superstites
1374 2724 1518 2762 fuerunt,
1558 2721 1594 2753 hi
1641 2721 1675 2753 in

972 2770 1186 2812 Tungrorum
1245 2778 1369 2800 nomen
1428 2772 1679 2798 concesserunt.

977 2815 1161 2855 Glamlorp.
1179 2819 1213 2844 et
1230 2815 1354 2845 Cellar.
1391 2811 1444 2843 Cf.
1461 2811 1582 2843 Ritteri
1599 2810 1681 2842 hist.

971 2858 1060 2891 Gall.
1076 2869 1111 2899 p.
1131 2859 1204 2888 107.
1222 2858 1272 2888 M.

1021 2904 1155 2936 Reverti
1169 2903 1396 2935 constituerat.
1412 2900 1467 2932 Cf.
1479 2910 1557 2942 cap.
1571 2899 1685 2933 33.M.

1465 2988 1503 3021 M
