1946 3261
311 232 395 275 434
540 234 594 275 A.
629 228 826 275 HIRT-II
860 228 941 275 DE
973 230 1173 276 BELLO
1206 228 1520 279 ALEXAND.

312 356 443 415 pulsis
474 356 663 399 custodia
694 364 844 414 portus
864 357 1028 404 relicta,
1064 355 1119 398 ad
1139 356 1266 399 litora
1297 365 1341 399 et
1361 358 1501 400 vicum
1523 355 1762 414 adplicave-

312 422 427 462 runt,
448 429 576 470 seque
597 429 648 456 ex
668 415 846 457 navibus
863 415 913 457 ad
936 413 1095 456 tuenda
1113 414 1288 457 aedificia
1303 416 1534 473 ejecerunt.

374 471 435 512 18.
470 472 622 528 Neque
649 488 751 515 vero
777 471 939 515 diutius
959 473 1039 528 ipsi
1071 488 1120 515 ea
1139 472 1371 515 munitione
1390 489 1432 515 se
1453 472 1670 515 continere
1689 485 1764 529 pe-

310 537 508 571 tuerunt:
550 529 628 572 etsi
659 538 751 573 erat
781 545 864 573 non
897 530 1110 579 dissimile,
1146 539 1278 588 atque
1315 530 1601 578 Alexandriae,
1633 543 1765 586 genus

309 586 602 637 aedificiorum,
643 596 694 630 ut
732 588 895 631 minora
942 588 1171 645 majoribus
1209 589 1498 639 conferantur,
1538 596 1765 644 turresque

309 643 435 687 editae
456 654 500 688 et
519 646 753 703 conjunctae
779 647 889 688 muri
918 645 1056 688 locum
1076 647 1347 689 obtinebant:
1380 662 1518 705 neque
1538 645 1671 688 nostri
1691 651 1769 686 aut

309 702 444 752 scalis,
465 713 541 745 aut
563 704 767 754 cratibus,
791 713 865 746 aut
885 704 1057 760 reliquis
1076 705 1204 747 rebus
1231 705 1372 764 parati
1392 712 1594 747 venerant
1615 701 1670 744 ad
1692 701 1768 744 ob-

308 761 603 817 pugnandum.
668 762 753 803 Sed
793 771 933 804 terror
970 761 1207 804 hominibus
1239 771 1422 804 mentem
1457 761 1767 816 consiliumque

308 817 440 875 eripit
459 827 503 860 et
524 820 714 862 membra
733 819 951 861 debilitat:
986 828 1035 860 ut
1057 829 1158 861 tunc
1179 820 1344 862 accidit.
1409 820 1495 868 Qui
1515 835 1556 860 se
1578 819 1620 860 in
1642 831 1766 873 aequo

308 873 404 917 loco
431 892 478 917 ac
508 877 634 934 plano
663 893 786 933 pares
817 893 902 918 esse
923 876 1207 924 confidebant,
1239 877 1377 925 iidem,
1409 875 1631 933 perterriti
1664 874 1767 929 fuga

306 948 479 975 suorum
500 943 543 975 et
564 934 675 976 caede
698 948 947 988 paucorum,
978 934 1159 990 triginta
1189 933 1344 990 pedum
1365 933 1590 975 altitudine
1611 933 1654 974 in
1673 931 1769 973 aedi-

306 989 409 1032 ficiis
429 992 652 1033 consistere
681 989 768 1030 ausi
790 1004 871 1030 non
892 998 1007 1037 sunt,
1041 1006 1167 1046 seque
1190 1006 1269 1047 per
1288 991 1443 1032 molem
1465 991 1507 1031 in
1527 1005 1641 1031 mare
1661 1004 1768 1046 prae-

305 1048 593 1106 cipitaverunt
613 1055 655 1088 et
672 1047 1016 1103 octingentorum
1033 1062 1232 1103 passuum
1247 1048 1473 1090 intervallo
1488 1046 1543 1089 ad
1559 1046 1768 1104 oppidum

305 1112 599 1147 enataverunt.
664 1103 798 1145 Multi
834 1113 972 1146 tamen
1008 1120 1060 1146 ex
1091 1105 1138 1146 iis
1174 1105 1290 1162 capti
1322 1105 1619 1161 interfectique
1651 1112 1766 1152 sunt,

307 1163 379 1204 sed
400 1177 597 1204 numerus
618 1162 886 1217 captivorum
907 1162 1076 1203 omnino
1097 1162 1182 1203 fuit
1204 1163 1302 1204 DC.
1693 1178 1695 1181 ¹

369 1220 433 1261 19.
469 1219 623 1268 Caesar,
647 1219 790 1275 praeda
809 1219 1018 1261 militibus
1039 1235 1246 1268 concessa,
1277 1219 1451 1263 aedificia
1468 1218 1598 1276 diripi
1626 1218 1766 1276 jussit,

305 1276 612 1333 castellumque
634 1276 687 1318 ad
708 1285 897 1332 pontem,
920 1277 994 1333 qui
1012 1277 1188 1333 propior
1207 1285 1298 1318 erat
1318 1277 1472 1324 Pham,
1491 1277 1769 1323 communivit

304 1343 437 1390 atque
457 1334 515 1375 ibi
536 1333 780 1390 praesidium
799 1334 953 1390 posuit.
1004 1334 1133 1375 Hunc
1154 1335 1258 1391 fuga
1277 1334 1460 1376 Pharitae
1478 1333 1765 1389 reliquerant3

306 1391 526 1435 fortiorem
547 1391 667 1432 illum
691 1392 1022 1448 propioremque
1041 1393 1203 1449 oppido
1222 1391 1497 1434 Alexandrini
1513 1391 1766 1437 tuebantur.

310 1449 396 1490 Sed
417 1465 512 1490 eum
533 1457 704 1505 postero
724 1449 791 1491 die
812 1449 935 1490 simili
965 1450 1128 1490 ratione
1147 1449 1415 1507 adgreditur,
1446 1446 1579 1506 quod,
1611 1447 1672 1491 his
1692 1449 1767 1492 ob-

307 1507 434 1551 tentis
473 1506 659 1555 duobus,
700 1522 865 1548 omnem
899 1506 1167 1564 navigiorum
1206 1522 1430 1550 excursum
1467 1514 1511 1548 et
1545 1507 1769 1563 repentina

304 1564 526 1611 latrocinia
546 1565 763 1605 sublatum
785 1564 837 1605 iri
857 1564 1098 1607 videbatur.
1160 1565 1345 1621 Jamque
1366 1581 1451 1613 eos,
1473 1564 1548 1621 qui
1569 1564 1765 1622 praesidio

304 1638 402 1663 eum
423 1622 562 1663 locum
592 1622 807 1670 tenebant,
832 1622 1054 1664 tormentis
1080 1638 1133 1664 ex
1152 1623 1332 1665 navibus
1357 1622 1610 1680 sagittisque
1630 1621 1764 1680 depu-

305 1680 414 1722 lerat
435 1688 565 1735 atque
587 1678 629 1720 in
649 1678 857 1735 oppidum
878 1679 1125 1736 1·edegerat;
1154 1689 1201 1722 ‘et
1221 1681 1461 1723 cohortium
1481 1680 1612 1722 trium
1633 1679 1764 1720 instar

306 1738 349 1778 in
379 1746 537 1778 terram
569 1745 844 1793 exposuerat:
879 1752 961 1779 non
990 1738 1098 1778 enim
1130 1738 1273 1795 plures
1302 1737 1529 1780 consistere
1560 1736 1766 1793 angustiae

306 1795 388 1837 loci
411 1793 707 1852 patiebantur:
742 1794 917 1850 reliquae
937 1795 1068 1851 copiae
1088 1795 1129 1835 in
1158 1795 1336 1836 navibus
1361 1795 1584 1836 stationem
1604 1794 1766 1836 obtine-

306 1853 424 1894 bant.
478 1852 575 1900 Quo
592 1851 706 1893 facto
726 1851 922 1908 imperat,
938 1861 1110 1909 pontem
1128 1852 1326 1894 adversus
1346 1851 1507 1893 hostem
1524 1851 1767 1908 praevallari

307 1918 366 1958 et,
402 1925 486 1966 qua
516 1909 654 1951 exitus
675 1909 851 1951 navibus
882 1918 974 1951 erat
1003 1909 1162 1952 fornice
1186 1919 1416 1959 exstructo,
1447 1925 1533 1966 quo
1555 1924 1658 1966 pons
1678 1925 1765 1951 sus-

307 1968 541 2015 tinebatur,
574 1967 783 2023 lapidibus
817 1967 985 2023 obpleri
1021 1977 1149 2023 atque
1186 1968 1367 2009 obstrui:
1408 1982 1593 2024 quorum
1627 1966 1765 2009 altero

309 2040 438 2081 opere
469 2025 633 2073 effecto,
666 2033 716 2065 ut
748 2024 866 2066 nulla
893 2025 1062 2066 omnino
1081 2024 1237 2082 scapha
1269 2024 1415 2082 egredi
1445 2032 1598 2081 posset,
1626 2024 1764 2069 altero

308 2082 521 2130 instituto,
540 2097 680 2124 omnes
699 2082 1087 2124 Alexandrinorum
1105 2083 1235 2139 copiae
1249 2097 1301 2124 ex
1318 2081 1479 2140 oppido
1493 2098 1535 2124 se
1550 2082 1767 2140 ejecerunt

356 2200 509 2232 Custodia
523 2210 556 2239 p.
568 2200 691 2230 relicta.
725 2197 744 2228 J
749 2196 875 2230 uriuius
889 2198 1002 2230 mallet

310 2243 460 2276 custodite
474 2253 510 2283 p.
528 2243 641 2272 relicti.

357 2287 408 2317 Ad
423 2287 523 2316 litora
537 2290 566 2316 et
584 2295 612 2314 v.
629 2284 686 2314 ad.
730 2282 886 2323 Plerique
903 2284 1001 2314 codd.

311 2329 449 2365 habent,
463 2338 563 2359 nat-es
576 2327 620 2359 ad
635 2328 733 2358 litora
750 2331 778 2358 et
797 2338 823 2356 r.
841 2327 919 2367 adp.
951 2327 1001 2356 De

312 2373 388 2404 vico
406 2372 449 2402 cf.
466 2372 504 2401 B.
520 2371 558 2401 C.
576 2374 605 2408 3,
625 2371 697 2400 112.
723 2370 770 2399 M.
817 2368 1000 2400 Subaudire

310 2425 410 2449 naves
425 2414 559 2445 sufficit.

358 2459 427 2500 Ipsi
441 2467 482 2488 ex
495 2457 684 2488 munitione.
729 2455 771 2485 Et
789 2457 850 2494 'ipsi
872 2462 904 2486 et
927 2467 966 2486 ear
981 2466 1001 2488 a

311 2501 410 2532 bonis
433 2500 530 2531 codd.
547 2499 658 2537 abest;
682 2507 742 2528 nec
756 2497 929 2538 quisquam
947 2499 1002 2529 de-

309 2544 480 2582 siderabit,
503 2542 531 2574 si
555 2541 740 2573 omittatur.
761 2541 810 2571 M.
858 2540 945 2581 Lego
961 2553 1001 2573 ea

310 2589 504 2624 munitione,
533 2586 621 2626 quod
651 2585 736 2616 bene
766 2582 857 2613 dedit
888 2585 1000 2615 Davis.

309 2629 463 2670 Sequitur
476 2639 553 2660 eum
570 2628 703 2659 Clarke.
752 2625 862 2665 Vulgo
878 2626 1001 2667 legitur

309 2684 360 2710 em,
383 2672 441 2703 ubi
465 2671 734 2713 praepositionem
749 2669 891 2699 deletam
909 2670 1000 2710 cupit

311 2716 467 2755 Scaliger.
504 2714 640 2747 Ursinus
655 2712 841 2754 reponebat
860 2715 897 2742 in
910 2724 1001 2743 mun.

312 2759 399 2788 Oud.
417 2769 476 2799 pro
492 2760 553 2799 ipsi
567 2768 606 2788 eac
622 2755 825 2798 conjiciebat
837 2755 1000 2794 Ρήανὶῑω,

308 2801 408 2835 nimis
421 2801 590 2832 audacter.

357 2845 464 2876 Genus
478 2844 705 2886 aedeficiomm.
741 2840 794 2874 Cf.
811 2850 886 2883 cap.
906 2843 933 2873 1.
949 2842 999 2874 M.

1117 2198 1389 2240 Ocrinyentomm.
1434 2197 1516 2229 Cod.
1534 2197 1649 2229 Vossii
1663 2196 1763 2229 habet

1070 2246 1321 2282 nonqmtorum,
1336 2246 1371 2271 ut
1387 2241 1426 2272 C.
1444 2243 1474 2272 3.
1493 2243 1563 2273 112.

1117 2284 1307 2315 Intervallo.
1353 2283 1420 2314 Alii
1436 2285 1659 2316 intervallum.

1117 2328 1194 2358 Fuit
1210 2328 1285 2358 DC.
1331 2327 1366 2357 In
1383 2327 1478 2357 codd.
1493 2338 1571 2358 vero
1587 2335 1645 2359 sest
1656 2326 1762 2359 millia

1070 2369 1201 2410 legitur,
1221 2380 1322 2410 quem
1344 2380 1530 2409 numerum,
1553 2375 1590 2400 ut
1609 2368 1762 2406 nimium,

1071 2412 1226 2443 videntur
1242 2413 1386 2444 editores
1399 2418 1554 2444 mutasse.
1580 2413 1629 2444 M.

1116 2457 1166 2486 Ad
1176 2460 1320 2497 pontem,
1343 2458 1401 2497 qui
1416 2459 1558 2498 propior.
1601 2454 1680 2486 Scil.
1694 2454 1760 2485 duo

1071 2504 1190 2538 pontes
1213 2499 1314 2535 fuere,
1341 2500 1433 2536 alter,
1458 2498 1517 2540 qui
1539 2498 1662 2529 molem
1685 2506 1761 2527 cum

1072 2542 1192 2580 Pharo,
1201 2542 1293 2580 alter,
1306 2542 1451 2582 quicum
1464 2541 1590 2583 oppido
1599 2541 1761 2582 jungeret.

1120 2585 1307 2617 Videbatur.
1344 2585 1512 2616 Bentleius
1527 2583 1607 2615 velit
1620 2582 1758 2623 videbat.

1116 2629 1194 2659 Colz.
1210 2631 1310 2658 trium
1323 2630 1441 2659 instar.
1479 2627 1531 2658 Sic
1547 2627 1620 2658 Cic.
1633 2625 1675 2656 ad
1692 2626 1758 2656 Att.

1073 2671 1121 2709 16,
1138 2674 1167 2701 5.
1183 2673 1288 2702 instar
1298 2673 1507 2712 septuayima
1518 2670 1735 2712 epistolarum.

1113 2715 1251 2745 Fornice
1275 2719 1446 2745 exstructo.
1479 2713 1503 2744 i.
1517 2723 1536 2743 e
1578 2722 1635 2754 per
1660 2710 1759 2742 forni-

1066 2765 1151 2786 cem.
1200 2756 1308 2796 Vulgo
1337 2757 1422 2787 male
1450 2755 1653 2795 distinguunt
1681 2758 1756 2784 ante

1058 2798 1195 2838 fornice.

1118 2844 1156 2872 Ut
1170 2844 1266 2875 nulla
1286 2848 1349 2873 etc.
1386 2842 1472 2872 Oud.
1488 2841 1552 2872 hoc
1574 2844 1610 2873 ut
1629 2844 1662 2872 et
1677 2848 1755 2872 mox

1066 2887 1226 2925 ‘tieem-une
1250 2885 1339 2916 dedit
1363 2895 1382 2916 e
1404 2885 1502 2915 codd.
