1946 3261
560 180 679 227 LIB.
714 180 820 227 VII.
883 182 1024 231 CAP.
1055 181 1245 226 59-52.
1573 183 1655 226 201

172 325 285 368 quos
320 309 361 354 ei
401 311 576 370 negotio
651 312 892 361 raefecerat,
926 310 1127 354 celeriter
1162 309 1491 354 transmittitur.
1556 309 1661 352 Uno

174 370 267 413 fere
289 378 489 430 tempore
510 371 592 415 sub
632 387 755 414 ucem
787 370 985 414 hostibus
1021 369 1272 421 nunciatur,
1312 370 1356 413 in
1391 368 1542 413 castris
1573 367 1664 411 Ro-

174 445 403 474 manorum
425 440 587 489 praeter
611 429 965 474 consuetudinem
986 429 1250 472 tumultuari
1283 437 1329 471 et
1364 443 1570 486 magnum
1602 426 1664 470 ire

173 505 331 547 agmen
351 489 533 532 adverso
555 489 746 540 flumine,
765 489 1045 546 sonitumque
1067 503 1287 530 remorum
1305 488 1349 531 in
1369 487 1519 530 eadem
1537 494 1665 546 parte

173 548 371 590 exaudiri
389 557 433 590 et
455 548 606 605 paullo
629 548 744 592 infra
764 548 924 591 milites
944 545 1129 589 navibus
1147 547 1453 604 transportari.
1490 545 1666 596 Quibus

175 606 308 649 rebus
329 606 506 657 auditis,
525 607 646 665 quod
667 607 973 650 existimabant
995 604 1138 648 tribus
1151 604 1255 647 locis
1274 605 1458 648 transire
1474 604 1667 663 legiones

173 673 311 721 atque
357 680 520 716 omnes,
573 667 859 724 perturbatos
906 663 1151 708 defectione
1202 663 1467 713 AEduorum,
1516 665 1667 723 fugam

176 738 349 782 parare,
390 740 488 767 suas
526 740 702 783 quoque
746 726 893 784 copias
932 724 976 768 in
1017 723 1097 766 tris
1138 731 1288 781 partes
1327 721 1665 764 distribuerunt.

177 781 313 832 Nam,
352 791 397 826 et
431 784 634 850 praesidio
673 800 696 826 e
733 785 909 843 regione
949 792 1195 826 castrorum
1238 781 1408 830 relicto,
1448 789 1493 822 et
1532 796 1670 838 parva

176 857 307 885 manu
331 842 627 886 Met10sedum
648 859 798 886 versus
818 844 958 895 missa,
993 858 1091 900 quae
1113 849 1285 883 tantum
1306 839 1667 899 progrederetur,

175 909 393 958 quantum
413 917 542 946 naves
556 903 876 962 processissent,
893 902 1084 961 reliquas
1096 900 1241 960 copias
1255 909 1410 944 contra
1424 898 1669 942 Labienum

175 959 413 1005 duxerunt.

239 1020 309 1062 62.
361 1020 512 1064 Prima
553 1020 650 1064 luce
689 1029 734 1065 et
772 1020 909 1065 nostri
945 1036 1090 1064 omnes
1131 1028 1255 1062 erant
1298 1017 1585 1076 transportati
1626 1026 1671 1062 et

176 1076 368 1122 hostium
413 1080 526 1124 acies
567 1080 845 1125 cernebatur.
911 1080 1145 1129 Labienus,
1190 1078 1351 1122 milites
1401 1076 1672 1127 cohortatus,

180 1144 211 1164 “
236 1147 287 1182 ut
307 1155 394 1182 suae
416 1139 611 1198 pristinae
632 1140 811 1184 virtutis
833 1149 878 1184 et
903 1148 971 1183 tot
992 1138 1397 1183 secundissimorum
1414 1137 1674 1195 proeliorum

179 1204 209 1223 ‘⁴
233 1199 485 1242 memoriam
506 1200 762 1249 retinerent,
785 1209 920 1258 atque
950 1200 1092 1257 ipsum
1127 1198 1358 1247 Caesarem,
1389 1196 1513 1254 cujus
1533 1196 1671 1239 ductu

180 1263 210 1282 “
233 1273 531 1316 saepenumero
553 1257 697 1300 hostes
715 1269 1003 1316 superassent,
1024 1267 1279 1315 praesentem
1297 1255 1444 1299 adesse
1460 1255 1672 1298 existima-

181 1323 212 1342 “
235 1318 376 1366 rent,''
417 1316 494 1359 dat
534 1316 704 1373 signum
741 1317 901 1375 proelii.
976 1316 1124 1359 Primo
1166 1330 1382 1358 concursu
1422 1314 1480 1356 ab
1516 1314 1674 1357 dextro

180 1390 332 1424 cornu,
364 1375 442 1418 ubi
472 1376 658 1433 septima
679 1375 794 1433 legio
815 1374 1090 1423 constiterat,
1124 1373 1268 1416 hostes
1289 1374 1520 1431 pelluntur
1540 1382 1674 1430 atque

181 1433 226 1477 in
249 1434 400 1493 fugam
420 1434 740 1492 conjiciuntur:
774 1433 833 1476 ab
860 1433 1048 1481 sinistro,
1081 1448 1211 1490 quem
1246 1432 1391 1474 locum
1422 1431 1675 1475 duodecima

182 1493 298 1552 legio
335 1493 532 1543 tenebat,
574 1509 712 1550 quum
746 1493 878 1551 primi
915 1491 1088 1534 ordines
1119 1490 1309 1534 hostium
1344 1489 1539 1533 transfixi
1576 1491 1676 1549 pilis

181 1552 484 1601 concidissent,
509 1561 654 1594 tamen
679 1551 886 1595 acerrime
922 1551 1079 1608 reliqui
1118 1550 1391 1598 resistebant,
1429 1565 1507 1592 nec
1541 1550 1677 1593 dabat

182 1610 473 1668 suspicionem
508 1610 625 1668 fugae
663 1611 910 1667 quisquam.
975 1608 1074 1667 Ipse
1117 1608 1207 1650 dux
1240 1608 1428 1651 hostium
1471 1608 1676 1651 Camulo-

183 1684 319 1727 genus
336 1669 422 1712 suis
442 1669 593 1712 aderat
613 1677 748 1727 atque
770 1685 842 1711 eos
862 1667 1194 1711 cohortabatur.
1260 1667 1338 1716 At,
1358 1664 1524 1710 incerto
1545 1667 1677 1710 etiam

182 1743 300 1771 nunc
326 1728 448 1771 exitu
471 1728 681 1779 victoriae,
720 1744 857 1786 quum
893 1727 1087 1786 septimae
1129 1725 1309 1785 legionis
1346 1725 1535 1769 tribunis
1566 1735 1678 1770 esset

183 1787 453 1837 nunciatum,
477 1803 575 1846 quae
601 1787 644 1830 in
677 1787 850 1830 sinistro
887 1801 1023 1830 cornu
1057 1794 1333 1844 gererentur,
1368 1793 1468 1844 post
1501 1794 1678 1843 tergum

183 1845 372 1889 hostium
396 1847 612 1904 legionem
644 1846 931 1891 ostenderunt
963 1846 1172 1903 signaque
1205 1845 1468 1887 intulerunt.
1534 1845 1604 1887 Ne
1626 1861 1677 1888 eo

184 1905 365 1963 quidem
385 1915 584 1965 tempore
605 1907 836 1964 quisquam
859 1906 956 1949 loco
978 1906 1119 1954 cessit,
1138 1904 1211 1948 sed
1228 1903 1513 1946 circumventi
1532 1920 1679 1947 omnes

185 1964 496 2023 interfectique
533 1975 649 2008 sunt.
713 1965 926 2009 Eamdem
964 1965 1187 2009 fortunam
1209 1963 1313 2006 tulit
1336 1963 1678 2020 Camulogenus.

187 2024 252 2066 At
272 2023 317 2073 ii,
336 2025 413 2082 qui
435 2024 637 2083 praesidio
659 2033 811 2068 contra
831 2033 975 2068 castra
997 2023 1180 2067 Labieni
1203 2031 1329 2065 erant
1351 2022 1510 2070 relicti,
1540 2038 1677 2080 quum

187 2083 395 2142 proelium
415 2084 684 2129 commissum
706 2085 939 2135 audissent,
962 2083 1153 2127 subsidio
1171 2082 1255 2126 suis
1276 2083 1422 2126 ierunt
1434 2081 1679 2140 collemque

241 2282 479 2314 Tumultumi.
512 2280 662 2323 passive,
692 2287 729 2313 ut
755 2281 823 2314 alia
846 2283 904 2313 de-

193 2325 385 2402 Ῑιῦΐηεηῐέιῖὲ
410 2326 455 2358 V.
480 2326 637 2358 Perizon.
664 2327 706 2358 ad
733 2326 846 2358 Sanct.
871 2329 902 2365 3,

241 2394 248 2402 .
267 2382 302 2413 p.
387 2394 395 2402 .

971 2287 1037 2313 tur.
1082 2280 1136 2313 Cf.
1161 2280 1334 2313 Cellarius
1360 2281 1401 2312 G.
1419 2282 1458 2314 Α.
1477 2283 1509 2317 2,
1527 2283 1558 2311 2.
1576 2280 1605 2318 ξ.
1624 2279 1678 2309 74.

973 2326 1020 2358 Le
1035 2326 1133 2358 Beuf.
1162 2325 1211 2365 (in
1228 2336 1332 2368 opere
1347 2325 1443 2357 citat.
1458 2326 1499 2356 ad
1516 2335 1592 2365 cap.
1614 2322 1682 2360 11.)

973 2370 1013 2402 T.
1032 2371 1057 2402 Ι.
1087 2381 1120 2412 p.
1152 2372 1224 2402 159.
1252 2370 1373 2412 quaerit
1400 2370 1618 2401 Metiosedum
1646 2367 1680 2398 in

241 2415 286 2447 In
314 2415 436 2447 eadem
456 2419 568 2458 parte.
600 2413 661 2447 alii
691 2416 728 2446 in
758 2414 903 2447 eandem

240 2502 472 2535 Metiosedum.
509 2503 655 2536 Videtur
669 2514 742 2535 esse
756 2502 905 2535 Memlon

206 2547 280 2578 nfra
295 2547 480 2579 Lutetiam.
507 2547 600 2580 Male
615 2548 676 2580 alii
695 2559 756 2590 pro
773 2546 902 2589 oppido

199 2592 329 2623 Corbeil
337 2590 477 2623 habent.
500 2592 656 2624 Discedit
666 2592 722 2623 hic
734 2602 753 2623 a
764 2591 904 2622 valesio

196 2642 231 2666 et
248 2634 452 2676 sequacibus
468 2636 650 2668 D’Anville
667 2636 698 2668 in
717 2636 795 2667 Not.
813 2636 854 2666 de
870 2636 904 2667 la

197 2679 310 2712 Gaule
339 2691 372 2720 p.
402 2681 479 2711 456.
504 2680 566 2712 ubi
596 2680 813 2713 Metiosedum
836 2690 902 2711 non

196 2735 217 2756 a
232 2724 412 2756 Melodtmo
428 2723 599 2756 diversum
622 2725 817 2761 arbitratur,
841 2734 903 2757 nec

198 2769 241 2799 de
267 2768 346 2799 loco
373 2767 462 2799 infra
484 2768 654 2800 Lutetiam
680 2769 746 2801 sito
763 2767 820 2799 hic
839 2768 906 2810 agi.

197 2813 309 2845 Cardo
335 2811 382 2844 rei
406 2811 548 2844 vertitur
572 2813 605 2845 in
633 2813 834 2854 quaestione,
863 2814 905 2844 de

200 2856 288 2888 iisne
326 2855 473 2888 navibus
507 2856 565 2888 hic
603 2856 648 2889 sit
679 2867 802 2896 sermo,
829 2867 905 2898 quae

198 2902 364 2940 secundo,
401 2911 444 2932 an
482 2911 559 2941 quae.
596 2901 737 2934 adverso
770 2902 907 2933 flumine

197 2952 295 2978 erant
318 2956 526 2988 progressae3
551 2945 644 2988 prius
669 2946 756 2978 mihi
773 2945 908 2978 videtur

198 2990 326 3033 potius,
341 2991 424 3033 quia
441 3001 546 3033 parva
560 3000 683 3025 manus
698 2991 743 3026 iis
758 2990 908 3037 obponi-

973 2415 1050 2446 loco
1066 2415 1159 2446 dicto
1176 2415 1281 2456 Josay
1306 2414 1423 2456 paullo
1447 2424 1550 2455 supra
1577 2413 1680 2443 Lute-

972 2459 1070 2498 tiam,
1084 2459 1143 2500 qui
1161 2470 1283 2491 nomen
1305 2457 1439 2500 ceperit
1464 2467 1506 2489 ex
1522 2455 1682 2488 Josedum

974 2515 1034 2545 per
1064 2503 1328 2535 diminutionem
1359 2501 1509 2534 nominis
1535 2499 1679 2541 antiqui.

973 2549 1009 2580 Id
1027 2548 1137 2590 ipsum
1158 2549 1231 2590 jam
1254 2548 1421 2580 Glareano
1447 2546 1620 2588 placuerat
1643 2543 1678 2574 in

972 2593 1063 2625 notis
1077 2594 1119 2624 ad
1136 2593 1170 2623 h.
1188 2593 1212 2624 l.

1019 2637 1237 2670 Cernebatur.
1259 2635 1321 2667 alii
1335 2635 1569 2667 cernebantur.

1023 2683 1224 2713 Retinerent.
1247 2680 1307 2711 alii
1322 2683 1479 2711 tenerent.

1019 2727 1235 2758 Praesmem.
1261 2724 1294 2754 in
1307 2723 1385 2755 aliis
1401 2723 1467 2754 hoc
1485 2722 1591 2753 deest.

1022 2772 1146 2802 Contra
1170 2774 1283 2801 castra
1301 2768 1385 2799 Lab.
1412 2778 1431 2799 e
1455 2766 1592 2807 regione
1607 2774 1680 2796 cas-

973 2820 1112 2846 trorum.
1129 2813 1199 2844 vid.
1215 2823 1295 2854 cap.
1312 2814 1350 2843 61
1368 2817 1453 2843 extr.
1477 2812 1526 2842 M.
1566 2809 1621 2841 Sic
1639 2809 1681 2839 C.

980 2861 1010 2896 1,
1028 2860 1082 2890 56.
1106 2863 1221 2890 contra
1245 2858 1451 2888 Massiliam.
1466 2855 1512 2887 H.
1527 2856 1579 2886 2⁷.
1605 2863 1684 2885 con-

976 2909 1031 2935 tra
1061 2904 1276 2944 Pompeium,
1306 2907 1343 2933 ut
1369 2900 1445 2934 heic
1473 2899 1536 2932 alii
1567 2903 1685 2931 contra

978 2947 1177 2980 Labienum.
