1946 3261
629 191 746 238 LIB.
779 186 861 237 IV.
925 192 1066 237 CAP.
1097 190 1230 236 5—7.
1618 194 1671 239 81

176 335 275 422 311ae
292 319 403 365 citra
426 319 626 365 Rhenum
655 321 805 380 quieta
836 321 880 364 in
909 319 993 363 suis
1013 319 1186 364 sedibus
1207 327 1319 371 erat,
1349 318 1512 365 certior
1534 319 1680 374 fieret,

210 396 336 424 umen
366 381 632 425 transierunt
661 390 809 438 atque,
841 379 1039 423 omnibus
1059 396 1210 422 eorum
1231 379 1420 424 aedificiis
1440 381 1678 441 occupatis,

176 438 389 497 reliquam
410 449 580 500 partem
600 439 749 482 hiemis
767 456 810 482 se
829 454 980 483 eorum
999 438 1134 496 copiis
1155 438 1372 482 aluerunt.

235 499 276 541 5.
314 499 395 542 His
427 499 482 542 de
505 499 636 542 rebus
659 498 804 542 Caesar
837 497 1000 541 certior
1022 497 1162 539 factus
1180 505 1226 538 et
1248 496 1547 543 infirmitatem
1570 499 1675 543 Gal-

174 553 317 599 lorum
336 558 515 607 veritus,
535 556 654 615 quod
670 565 769 599 sunt
789 557 832 599 in
852 555 1038 600 consiliis
1058 553 1278 613 capiendis
1295 557 1476 601 mobiles
1491 567 1534 601 et
1553 559 1675 603 novis

174 614 430 673 plerumque
448 617 577 659 rebus
593 614 786 664 student,
810 615 915 658 nihil
934 614 997 657 his
1015 613 1374 658 committendum
1395 616 1674 661 existimavit.

176 680 205 698 “
227 673 307 716 Est
325 684 471 717 autem
490 674 570 717 hoc
595 673 775 717 Gallicae
794 672 1131 723 consuetudinis,
1162 672 1228 715 uti
1250 681 1295 715 et
1316 673 1521 724 viatores,
1544 677 1676 719 etiam

175 738 204 758 ‘⁶
228 731 402 783 invitos,
424 733 655 776 consistere
672 742 832 790 cogant
848 742 908 783 et,
926 731 1044 790 quod
1064 731 1246 790 quisque
1262 747 1412 775 eorum
1428 732 1484 775 de
1501 749 1675 792 quaque

174 798 203 817 “
228 807 275 833 re
296 791 485 835 audierit
501 801 577 835 aut
595 792 867 851 cognoverit,
888 800 1084 850 quaerant
1100 800 1144 833 et
1161 799 1424 834 mercatores
1444 792 1486 834 in
1503 793 1677 851 oppidis

173 857 202 876 “
227 850 382 910 volgus
402 851 704 900 circumsistat,
727 851 969 908 quibusque
991 866 1043 892 ex
1065 849 1318 908 regionibus
1337 850 1529 900 veniant,
1553 868 1676 908 quas-

173 916 202 935 “
226 925 312 967 que
334 910 394 953 ibi
418 927 485 953 res
505 910 807 967 cognoverint,
839 908 1129 968 pronunciare
1149 917 1322 967 cogant.
1388 909 1470 952 His
1492 910 1676 954 rumori-

173 976 202 994 “
226 968 306 1012 bus
327 978 459 1027 atque
479 969 774 1012 auditionibus
797 968 1002 1027 permoti,
1023 967 1078 1010 de
1099 968 1272 1010 summis
1290 983 1401 1026 saepe
1424 969 1554 1012 rebus
1575 985 1674 1014 con-

173 1035 203 1055 “
225 1027 319 1071 silia
355 1028 522 1078 ineunt,
559 1044 745 1086 quorum
776 1044 847 1070 eos
882 1043 904 1069 e
940 1027 1126 1086 vestigio
1159 1026 1371 1085 poenitere
1404 1043 1571 1071 necesse
1593 1037 1674 1078 est,

172 1095 201 1113 “
225 1102 359 1145 quum
379 1087 552 1130 incertis
570 1086 816 1130 rumoribus
831 1086 1020 1129 serviant
1042 1095 1085 1128 et
1106 1086 1306 1145 plerique
1327 1085 1382 1128 ad
1403 1088 1676 1131 voluntatem

172 1154 201 1173 “
225 1162 375 1190 eorum
396 1146 498 1190 ficta
518 1145 855 1204 respondeant.''

233 1205 274 1248 6.
310 1206 408 1256 Qua
446 1204 757 1250 consuetudine
795 1203 988 1263 cognita,
1029 1203 1192 1253 Caesar,
1234 1220 1287 1248 ne
1325 1205 1520 1264 graviori
1554 1205 1675 1249 bello

172 1274 437 1315 occurreret,
456 1263 680 1313 maturius,
697 1280 828 1322 quam
850 1272 1093 1312 consuerat,
1114 1262 1169 1305 ad
1189 1265 1428 1308 exercitum
1446 1265 1675 1324 proficisci-

172 1332 261 1366 tur.
325 1323 391 1367 Eo
412 1340 545 1382 quum
579 1323 779 1372 venisset,
812 1339 878 1372 ea,
913 1338 1008 1380 quae
1031 1322 1126 1365 fore
1147 1323 1384 1380 suspicatus
1416 1333 1527 1373 erat,
1562 1324 1677 1367 facta

172 1382 395 1441 cognovit,
430 1382 573 1425 missas
606 1381 843 1440 legationes
877 1398 902 1424 a
938 1380 1154 1423 nonnullis
1189 1381 1440 1425 civitatibus
1471 1383 1526 1425 ad
1564 1384 1676 1426 Ger-

172 1457 336 1492 manos,
357 1441 647 1499 invitatosque
670 1457 757 1490 eos,
781 1441 843 1483 uti
865 1439 921 1482 ab
941 1438 1095 1482 Rheno
1113 1439 1412 1488 discederent:
1446 1441 1677 1499 omniaque

172 1515 268 1558 quae
300 1501 602 1559 postulassent,
634 1500 692 1542 ab
725 1516 767 1542 se
796 1499 890 1542 fore
911 1507 1081 1556 parata.
1147 1499 1244 1548 Qua
1265 1515 1339 1557 spe
1361 1499 1540 1542 adducti
1563 1502 1675 1545 Ger-

172 1562 286 1602 mani
309 1560 436 1603 latius
452 1560 539 1617 jam
563 1559 838 1615 vagabantur
871 1566 914 1600 et
937 1557 979 1598 in
1002 1556 1096 1598 finis
1130 1556 1386 1600 Eburonum
1407 1566 1452 1600 et
1474 1559 1676 1602 Condru-

170 1634 331 1668 sorum,
374 1618 448 1676 qui
486 1627 585 1660 sunt
627 1615 911 1660 Trevirorum
948 1615 1141 1664 clientes,
1179 1626 1484 1673 pervenerant.
1552 1618 1677 1661 Prin-

171 1677 337 1735 cipibus
362 1677 519 1721 Galliae
551 1675 756 1725 evocatis,
791 1674 935 1718 Caesar
957 1690 1023 1724 ea,
1058 1690 1153 1732 quae
1174 1683 1458 1734 cognoverat,
1481 1675 1676 1720 dissimu-

171 1735 300 1779 landa
331 1736 412 1780 sibi
451 1736 729 1785 existimavit,
767 1750 1004 1791 eorumque
1025 1733 1175 1776 animis
1209 1734 1435 1792 permulsis
1457 1743 1502 1778 et
1521 1735 1676 1779 confir-

171 1795 298 1839 matis
333 1795 620 1854 equitatuque
658 1794 889 1853 imperato,
928 1792 1092 1837 bellum
1129 1809 1227 1836 cum
1261 1794 1490 1837 Germanis
1521 1812 1676 1854 gerere

170 1855 410 1898 constituit.

232 1915 273 1957 7.
308 1914 374 1957 Re
397 1913 682 1958 frumentaria
704 1919 954 1971 comparata
981 1909 1287 1968 equitibusque
1308 1910 1504 1962 delectis,
1528 1912 1610 1956 iter
1632 1913 1677 1957 in

172 1990 223 2016 ea
241 1974 335 2017 loca
357 1974 497 2017 facere
520 1973 668 2032 coepit,
693 1972 850 2030 quibus
870 1971 912 2013 in
936 1970 1038 2014 locis
1060 1986 1149 2012 esse
1186 1971 1427 2015 Germanos
1448 1971 1674 2016 audiebat.

174 2033 214 2075 A
236 2034 391 2091 quibus
424 2049 557 2091 quum
589 2046 823 2091 paucorum
857 2030 1025 2073 dierum
1050 2029 1133 2072 iter
1162 2029 1344 2080 abesset,
1379 2030 1512 2090 legati
1532 2031 1588 2074 ab
1610 2031 1676 2075 his

173 2102 402 2142 venerunt,
453 2107 607 2135 uorum
625 2091 711 2134 haec
731 2090 816 2132 fuit
838 2090 998 2132 oratio:
1036 2097 1063 2114 “
1087 2089 1329 2132 Germanos
1347 2105 1484 2148 neque
1506 2090 1675 2148 priores

173 2158 203 2177 “
231 2148 402 2210 Populo
421 2108 633 2194 (izoniano
666 2149 832 2193 bellum
865 2149 1041 2196 inferre,
1073 2163 1212 2205 neque.
1234 2156 1379 2191 tamen
1403 2165 1616 2199 recusare,
1639 2150 1676 2193 si

173 2218 203 2236 “
227 2210 503 2260 lacessantur,
542 2209 645 2267 quin
684 2208 813 2251 armis
848 2207 1139 2254 contendant;
1190 2206 1309 2264 quod
1353 2208 1673 2252 Germanorum

173 2277 202 2296 ‘⁶
225 2268 490 2313 consuetudo
512 2268 599 2311 haec
620 2268 675 2310 sit
696 2284 721 2310 a
738 2266 974 2326 majoribus
995 2265 1175 2316 tradita,
1197 2266 1487 2325 quincumque
1508 2267 1674 2311 bellum

174 2336 203 2355 ‘⁶
227 2328 433 2379 inferant,
469 2328 683 2377 resistere,
721 2342 860 2384 neque
900 2325 1151 2384 deprecari:
1202 2324 1291 2368 haec
1328 2334 1471 2370 tamen
1512 2326 1673 2377 dicere,

174 2395 203 2414 ‘⁶
227 2388 389 2431 venisse
423 2388 597 2438 invitos,
627 2387 786 2447 ejectos
821 2384 966 2429 domo.
1033 2384 1081 2428 Si
1114 2399 1232 2428 suam
1262 2385 1453 2444 gratiam
1485 2384 1672 2430 Romani

223 2501 344 2536 Quieta
359 2503 395 2532 in
406 2504 474 2533 suis
487 2501 634 2533 sedibus.
656 2500 739 2532 Haec
754 2509 774 2530 e
788 2499 886 2531 codd.

175 2544 316 2577 inseruit
331 2544 486 2576 Oudend.
531 2544 585 2577 Sic
603 2551 636 2576 et
649 2544 798 2576 Graecus.

224 2590 514 2622 Commiteemlum.
551 2589 652 2620 Nulla
668 2599 729 2620 sua
744 2587 887 2619 consilia

1003 2499 1205 2541 Omniaque.
1252 2499 1441 2531 Delendum
1458 2509 1532 2541 que.
1559 2499 1609 2530 M.

1003 2543 1269 2576 Comlmtsornm.
1301 2543 1481 2585 Hodieque
1494 2548 1595 2575 restat
1607 2553 1669 2575 no-

954 2595 1031 2620 men
1059 2587 1091 2619 in
1112 2589 1262 2621 Condros
1286 2588 1319 2620 in
1344 2593 1451 2619 tractu
1471 2586 1667 2620 Leodiensi.

177 2632 220 2664 iis
248 2633 441 2675 aperienda,
471 2643 590 2665 eorum
619 2632 698 2664 fidei
727 2631 888 2663 commit-

176 2678 275 2709 tenda
301 2676 518 2709 existimavit.
565 2676 617 2708 Cf.
634 2687 665 2708 c.
682 2679 713 2708 6.
729 2681 811 2707 extr.
835 2676 885 2707 M.

221 2723 440 2754 Rumoribus.
463 2720 522 2752 alii
536 2721 647 2752 rebus.

222 2767 274 2798 Ne
287 2783 332 2789 -—
343 2770 541 2803 occurreret„
555 2774 597 2795 ne
615 2765 648 2795 in
663 2764 696 2795 id
712 2763 887 2803 incideret,

175 2821 217 2843 eo
235 2810 478 2852 implicaretur.
523 2808 578 2840 Cf.
596 2810 627 2846 3,
646 2810 677 2839 6.
702 2809 753 2840 M.

224 2856 424 2893 Germanos,
441 2854 475 2885 h.
486 2864 517 2884 e.
533 2852 692 2894 Usipetes
705 2858 739 2884 et
750 2852 888 2884 Teuch-

175 2898 302 2931 theros.
346 2899 399 2930 Cf.
414 2908 444 2929 c.
461 2901 493 2930 4.
519 2898 570 2929 M.

225 2944 467 2985 Invitatosque.
512 2942 634 2974 Celsus
658 2952 688 2974 c.
713 2943 766 2973 65.
798 2944 886 2975 invi-

173 2991 280 3022 cantes
293 2989 540 3031 hortantesque.
585 2987 643 3021 Gr.
657 2985 850 3022 ἱκετεύοντας.

956 2631 1152 2664 D’Antille.

1002 2677 1157 2709 Clientes.
1182 2676 1258 2708 Hoc
1274 2676 1315 2707 ad
1326 2675 1520 2708 Condrusos
1534 2679 1665 2708 tantum

955 2720 1136 2762 pertinere,
1152 2730 1217 2751 non
1236 2720 1316 2751 item
1332 2721 1373 2751 ad
1392 2720 1581 2758 Eburones,
1605 2722 1665 2762 qui

953 2764 1052 2797 liberi
1067 2765 1211 2803 fuerunt,
1225 2775 1244 2795 e
1254 2763 1416 2795 Cluverio
1426 2763 1583 2796 German.
1596 2773 1665 2796 ant.

954 2813 986 2848 2,
1015 2810 1064 2841 15.
1087 2808 1223 2849 repetiit
1246 2807 1426 2840 Cellarius.
1471 2807 1525 2840 Cf.
1542 2808 1611 2841 ind.
1630 2809 1663 2842 in

951 2855 1096 2885 clientes.
1120 2853 1171 2884 M.

999 2898 1049 2930 Ab
1077 2898 1140 2929 his.
1165 2895 1228 2929 alii
1255 2893 1303 2929 acl
1329 2907 1419 2931 eum.
1437 2903 1472 2931 et
1496 2897 1546 2932 sic
1571 2899 1663 2933 Grae-

951 2952 1025 2975 cus.

1399 3045 1430 3078 G
