1946 3261
629 203 747 248 LIB.
779 203 864 247 III.
928 205 1068 249 CAP.
1104 205 1267 256 10,11.
1614 205 1697 249 351

211 335 241 356 “
265 346 353 374 esse
372 337 543 391 tempus
563 331 616 376 de
641 349 748 391 pace
767 332 938 391 agendi,
961 331 1066 374 dum
1086 333 1167 376 sibi
1188 341 1376 391 uterque
1399 332 1635 377 confideret
1655 342 1701 376 et

211 393 243 416 ‘⁶
264 407 386 448 pares
419 393 547 435 ambo
580 392 862 441 viderentur;
906 392 940 434 si
968 407 1072 434 vero
1099 391 1229 434 alteri
1257 394 1453 450 paullum
1473 393 1601 436 modo
1623 393 1700 435 tri-

212 455 240 474 “
265 450 426 494 buisset
445 452 638 501 fortuna,
670 468 756 494 non
778 468 867 493 esse
889 466 1070 493 usurum
1101 451 1416 495 conditionibus
1438 453 1556 510 pacis
1583 468 1698 501 eum,

211 515 240 534 ‘⁶
265 509 341 566 qui
361 511 558 569 superior
581 511 821 560 videretur,
850 526 988 567 neque
1011 508 1104 550 fore
1134 525 1259 567 aequa
1282 520 1405 568 parte
1428 520 1697 562 contentum,

210 574 239 593 ‘⁶
264 568 340 625 qui
361 585 404 611 se
425 570 566 611 omnia
586 568 841 611 habiturum
863 567 1122 611 confideret:
1155 568 1418 611 conditiones
1439 571 1571 626 pacis,
1594 587 1701 628 quo-

211 633 240 651 “
264 627 379 668 niam
397 637 523 670 antea
545 629 774 670 convenire
796 643 881 669 non
894 626 1149 685 potuissent,
1173 626 1322 669 Romae
1342 628 1398 669 ab
1424 628 1590 670 Senatu
1610 631 1653 671 et
1675 645 1701 672 a

211 689 239 711 “
267 685 437 743 Populo
458 686 549 744 peti
566 687 724 728 debere
745 701 754 727 t
798 686 962 728 interea
983 694 1027 727 et
1053 685 1323 743 Reipublicae
1343 694 1388 728 et
1409 686 1510 743 ipsis
1530 688 1700 745 placere

208 749 239 769 ‘⁶
263 754 482 802 oportere,
505 745 539 787 si
558 753 745 803 uterque
767 744 809 787 in
833 746 1034 788 concione
1051 745 1197 786 statim
1213 744 1462 802 juravisset,
1485 761 1528 786 se
1550 746 1699 789 triduo

208 808 239 827 “
261 803 461 861 proximo
475 804 712 846 exercitum
731 803 1032 846 dimissurum:
1064 803 1270 861 depositis
1285 804 1414 846 armis
1427 804 1698 861 auxiliisque,

209 868 238 887 “
263 862 423 919 quibus
461 879 575 906 nunc
617 862 899 912 confiderent,
941 863 1176 905 necessario
1221 863 1380 921 Populi
1425 863 1699 921 Senatusque

207 927 238 946 “
257 921 422 979 judicio
444 923 538 965 fore
560 929 798 979 utrumque
815 930 1082 965 contentum.
1149 921 1255 964 Haec
1275 939 1362 980 quo
1385 922 1553 964 facilius
1576 922 1700 965 Pom-

207 986 237 1006 “
260 980 357 1039 peio
393 981 571 1040 probari
608 990 798 1040 possent,
840 997 986 1024 omnes
1025 997 1122 1024 suas
1163 989 1392 1025 terrestres
1434 981 1698 1040 urbiumque

207 1045 236 1064 ‘⁶
260 1040 403 1098 copias
423 1040 748 1083 dimissurum.’'

267 1099 282 1140 l
298 1100 332 1140 l.
356 1099 594 1149 Vibullius,
612 1099 675 1142 his
692 1099 932 1158 expositisa
950 1100 1135 1153 Caesare,
1154 1115 1240 1143 non
1257 1100 1398 1143 minus
1414 1099 1700 1144 necessarium

204 1174 292 1200 esse
331 1158 607 1209 existimavit,
644 1160 696 1202 de
735 1159 963 1217 repentino
992 1160 1184 1203 adventu
1225 1160 1407 1203 Caesaris
1443 1159 1698 1219 Pompeium

204 1215 299 1259 fieri
320 1218 566 1268 certiorem,
596 1219 661 1261 uti
684 1218 739 1260 ad
763 1218 808 1260 id
830 1219 1057 1261 consilium
1087 1235 1242 1278 capere
1273 1227 1433 1277 posset,
1463 1228 1698 1278 antequam

203 1275 258 1318 de
279 1276 491 1319 mandatis
509 1278 580 1334 agi
601 1277 838 1336 inciperet:
880 1287 1014 1335 atque
1033 1277 1148 1328 ideo,
1173 1280 1425 1322 continuato
1447 1287 1491 1321 et
1509 1288 1636 1322 nocte
1655 1286 1699 1320 et

203 1334 273 1376 die
306 1335 459 1378 itinere
489 1344 622 1392 atque
657 1337 836 1378 mutatis
866 1336 922 1378 ad
949 1337 1216 1380 celeritatem
1241 1338 1462 1395 jumentis,
1495 1339 1549 1380 ad
1574 1338 1698 1380 Pom-

204 1394 353 1451 peium
388 1395 624 1444 contendit,
652 1404 703 1437 ut
731 1395 876 1445 adesse
912 1395 1126 1438 Caesarem
1156 1397 1354 1439 omnibus
1385 1397 1517 1454 copiis
1549 1397 1699 1439 nunci-

205 1462 315 1495 aret.
385 1453 616 1512 Pompeius
651 1462 746 1496 erat
777 1470 828 1496 eo
865 1462 1060 1512 tempore
1098 1454 1142 1497 in
1183 1455 1405 1498 Candavia
1435 1456 1605 1513 iterque
1645 1471 1698 1497 ex

206 1511 466 1554 Macedonia
486 1514 530 1555 in
551 1513 731 1555 hiberna
752 1512 1031 1570 Apolloniam
1060 1513 1472 1572 Dyrrhachiumque
1493 1514 1695 1557 habebat.

207 1570 297 1613 Sed
328 1588 374 1614 re
406 1587 520 1614 nova
553 1572 855 1629 perturbatuS,
884 1572 1122 1630 majoribus
1150 1573 1381 1615 itineribus
1416 1573 1698 1630 Apolloniam

205 1638 356 1688 petere
382 1631 532 1688 coepit,
566 1646 618 1673 ne
655 1631 798 1672 Caesar
831 1646 918 1674 orae
952 1631 1197 1674 maritumae
1221 1632 1418 1673 civitates
1445 1640 1694 1690 occuparet.

201 1690 266 1730 At
294 1688 385 1738 ille,
419 1689 623 1747 expositis
650 1689 878 1739 militibus,
914 1689 1068 1732 eodem
1095 1690 1162 1732 die
1188 1690 1370 1732 Oricum
1390 1690 1693 1748 proficiscitur.

201 1747 302 1796 Quo
323 1764 459 1806 quum
479 1749 679 1798 venisset,
707 1749 756 1791 L.
783 1749 1052 1806 Torquatus,
1076 1750 1150 1806 qui
1170 1749 1291 1808 jussu
1317 1749 1515 1808 Pompeii
1534 1750 1693 1808 oppido

199 1816 388 1865 praeerat
425 1808 760 1867 praesidiumque
801 1808 862 1851 ibi
903 1808 1213 1852 Parthinorum
1253 1808 1459 1859 habebat,
1513 1818 1692 1853 conatus

246 1962 295 1994 Ab
314 1964 444 1995 Senam
460 1969 491 1996 et
505 1974 526 1995 α
546 1964 685 2005 Populo.
733 1963 787 1994 Sic
814 1969 846 1994 et
861 1963 902 1995 G.

202 2010 233 2045 5,
251 2009 303 2037 5³4.
326 2008 370 2038 ab
390 2009 485 2039 Duce
501 2013 531 2039 et
545 2009 729 2047 affirtmza.

246 2052 292 2083 Et
310 2052 524 2092 Reipublicae.
571 2052 727 2083 Jurinius
741 2051 818 2084 addi
835 2052 907 2085 vult

198 2095 364 2136 eva-pedire.
410 2094 565 2126 Nimium
582 2096 730 2127 sedulus.

247 2140 400 2170 Placere.
448 2140 523 2170 Hoc
551 2139 695 2170 verbum
721 2146 801 2181 puto
827 2151 909 2171 con-

201 2189 338 2224 ruptum
363 2193 437 2214 esse
462 2183 496 2213 h.
527 2184 549 2214 1.
581 2185 632 2214 M.
689 2184 763 2215 Non
796 2185 907 2222 video,

976 1974 1075 2005 cyrae,
1096 1970 1134 1995 ut
1157 1963 1208 1995 ibi
1234 1963 1306 1995 haec
1332 1970 1365 1995 et
1385 1963 1561 1995 Vibullius
1581 1972 1687 2003 expo-

976 2014 1090 2047 neret3
1115 2010 1173 2039 sed
1186 2008 1220 2038 in
1236 2007 1412 2039 Candavia
1426 2008 1504 2048 fuit)
1521 2009 1568 2039 sic
1583 2008 1686 2038 altera

978 2052 1036 2083 illa
1054 2063 1121 2083 non
1146 2052 1197 2083 es:
1221 2058 1326 2083 certa.
1374 2052 1483 2083 Nemo
1507 2052 1688 2086 desidere-t,

977 2096 1005 2127 si
1024 2102 1133 2127 totum
1151 2097 1218 2127 hoe
1235 2096 1336 2127 absit.
1355 2097 1405 2127 M.
1437 2096 1544 2128 Codd.
1561 2102 1594 2127 et
1611 2097 1686 2126 edd.

978 2145 1045 2171 vet..
1071 2140 1127 2171 hic
1152 2140 1280 2171 habent
1307 2141 1452 2171 Bibulus
1471 2142 1520 2171 lois
1537 2142 1689 2181 eat-positis

981 2186 1146 2223 Corcyroe.
1196 2184 1234 2214 To*
1257 2196 1278 2215 a
1306 2186 1438 2216 Caesare
1461 2183 1596 2215 videtur
1613 2195 1685 2214 esso.

200 2227 283 2268 quid
301 2227 357 2258 hic
373 2227 554 2259 desiderari
573 2227 692 2269 possit,

251 2272 389 2303 Urbium
404 2274 517 2312 copae‘oe.
532 2282 608 2313 quae
624 2272 694 2302 κατ’
710 2270 811 2312 {gos-5379
826 2281 911 2312 prae-

201 2315 289 2347 sidia
306 2315 424 2346 urbica
441 2316 615 2347 dicuntur:
647 2322 830 2353 terrem-es,
854 2326 908 2346 re-

200 2360 302 2400 liquae
319 2370 436 2391 omnes
451 2366 621 2392 terrestres
638 2359 671 2391 in
691 2359 823 2391 castris.
853 2359 907 2390 Cf.

206 2403 348 2435 Vossius
372 2405 412 2434 ad
440 2415 472 2435 c.
504 2406 554 2436 15.
579 2406 630 2436 M.
678 2404 812 2435 Jurinio
837 2413 905 2435 non

200 2448 334 2479 videtur
362 2447 548 2479 verisimile
572 2449 742 2481 Caesarem
772 2446 910 2487 offerre,

198 2503 232 2524 se
270 2502 402 2523 omnem
446 2495 626 2524 exercitum
674 2494 904 2524 dimissurum.

201 2535 348 2568 Proinde
370 2536 454 2577 leg-it
476 2538 656 2568 audacter:
691 2547 805 2568 omnes
826 2546 906 2567 suus

199 2582 335 2613 litorum
351 2582 551 2622 urbiumque
565 2581 732 2614 custodias
747 2581 905 2612 deductu-

195 2636 288 2657 Tuon.

248 2671 315 2701 His
346 2671 498 2711 erosiris
528 2679 549 2700 a
584 2671 729 2701 Caesare.
785 2669 851 2698 Pro
881 2679 904 2700 α

200 2715 336 2745 Caes-are
346 2713 380 2744 in
391 2713 552 2744 omnibus
560 2713 658 2744 MSS.
668 2718 719 2743 est
732 2714 902 2753 Corryroe,

198 2768 274 2797 quae
292 2757 396 2789 lectio
414 2765 450 2788 ut
472 2763 522 2788 est
544 2757 640 2795 falsa,
664 2758 788 2796 (neque
812 2756 903 2787 enim

200 2801 355 2842 Corcyrae
370 2802 485 2833 Caesar
502 2800 578 2838 fuit,
602 2807 637 2831 ut
653 2800 701 2831 ibi
717 2806 904 2841 exponeret

196 2845 269 2878 haec
287 2845 462 2887 Vibulli03
487 2856 597 2888 neque
613 2844 800 2887 Pompeius
816 2844 902 2877 Cor-

979 2239 1020 2259 ex
1037 2229 1114 2260 Aldi
1133 2229 1340 2270 conjectura.
1388 2228 1550 2260 Ciaccon.
1569 2228 1685 2259 hario-

978 2272 1068 2303 latur
1091 2274 1156 2314 leg.
1206 2274 1242 2304 Is
1266 2275 1430 2314 emposr‘cus
1455 2275 1611 2313 Cor-cyme
1632 2276 1683 2309 (ut

977 2327 1020 2347 eo
1036 2317 1113 2348 navi
1126 2317 1347 2358 pervenerit).
1372 2317 1499 2348 Probat
1513 2317 1579 2348 hoc
1593 2317 1681 2347 Oud.

978 2360 1005 2391 si
1023 2367 1242 2402 praeponatur
1270 2362 1436 2393 Vibullius
1459 2368 1493 2394 et
1515 2372 1593 2394 mox
1617 2369 1680 2401 pro

975 2405 1051 2436 ideo
1068 2406 1197 2447 legatur
1210 2407 1302 2437 inde.

1025 2451 1133 2491 Atque
1155 2451 1242 2481 ideo.
1300 2449 1428 2481 Omnes
1451 2450 1550 2481 codd.
1581 2454 1680 2489 atque

975 2493 1097 2524 eidem.
1145 2495 1210 2532 An,
1226 2499 1326 2535 alque
1344 2495 1429 2525 idem
1444 2496 1460 2524 Ρ
1484 2495 1534 2524 M.

1026 2539 1066 2570 Ut
1076 2539 1192 2570 adesse
1209 2540 1296 2570 Caes.
1343 2537 1462 2569 otiosa
1486 2537 1559 2569 haec
1582 2546 1678 2577 repe-

969 2580 1050 2612 titio
1066 2582 1211 2613 videtur.

1018 2627 1214 2664 Candavia,
1236 2625 1332 2667 regio
1349 2635 1483 2666 aspera,
1501 2636 1562 2666 per
1573 2635 1676 2666 quam

971 2680 990 2700 a
1017 2670 1228 2712 Dyrrhachio
1251 2676 1284 2700 et
1309 2670 1493 2711 Apollonia
1511 2670 1543 2701 in
1561 2669 1677 2701 interi-

972 2724 1064 2747 Qrem
1090 2720 1124 2745 et
1151 2713 1322 2756 propriam
1346 2713 1585 2745 Macedoniam
1613 2714 1676 2744 iter

971 2764 1054 2789 erat.
1104 2761 1281 2791 Ceam-ias.
1306 2756 1477 2797 Κανέαονίιι,
1500 2757 1556 2802 ὄξος
1572 2759 1676 2789 Ἰλλυ-

970 2803 1056 2845 ξικέν.
1102 2803 1220 2835 Strabo
1236 2803 1276 2833 L.
1294 2804 1324 2832 7.
1342 2813 1374 2842 p.
1393 2804 1468 2834 323.

1014 2849 1189 2887 Parthini,
1209 2855 1290 2888 gens
1304 2845 1452 2889 Illyrica.
1491 2848 1672 2882 c'ellarizw.
