1946 3261
249 208 337 253 314
682 204 764 247 DE
799 201 1001 245 BELLO
1035 201 1247 244 CIVILI.

250 333 400 377 tellum
419 329 763 378 Massiliensium,
793 328 846 371 ad
870 327 1091 370 Nasidium
1127 327 1399 385 perveniunt,
1421 326 1565 383 ibique.
1586 342 1713 371 naves

248 390 497 449 expediunt,
517 403 748 443 rursusque
770 403 811 429 se
828 387 882 429 ad
898 386 1212 442 confligendum
1235 384 1375 428 animo
1399 383 1653 428 confirmant
1669 395 1715 428 et

249 447 421 492 consilia
456 446 783 488 communicant.
867 446 1033 487 Dextra
1074 460 1169 501 pars
1214 443 1547 486 Massiliensibus
1582 443 1715 486 adtri-

249 506 415 553 buitur,
435 504 602 546 sinistra
623 503 815 546 Nasidio.

307 564 348 606 5.
383 562 549 605 Eodem
573 562 733 605 Brutus
748 560 987 608 contendit,
1009 568 1137 602 aucto
1159 559 1329 602 navium
1349 574 1540 602 numero.
1597 559 1711 607 Nam

250 622 307 666 ad
328 624 415 671 eas,
437 637 534 678 quae
557 620 682 663 factae
709 629 832 663 erant
851 618 1026 660 Arelate
1049 633 1126 675 per
1144 617 1369 667 Caesarem,
1391 618 1575 676 captivae
1597 618 1714 660 Mas-

252 681 479 724 siliensium
500 688 763 722 accesserant
785 694 871 720 sex.
908 677 1000 719 Has
1020 676 1315 734 superioribus
1332 676 1546 720 refecerat
1560 675 1716 721 diebus

251 749 386 797 atque
405 739 601 780 omnibus
640 738 769 780 rebus
805 737 1078 778 instruxerat.
1143 734 1296 790 Itaque
1326 751 1421 777 suos
1450 734 1714 784 cohortatus,

251 814 357 856 quos
378 798 569 854 integros
600 796 927 853 superavissent,
960 802 1009 835 ut.
1038 793 1172 835 victos
1193 801 1531 842 contemnerent,
1562 791 1714 850 plenus

250 857 341 916 spei
373 855 496 899 bonae
526 864 659 911 atque
692 854 817 895 animi
849 853 1054 894 adversus
1091 867 1163 894 eos
1204 850 1507 908 proficiscitur.
1571 850 1715 894 Facile

249 923 360 965 erat,
381 930 434 956 ex
455 914 601 956 castris
625 913 676 955 C.
701 911 905 954 Trebonii
927 921 1060 967 atque
1079 909 1275 952 omnibus
1296 909 1593 967 superioribus
1613 908 1728 953 locis·

250 973 498 1033 prospicere
529 972 572 1014 in
602 972 770 1020 urbem,
802 979 853 1012 ut
875 969 1007 1013 omnis
1025 970 1244 1027 juventuS,
1274 984 1370 1025 quae
1393 968 1435 1009 in
1461 966 1622 1025 oppido
1650 982 1716 1010 re-

251 1040 481 1080 manserat,
519 1045 746 1086 omnesque
779 1028 1009 1087 superioris
1045 1028 1197 1076 aetatis,
1245 1042 1342 1068 cum
1390 1025 1535 1068 liberis
1583 1033 1718 1082 atque

251 1091 457 1133 uxoribus
478 1089 749 1147 publicisque
771 1087 992 1136 custodiis,
1013 1094 1091 1128 aut
1108 1102 1160 1127 ex
1178 1101 1303 1128 muro
1322 1083 1377 1126 ad
1395 1083 1553 1126 coelum
1568 1099 1720 1126 manus

254 1149 497 1197 tenderent,
528 1156 606 1188 aut
628 1147 791 1203 templa
821 1145 1014 1188 Deorum
1035 1144 1329 1187 inmortalium
1350 1142 1520 1185 adirent
1539 1151 1599 1191 et,
1617 1149 1719 1185 ante
1777 1158 1781 1161 ·

249 1208 476 1251 simulacra
510 1205 709 1263 projecti,
752 1204 977 1247 victoriam
1007 1204 1064 1246 ab
1099 1203 1192 1245 Diis
1229 1209 1534 1259 exposcerent:
1581 1215 1720 1257 neque

252 1274 348 1309 erat
376 1265 605 1322 quisquam
636 1263 840 1312 omnium,
877 1263 983 1319 quin
1015 1263 1055 1304 in
1090 1262 1179 1318 ejus
1213 1259 1297 1301 diei
1317 1275 1414 1301 casu
1436 1274 1611 1301 suarum
1632 1273 1720 1300 om-

252 1324 369 1368 nium
406 1323 680 1365 fortunarum
710 1330 912 1362 eventum
942 1320 1168 1362 consistere
1190 1318 1469 1360 existimaret.
1534 1317 1648 1359 Nam
1677 1324 1724 1359 et

253 1381 416 1425 honesti
435 1396 488 1422 ex
504 1380 752 1437 juventute,
775 1387 820 1421 et
841 1379 1048 1436 cujusque
1070 1377 1206 1420 aetatis
1236 1375 1500 1433 amplissimi,
1532 1375 1720 1420 nomina-

252 1441 330 1483 tim
350 1439 517 1481 evocati
535 1446 667 1495 atque
688 1438 917 1486 obsecrati,
941 1452 1069 1478 naves
1087 1434 1423 1478 conscenderant
1440 1449 1449 1481 ;
1472 1442 1538 1482 ut,
1559 1433 1592 1475 si
1613 1432 1721 1493 quid

252 1498 422 1542 adversi
459 1496 697 1545 accidisset,
737 1512 788 1539 ne
825 1497 876 1538 ad
915 1495 1154 1538 conandum
1185 1493 1361 1552 quidem
1384 1492 1462 1535 sibi
1485 1491 1722 1549 quidquam

253 1557 408 1615 reliqui
428 1557 521 1599 fore
538 1555 735 1597 viderent
756 1571 765 1601 ς
797 1555 830 1596 si
851 1554 1179 1610 superavissent,
1201 1553 1268 1594 vel
1292 1550 1532 1594 domesticis
1551 1550 1722 1607 opibus,

254 1616 323 1658 vel
343 1615 528 1657 externis
549 1613 734 1662 auxiliis,
753 1613 807 1654 de
826 1614 966 1654 salute
989 1612 1106 1655 urbis
1128 1610 1410 1653 confiderent.

312 1675 354 1716 ὅ.
388 1672 623 1715 Commisso
653 1672 824 1728 proelio,
849 1671 1182 1713 Massiliensibus
1205 1686 1270 1711 res
1292 1667 1412 1711 nulla
1439 1666 1493 1710 ad
1514 1667 1722 1710 virtutem

254 1732 422 1775 defuit:
454 1730 528 1772 sed
562 1744 769 1771 memores
805 1745 951 1771 eorum
976 1737 1307 1786 praeceptorum,
1343 1742 1439 1783 quae
1458 1725 1607 1782 paullo
1623 1733 1724 1767 ante

254 1792 311 1834 ab
327 1790 412 1833 suis
432 1796 705 1845 acceperant,
727 1787 805 1829 hoc
826 1788 966 1829 animo
987 1787 1284 1834 decertabant,
1323 1794 1373 1826 ut
1409 1783 1576 1827 nullum
1602 1782 1724 1826 aliud

257 1862 428 1907 tempus
440 1847 493 1889 ad
506 1845 747 1888 conandum
762 1845 950 1887 habituri
967 1845 1234 1893 viderentur,
1255 1853 1314 1892 et,
1334 1842 1493 1900 quibus
1512 1841 1553 1884 in
1577 1857 1725 1900 pugna

257 1908 356 1950 vitae
399 1904 642 1965 periculum
679 1903 911 1952 accideret,
965 1918 1046 1944 non
1089 1904 1149 1944 ita
1188 1902 1326 1944 multo
1371 1917 1413 1942 se
1457 1899 1723 1956 reliquorum

257 1966 414 2009 civium
444 1964 583 2005 fatum
613 1962 862 2004 antecedere
893 1961 1202 2008 existimarent,
1233 1960 1409 2015 quibus,
1443 1957 1551 2000 urbe
1580 1967 1725 2016 capta,

257 2025 404 2068 eadem
443 2030 552 2064 esset
598 2020 702 2062 belli
743 2021 917 2062 fortuna
957 2018 1172 2077 patienda.
1247 2016 1533 2072 Diductisque
1574 2016 1730 2059 nostris

260 2081 483 2142 paullatim
526 2079 720 2127 navibus,
780 2087 825 2121 et
869 2077 1051 2120 artificio
1102 2078 1443 2134 gubernatorum
1494 2073 1724 2117 mobilitati

260 2141 432 2185 navium
462 2140 582 2181 locus
610 2137 796 2179 dabatur
830 2146 889 2186 et,
918 2137 950 2178 si
974 2136 1146 2193 qnando
1178 2134 1310 2177 nostri
1333 2132 1583 2175 facultatem
1614 2132 1727 2175 nacti

260 2199 410 2244 ferreis
443 2196 639 2240 manibus
678 2195 842 2253 injectis
881 2211 1031 2238 navem
1071 2194 1376 2252 religaverant,
1415 2190 1604 2247 undique
1641 2191 1728 2234 suis

263 2326 365 2358 tinum
405 2323 629 2356 Telonensem
668 2321 725 2353 nbi
765 2332 853 2353 nunc
892 2322 964 2353 bini
1035 2328 1100 2363 pat.
1147 2322 1193 2352 lta
1210 2327 1241 2351 ct
1254 2319 1329 2351 Cic.
1348 2320 1391 2350 ad
1411 2317 1488 2349 Div.
1507 2319 1534 2350 l.
1558 2319 1611 2348 75.
1627 2318 1655 2347 si
1669 2325 1726 2347 es:-

260 2375 380 2412 portus
395 2370 424 2399 Ze
440 2369 520 2399 bras
536 2368 576 2398 tle
596 2369 629 2399 S.
648 2368 772 2408 Georqe
787 2372 819 2397 et
836 2366 965 2397 ΓΕι-ρς-
1027 2367 1209 2407 ploratum,
1229 2367 1257 2395 si
1273 2364 1422 2394 dubium.
1451 2361 1505 2392 Cf.
1521 2361 1638 2392 Horat.
1661 2359 1729 2402 Ep.

261 2419 325 2447 rat.
379 2413 612 2452 Wesselinqius
637 2411 695 2448 (ad
722 2409 879 2441 Antonin.
911 2410 964 2441 iti·
1038 2412 1065 2448 l,
1083 2414 1113 2447 5,
1133 2411 1160 2439 6.
1178 2408 1230 2439 ed.
1248 2405 1403 2438 Bentleii.
1431 2404 1570 2437 Curtius
1582 2403 1624 2435 ad
1639 2403 1727 2434 Plin.

261 2467 366 2489 nerar.
383 2467 416 2497 p.
434 2455 524 2494 506).
549 2456 598 2486 Μ.
1032 2464 1087 2494 ep.
1110 2456 1137 2491 l,
1155 2455 1186 2482 3.
1202 2451 1290 2482 etad
1307 2451 1440 2481 Sallust.
1465 2449 1541 2479 Cat.
1558 2451 1599 2479 52
1622 2452 1657 2478 et
1672 2449 1727 2479 58.

312 2503 423 2533 Factae
445 2505 556 2531 erant.
588 2498 636 2530 sic
663 2498 763 2529 codd.
805 2496 871 2528 Alii
889 2497 965 2538 sW'·
1033 2498 1110 2536 δας.
1132 2499 1179 2527 10.
1199 2495 1421 2527 131-ak‹=nb.ad
1437 2492 1511 2523 Liv.
1529 2495 1559 2524 4,
1577 2495 1608 2522 5.

266 2551 355 2577 rant.
1079 2543 1155 2573 Com
1165 2542 1255 2571 misso
1263 2540 1389 2580 prvelim.
1407 2537 1531 2569 interea
1543 2536 1622 2567 dum
1637 2544 1729 2565 com-

312 2590 455 2621 Areltne.
484 2588 537 2619 Cf.
558 2589 584 2620 l.
603 2588 655 2617 36.
682 2587 729 2617 M.
1034 2584 1175 2615 mittitur
1189 2582 1358 2624 proelinm.
1393 2582 1440 2612 M.

313 2634 472 2673 Superior
483 2637 574 2663 (Βίην.
589 2636 752 2661 senectus.
790 2629 837 2660 M.
865 2629 888 2659 A
897 2629 964 2669 pul.
1079 2630 1337 2667 Prmceptnrnm.
1367 2625 1448 2657 Sunt
1462 2622 1729 2655 adhortationes.

267 2678 406 2709 Metam.
424 2678 449 2706 1.
467 2673 783 2709 altitu·em,'fertull.
812 2673 914 2713 Apol.
931 2683 967 2703 c.
1031 2672 1208 2712 dequibus
1221 2681 1296 2711 cap.
1312 2674 1342 2701 4.
1377 2670 1423 2699 M.

267 2725 298 2752 9.
314 2723 476 2760 majorem
494 2724 622 2749 semrom
640 2717 766 2748 dixere.
1080 2717 1307 2755 Diductisque.
1349 2713 1402 2743 Sic
1424 2712 1579 2743 Oudend.
1595 2721 1614 2741 e
1631 2709 1727 2741 codd.

314 2765 392 2795 Diei
405 2773 497 2794 casu.
527 2761 579 2792 Sic
598 2767 628 2791 et
646 2773 678 2792 c.
696 2763 744 2791 Η.
1033 2767 1064 2790 et
1081 2761 1158 2790 eod.
1174 2764 1239 2788 vet.
1258 2757 1369 2797 Vulgo
1382 2757 1598 2796 deductisque.

315 2808 465 2845 Honesti,
480 2805 588 2837 nobili
603 2804 735 2836 familia
748 2803 824 2835 orti.
857 2802 905 2833 M.
1079 2805 1210 2835 Fet-reis
1221 2801 1386 2833 manibus.
1400 2810 1430 2830 v.
1448 2799 1516 2831 lnd.
1534 2799 1565 2830 in
1576 2799 1728 2838 lmrpaqo

316 2852 351 2882 Si
379 2853 631 2891 superavissent.
678 2847 790 2879 Davis.
815 2844 960 2877 malebat
1029 2855 1210 2879 etmarias.
1239 2845 1286 2876 M.

266 2896 331 2932 sin,
354 2894 410 2925 sed
436 2899 545 2924 noster
560 2898 591 2924 et
609 2892 691 2925 alibi
709 2892 741 2922 τὸ
755 2895 783 2920 si
799 2890 847 2921 sic
869 2899 962 2920 usur—
