1946 3261
6 130 10 142 -
2 0 12 121 -sis-a..

1 402 7 413 a
3 154 13 354 *mv-...mvnvs-

361 268 440 312 148
790 263 875 307 DE
909 264 1111 309 BELLO
1145 265 1440 309 GALLICO.

348 391 380 410 “
402 379 558 441 spicari
580 378 716 423 licet:
760 395 902 439 neque
934 398 1045 441 saepe
1076 382 1251 434 accidit,
1284 392 1350 433 ut,
1379 381 1579 442 neglecta
1606 381 1819 440 quispiam

349 449 379 468 ‘⁶
402 440 624 497 religione,
645 446 724 481 aut
744 449 873 498 capta
894 442 1015 499 apud
1046 458 1090 484 se
1120 442 1357 491 occultare,
1387 451 1465 484 aut
1494 441 1635 500 posita
1664 440 1820 483 tollere

346 505 378 525 “
398 497 583 540 auderet
603 513 613 546 ;
652 497 1035 557 gravissimumque
1065 502 1104 545 ei
1134 501 1197 544 rei
1224 500 1488 559 subplicium
1506 516 1605 543 cum
1624 499 1822 543 cruciatu

344 564 375 584 “
398 556 685 600 constitutum
705 564 783 599 est.

410 615 478 656 18.
522 622 553 641 “
587 614 705 657 Galli
747 631 791 657 se
833 631 977 659 omnes
1016 615 1072 659 ab
1114 616 1220 660 Dite
1261 625 1388 676 patre
1430 626 1666 676 prognatos
1715 632 1823 676 prae-

348 679 378 700 “
401 673 564 724 dicant,
596 672 732 730 idque
763 673 820 716 ab
855 674 1099 718 Druidibus
1132 675 1359 734 proditum
1393 676 1561 719 dicunt.
1624 675 1698 718 Ob
1729 690 1824 717 eam

349 738 379 757 “
402 747 593 775 caussam
621 731 759 789 spatia
788 733 1161 791 omnistemporis
1190 750 1276 778 non
1308 751 1488 778 numero
1518 735 1705 784 dierum,
1747 732 1822 776 sed

345 798 379 817 “
400 791 595 833 noctium
613 789 792 840 finiunt3
824 791 916 833 dies
934 792 1095 834 natales
1117 801 1161 834 et
1180 794 1387 835 mensium
1408 802 1454 835 et
1474 808 1685 836 annorum
1704 792 1827 834 initia

347 856 378 878 ‘⁶
400 849 459 892 sic
492 849 740 898 observant,
773 857 824 892 ut
853 858 1025 893 noctem
1055 850 1146 894 dies
1175 851 1481 910 subsequatur.
1564 851 1614 893 In
1645 850 1823 907 reliquis

349 978 448 1021 phici
463 979 598 1011 locutus
613 984 677 1010 est.
693 980 744 1011 M.
778 980 936 1012 Tumulus
951 980 1051 1012 codd.

349 1028 554 1054 constanter.
599 1024 659 1054 Ast
675 1023 751 1054 edd.
774 1024 890 1055 multae
905 1024 1051 1065 antiquae

346 1069 510 1098 cumulos.
547 1067 605 1098 Gr.
636 1066 740 1098 etiam
769 1066 883 1110 σωξοῦς.
930 1069 974 1099 Et
1005 1068 1051 1099 ita

350 1111 418 1141 fere
434 1110 509 1141 Liv.
526 1114 556 1142 5.
575 1113 627 1142 39.
652 1111 744 1153 quod
770 1111 901 1152 praefert
926 1111 1052 1143 Duker.

348 1154 392 1185 ad
406 1154 498 1185 Flor.
518 1158 550 1193 2,
567 1158 599 1192 4,
616 1157 646 1185 5.

396 1199 446 1229 Ab
466 1199 543 1230 Dite
557 1204 654 1239 patre
670 1203 860 1237 proanatos.
900 1197 965 1230 Vel
980 1199 1053 1230 exi—

348 1250 415 1283 gua
433 1252 511 1272 cum
525 1241 650 1273 Graecis
665 1241 862 1282 Latinisque
877 1242 1053 1283 scriptori-

348 1285 414 1316 bus
430 1290 464 1315 et
478 1290 629 1316 veterum
645 1284 868 1325 opinionibus
883 1286 1053 1317 familiari-

347 1334 400 1360 tas
421 1329 581 1366 declarat,
605 1328 633 1359 si
658 1339 725 1368 qua
740 1328 831 1359 natio
846 1330 900 1359 vel
916 1340 934 1360 e
950 1335 1051 1367 terra,

347 1372 404 1403 vel
430 1372 475 1403 ab
499 1371 630 1403 inferno
656 1377 715 1402 aut
737 1371 953 1403 subterraneo
977 1372 1050 1403 Deo

348 1415 445 1453 (nam
460 1420 547 1445 terra
562 1419 595 1445 et
611 1415 846 1445 subterraneus
866 1416 958 1446 Deus
975 1422 1051 1447 sunt

349 1458 460 1497 idem3
490 1457 557 1489 vid.
574 1457 648 1488 Cic.
665 1458 707 1488 N.
723 1458 765 1488 D.
783 1461 815 1495 2,
838 1461 891 1489 26.
915 1460 955 1489 de
972 1460 1052 1490 Plu-

347 1502 442 1540 tone)
469 1507 631 1543 prognata
651 1501 796 1540 dicatur,
818 1501 1052 1543 intelligendos

346 1556 421 1577 esse
437 1545 640 1586 aborigines,
656 1545 720 1576 hoc
737 1551 799 1583 est,
815 1555 882 1576 non
899 1552 1051 1578 constare

347 1591 389 1621 de
410 1589 508 1630 hujus
527 1588 677 1620 nationis
699 1588 831 1628 origine
853 1600 894 1620 ex
910 1590 979 1620 alia
995 1600 1051 1621 na-

346 1633 454 1664 tione.
470 1632 512 1662 cf.
529 1636 561 1669 5,
580 1634 630 1663 12.
677 1633 720 1662 Et
734 1632 783 1662 sic
797 1631 920 1663 diserte
938 1633 1052 1674 loqui-

349 1682 402 1707 tur
418 1675 459 1714 is,
473 1685 575 1715 quem
586 1681 619 1706 et
632 1675 790 1706 Davisius
803 1676 956 1714 contulit,
972 1678 1051 1708 Am-

348 1720 483 1751 mianus
506 1718 722 1750 Marcellinus
748 1720 818 1757 (15,
851 1719 898 1754 9).
926 1720 985 1751 ubi
1011 1721 1053 1751 de

349 1764 525 1795 Gallorum
563 1762 694 1803 origine
723 1762 812 1803 agit:
856 1764 1053 1803 Aboriqines

343 1810 471 1848 primos
484 1808 520 1837 z'n
533 1808 582 1837 his
592 1806 781 1845 reqionibus
790 1806 961 1845 (Gallicis)
970 1809 1053 1838 risos

345 1861 424 1887 esse,
448 1849 591 1890 quidam
608 1852 808 1889 firmarunt.
832 1850 952 1880 Paullo
979 1856 1057 1891 post

348 1893 454 1930 addit,
470 1892 615 1923 Druidas
632 1897 742 1923 tamen
759 1893 863 1923 fassos
874 1903 959 1931 esse,
971 1894 1055 1924 alios

348 1946 480 1977 quoque
494 1935 631 1975 (praeter
646 1935 723 1965 illos
733 1935 945 1976 aborigines)
956 1937 998 1966 ab
1008 1938 1057 1966 in-

347 1982 429 2012 suli-s
458 1980 584 2009 extimis
613 1979 811 2017 constravisse
840 1984 870 2009 et
899 1979 1056 2009 tractibus

348 2022 617 2056 transrhenanis.
672 2020 803 2050 Frustra
826 2031 906 2060 ergo
929 2027 1056 2061 quaerat

349 2065 476 2107 aliquis
506 2074 628 2094 nomen
655 2063 837 2101 Gallicum,
868 2074 934 2104 quo
967 2064 1055 2096 illud

350 2111 484 2142 Numen
507 2107 773 2145 subterraneum,
796 2107 910 2138 simile
938 2107 1056 2139 Pluto-

349 2154 415 2191 nis,
426 2150 660 2191 insigniverint
675 2162 682 2181 ι
707 2161 783 2181 nam
795 2151 887 2182 Galli
900 2150 1056 2183 videntur

350 2196 438 2228 nihil
453 2194 545 2225 aliud
561 2192 688 2225 Caesari
705 2204 868 2231 narrasse,
890 2205 993 2235 quum
1018 2207 1054 2226 se

350 2252 393 2272 ea:
407 2246 497 2271 terra
512 2247 583 2267 esse
600 2244 703 2268 ortos.
749 2237 836 2274 Quis
859 2238 949 2269 ausit
974 2239 1053 2270 defi-

349 2284 436 2322 nire,
461 2282 636 2323 quomodo
660 2280 796 2312 Druidae
824 2282 1055 2313 narratiuncu-

347 2329 419 2359 lam
436 2323 642 2357 exornarint:
662 2334 738 2354 nam
754 2330 786 2354 et
802 2324 854 2355 his
867 2336 942 2356 suas
956 2325 1054 2357 fabu-

352 2373 402 2403 las
415 2369 519 2401 fuisse
535 2368 654 2409 opinor
669 2380 676 2398 ι
693 2373 750 2398 aut
761 2370 932 2407 quomodo
942 2368 1054 2401 Caesar

352 2425 431 2446 eam
452 2419 546 2444 veste
569 2411 800 2453 mythologica
818 2410 979 2444 indueret.
1004 2414 1054 2444 M.

352 2458 457 2490 Ridet
477 2465 553 2488 eam
575 2454 718 2488 Caesaris
740 2455 965 2487 narrationem
989 2457 1055 2487 Ge-

351 2502 496 2533 bauerus
510 2500 543 2531 in
561 2499 694 2531 dissert.
711 2499 752 2528 de
769 2497 929 2529 Comitiis
952 2506 1054 2532 veter.

350 2546 508 2577 German.

399 2590 446 2620 Ob
474 2599 549 2620 eam
576 2597 742 2619 cazas-eam.
799 2586 915 2617 Utrum
943 2586 1052 2619 Caesar

347 2643 390 2664 ex
419 2643 478 2663 sua
507 2631 669 2673 opinione
697 2628 795 2668 dixit,
833 2630 921 2661 hanc
950 2630 1051 2662 fuisse

349 2686 520 2714 caussam,
549 2685 591 2706 an
622 2685 642 2705 a
672 2674 737 2706 Gal
753 2673 781 2704 is
811 2673 932 2704 diserte
963 2676 1049 2706 hanc

347 2730 503 2751 caussam
530 2717 687 2759 accepit?
738 2718 813 2747 Hoc
834 2723 910 2747 ante
936 2718 1049 2749 omnia

348 2762 550 2794 constituere
566 2762 733 2792 debebant
750 2760 786 2799 ii,
805 2759 865 2801 qui
881 2760 1048 2792 Caesarem

348 2806 383 2837 in
400 2807 462 2837 hac
480 2816 514 2838 re
530 2805 706 2846 ineptiisse
721 2803 850 2842 dicunt,
873 2804 906 2835 in
920 2804 1046 2844 quibus

347 2856 423 2881 sunt
440 2849 600 2880 Davisius
608 2849 650 2879 ad
666 2849 702 2879 h.
718 2849 740 2879 l.
755 2853 789 2879 et
803 2847 996 2878 Gebauerus
1013 2848 1045 2879 in

346 2898 516 2924 comment
542 2894 602 2923 cit.
629 2893 670 2922 de
691 2902 780 2922 com.
799 2899 866 2922 vet.
891 2891 1045 2923 German.

345 2937 387 2968 ad
402 2935 513 2966 Taciti
529 2936 683 2966 German.
699 2946 730 2966 c.
750 2937 800 2965 ll.
817 2945 851 2975 p.
866 2936 920 2965 21.
946 2935 1044 2973 (Got-

346 2979 574 3020 tingae1754).
619 2978 652 3009 Si
682 2978 791 3009 Caesar
815 2988 855 3009 ex
883 2977 1044 3019 opinione

346 3034 406 3055 sua
435 3021 533 3059 dixit,
557 3032 623 3054 non
656 3022 782 3063 probo:
814 3022 925 3063 potuit
952 3021 1044 3055 enim

1119 980 1215 1021 salli3
1239 980 1292 1013 sin
1314 992 1335 1013 a
1359 980 1501 1012 Druidis
1523 980 1573 1012 sic
1598 978 1710 1011 edocti
1733 975 1824 1010 Galli

1119 1025 1254 1064 fuerint,
1276 1026 1326 1064 (et
1349 1025 1425 1066 quis
1454 1025 1520 1056 hoc
1546 1023 1662 1064 utique
1690 1028 1788 1063 neget
1799 1022 1826 1060 ?)

1119 1070 1233 1101 nullus
1250 1069 1311 1100 erit
1326 1067 1576 1110 reprehensioni
1592 1067 1700 1098 locus.
1737 1065 1824 1096 Nam

1121 1112 1150 1143 si
1167 1113 1233 1144 fuit
1245 1112 1376 1154 opinio,
1391 1123 1410 1143 e
1427 1112 1500 1143 sinu
1517 1117 1612 1143 terrae
1627 1116 1734 1141 ortam
1751 1119 1824 1140 esse

1120 1156 1310 1187 nationem:
1338 1166 1441 1197 quam
1465 1153 1653 1186 verisimile
1676 1159 1738 1191 est,
1753 1163 1823 1191 eos,

1119 1200 1176 1240 qui
1206 1211 1225 1230 e
1249 1200 1396 1231 tenebris
1427 1199 1459 1230 in
1489 1200 1599 1230 lucem
1628 1196 1824 1239 prodierint,

1122 1243 1258 1274 initium
1280 1242 1446 1283 temporis
1468 1241 1666 1272 numerandi
1688 1251 1709 1272 a
1723 1246 1824 1271 nocte

1120 1287 1245 1324 facere,
1267 1297 1332 1327 qua
1348 1285 1446 1316 mersi
1464 1285 1574 1326 primo
1590 1285 1766 1321 latuerant,
1789 1289 1823 1314 et

1119 1331 1161 1360 ad
1170 1331 1259 1360 diem
1270 1329 1439 1371 progredi,
1450 1328 1483 1359 in
1493 1329 1587 1369 cujus
1599 1328 1711 1359 lucem
1719 1338 1825 1358 emer-

1121 1372 1251 1404 serant!
1284 1373 1359 1404 Non
1375 1372 1516 1414 poenitet
1532 1372 1717 1412 decerpere
1730 1381 1823 1411 quae-

1120 1417 1195 1447 dam
1209 1427 1249 1447 ex
1262 1415 1511 1457 Hachenbetgii
1526 1414 1705 1447 Germania
1715 1414 1826 1446 media

1120 1460 1215 1498 (diss.
1232 1463 1263 1491 8.
1280 1466 1361 1491 sect.
1380 1460 1446 1498 16),
1473 1459 1537 1490 etsi
1554 1459 1611 1490 ille
1631 1459 1672 1489 de
1687 1458 1824 1489 Germa-

1121 1503 1174 1534 nis
1204 1504 1370 1544 loquitur:
1403 1503 1478 1534 Non
1505 1503 1613 1541 fallar,
1642 1501 1763 1543 inquit,
1793 1501 1821 1533 si

1122 1547 1349 1579 Bohemorum
1382 1547 1561 1578 Plutonem
1599 1545 1662 1577 sub
1700 1545 1821 1577 tellure

1121 1592 1406 1632 comprehendam
1422 1603 1429 1620 :
1446 1601 1513 1631 quo
1527 1589 1700 1631 pertinent
1711 1588 1822 1620 cuncti

1123 1634 1301 1666 infernales
1318 1634 1389 1672 Dii,
1406 1645 1491 1675 quos
1508 1644 1549 1664 ex
1566 1633 1641 1674 ipsa
1657 1638 1820 1663 terrarum

1121 1677 1265 1719 caligine
1283 1677 1572 1718 septemtrionales
1583 1675 1731 1707 maxime
1741 1681 1824 1706 tem-

1122 1721 1187 1761 plis
1214 1721 1362 1759 (videtur
1391 1722 1466 1751 loca
1493 1730 1594 1751 sacra
1622 1719 1735 1750 dicere
1763 1729 1824 1750 vo-

1122 1764 1245 1803 luisse)
1270 1764 1340 1795 suis
1365 1765 1604 1796 admoverunt:
1639 1762 1714 1803 ipsa
1738 1773 1824 1803 quo-

1121 1818 1188 1848 que
1204 1818 1284 1846 nox,
1310 1808 1406 1848 cujus
1427 1806 1548 1838 honori
1572 1807 1689 1837 datum
1705 1812 1767 1845 est,
1786 1813 1823 1838 ut

1123 1860 1265 1881 numero
1296 1851 1447 1882 noctium
1473 1850 1581 1891 spatia
1602 1850 1714 1880 omnis
1739 1856 1823 1881 tem-

1124 1892 1216 1932 poris
1233 1893 1402 1927 Germani.
1421 1894 1580 1931 Saxones,
1597 1892 1694 1931 Dani,
1709 1894 1822 1932 Sueci,

1123 1935 1222 1975 Angli
1239 1936 1428 1975 definirent,
1447 1937 1488 1967 ad
1505 1937 1661 1968 tellurem
1676 1937 1822 1968 referen-

1120 1979 1166 2009 da
1182 1984 1241 2013 est.
1263 1990 1367 2019 quum
1383 1986 1418 2010 et
1441 1979 1547 2011 Graeci
1571 1980 1700 2011 furvam
1726 1979 1820 2012 illam

1121 2032 1161 2053 ae
1178 2022 1309 2063 nigram
1328 2023 1431 2053 Deam
1445 2023 1477 2053 in
1494 2031 1588 2054 terrae
1598 2023 1711 2055 matris
1720 2034 1822 2055 vene-

1123 2065 1251 2097 ratione
1266 2066 1437 2107 complexi
1456 2067 1589 2098 t'uerint.
1613 2067 1663 2098 M.

1168 2111 1318 2147 Finimzt,
1340 2110 1510 2141 definiunt.
1566 2111 1658 2151 Ergo
1680 2121 1747 2143 non
1770 2111 1822 2142 di-

1121 2159 1214 2191 cunt,
1230 2158 1266 2184 ut
1281 2154 1440 2194 exemplo
1460 2160 1546 2192 utar,
1560 2160 1630 2194 post
1644 2160 1712 2186 octo
1726 2155 1822 2193 dies,-

1121 2197 1190 2234 sed,
1205 2203 1276 2237 post
1293 2203 1360 2229 octo
1376 2203 1498 2229 noctes.
1540 2198 1631 2228 Idem
1649 2197 1713 2228 fuit
1731 2198 1824 2239 pris-

1119 2250 1238 2271 corum
1254 2241 1495 2272 Germanorum
1509 2251 1595 2277 mos,
1605 2240 1727 2271 Tacito
1740 2252 1818 2273 auc-

1121 2288 1191 2314 tore
1208 2284 1239 2314 in
1255 2284 1412 2316 German.
1428 2295 1458 2314 e.
1480 2283 1596 2324 ll,qui
1611 2294 1685 2315 mos
1701 2284 1822 2316 diutis-

1121 2326 1204 2358 sime
1220 2328 1338 2365 tenuit,
1362 2333 1399 2358 ut
1415 2328 1571 2368 permulti
1590 2326 1654 2358 viri
1670 2328 1760 2359 docti
1776 2339 1819 2360 ex

1120 2371 1346 2402 monumentis
1362 2370 1512 2412 publicis
1523 2372 1719 2411 docuerunt,
1730 2382 1817 2413 quo-

1120 2425 1193 2445 rum
1211 2414 1335 2455 scripta
1350 2414 1472 2455 partim
1490 2414 1686 2446 Dithmarus
1697 2416 1739 2446 ad
1752 2415 1820 2446 Ta—

1120 2458 1179 2489 citi
1193 2459 1315 2495 locum,
1334 2457 1458 2498 partim
1470 2458 1667 2489 Gebauerus
1677 2458 1709 2489 in
1723 2469 1818 2491 com-

1120 2502 1324 2532 mentatione
1335 2503 1438 2532 modo
1452 2501 1541 2532 dicta
1550 2503 1601 2543 (p.
1610 2505 1716 2533 22—2
1723 2503 1753 2541 ³)
1765 2502 1818 2533 in—

1121 2543 1259 2582 dicavit,
1283 2545 1315 2575 in
1337 2556 1404 2586 qua
1428 2546 1552 2576 multos
1574 2546 1616 2577 de
1641 2546 1705 2576 hoc
1722 2556 1816 2577 more

1119 2588 1227 2626 locos,
1249 2589 1294 2619 ab
1317 2589 1395 2620 aliis
1418 2599 1485 2620 non
1502 2589 1713 2627 observatos,
1737 2599 1816 2629 pro-

1120 2632 1207 2668 tulit,
1223 2633 1309 2662 unde
1321 2642 1400 2663 eum
1414 2633 1455 2663 ad
1471 2642 1592 2663 annum
1609 2642 1714 2673 usque
1734 2634 1816 2663 1566

1118 2675 1306 2706 obtinuisse
1324 2675 1535 2716 intelligitur.
1560 2677 1609 2707 M.
1650 2676 1814 2716 Exempla

1116 2718 1201 2750 ritus
1217 2718 1313 2750 istius
1325 2721 1414 2760 apud
1430 2730 1489 2750 nos
1506 2718 1712 2760 Argentorati
1729 2719 1815 2749 olim

1116 2762 1241 2794 servati
1279 2762 1374 2794 dabit
1410 2763 1615 2794 Glossarium
1665 2762 1815 2793 Scherzii

1114 2816 1199 2837 voce
1217 2807 1338 2838 Naclit.

1162 2850 1299 2881 Noctem
1328 2850 1397 2881 dies
1422 2851 1655 2891 subsequatur,
1679 2847 1815 2880 initium

1114 2892 1276 2924 metiendi
1295 2893 1393 2934 spatii
1418 2893 1535 2935 viginti
1556 2899 1699 2933 quatuor
1715 2892 1812 2924 hora-

1113 2947 1199 2974 rum,
1222 2947 1325 2977 quem
1341 2938 1411 2966 xoev’
1428 2937 1528 2976 ἐξοχὴν
1549 2937 1639 2967 diem
1657 2935 1812 2974 dicimus,

1111 2979 1241 3010 faciunt
1256 2991 1276 3011 a
1291 2987 1401 3017 nocte,
1415 2986 1453 3011 ut
1468 2979 1578 3010 Judaei
1592 2979 1635 3010 ab
1653 2989 1717 3011 una
1732 2989 1808 3010 ves·

1113 3033 1194 3063 pera
1222 3024 1263 3056 ad
1291 3023 1428 3056 alteram
1465 3032 1639 3065 vesperam
1678 3022 1809 3056 dierum
