<?xml version="1.0" encoding="UTF-8"?>
<!DOCTYPE html PUBLIC "-//W3C//DTD XHTML 1.0 Transitional//EN"
    "http://www.w3.org/TR/xhtml1/DTD/xhtml1-transitional.dtd">
<html xmlns="http://www.w3.org/1999/xhtml" xml:lang="en" lang="en">
 <head>
  <title>
</title>
<meta http-equiv="Content-Type" content="text/html;charset=utf-8" />
  <meta name='ocr-system' content='tesseract 3.04.00' />
  <meta name='ocr-capabilities' content='ocr_page ocr_carea ocr_par ocr_line ocrx_word'/>
</head>
<body>
  <div class='ocr_page' id='page_1' title='image "./commentariidebel00caesuoft_0444.png"; bbox 0 0 1946 3261; ppageno 0'>
   <div class='ocr_carea' id='block_1_1' title="bbox 201 217 1236 275">
    <p class='ocr_par' dir='ltr' id='par_1_1' title="bbox 201 217 1236 275">
     <span class='ocr_line' id='line_1_1' title="bbox 201 217 1236 275; baseline -0.007 0"><span class='ocrx_word' id='word_1_1' title='bbox 201 229 291 275; x_wconf 77' lang='lat'>404</span> <span class='ocrx_word' id='word_1_2' title='bbox 665 217 750 270; x_wconf 82' lang='lat' dir='ltr'>DE</span> <span class='ocrx_word' id='word_1_3' title='bbox 784 219 990 269; x_wconf 89' lang='lat' dir='ltr'><strong>BELLO</strong></span> <span class='ocrx_word' id='word_1_4' title='bbox 1023 224 1236 271; x_wconf 87' lang='lat' dir='ltr'>CIVILI.</span> 
     </span>
    </p>
   </div>
   <div class='ocr_carea' id='block_1_2' title="bbox 192 351 1707 2250">
    <p class='ocr_par' dir='ltr' id='par_1_2' title="bbox 197 351 1707 1008">
     <span class='ocr_line' id='line_1_2' title="bbox 205 351 1702 414; baseline -0.003 -12"><span class='ocrx_word' id='word_1_5' title='bbox 205 358 324 402; x_wconf 83' lang='lat' dir='ltr'>riore</span> <span class='ocrx_word' id='word_1_6' title='bbox 344 367 456 398; x_wconf 86' lang='lat' dir='ltr'>anno</span> <span class='ocrx_word' id='word_1_7' title='bbox 477 351 597 412; x_wconf 86' lang='lat' dir='ltr'>apud</span> <span class='ocrx_word' id='word_1_8' title='bbox 619 366 718 398; x_wconf 90' lang='lat' dir='ltr'>eum</span> <span class='ocrx_word' id='word_1_9' title='bbox 740 354 928 414; x_wconf 88' lang='lat' dir='ltr'>primum</span> <span class='ocrx_word' id='word_1_10' title='bbox 951 354 1090 413; x_wconf 91' lang='lat' dir='ltr'>pilum</span> <span class='ocrx_word' id='word_1_11' title='bbox 1122 355 1165 398; x_wconf 90' lang='lat' dir='ltr'>in</span> <span class='ocrx_word' id='word_1_12' title='bbox 1187 355 1360 414; x_wconf 79' lang='lat' dir='ltr'>legione</span> <span class='ocrx_word' id='word_1_13' title='bbox 1381 354 1546 398; x_wconf 86' lang='lat' dir='ltr'>decima</span> <span class='ocrx_word' id='word_1_14' title='bbox 1568 352 1702 398; x_wconf 87' lang='lat' dir='ltr'>duxe-</span> 
     </span>
     <span class='ocr_line' id='line_1_3' title="bbox 205 412 1706 474; baseline -0.001 -15"><span class='ocrx_word' id='word_1_15' title='bbox 205 425 293 466; x_wconf 82' lang='lat' dir='ltr'>rat,</span> <span class='ocrx_word' id='word_1_16' title='bbox 317 415 384 456; x_wconf 89' lang='lat' dir='ltr'>vir</span> <span class='ocrx_word' id='word_1_17' title='bbox 400 412 614 472; x_wconf 84' lang='lat' dir='ltr'>singulari</span> <span class='ocrx_word' id='word_1_18' title='bbox 636 413 818 458; x_wconf 85' lang='lat' dir='ltr'>virtute.</span> <span class='ocrx_word' id='word_1_19' title='bbox 876 414 978 464; x_wconf 85' lang='lat' dir='ltr'>Hic,</span> <span class='ocrx_word' id='word_1_20' title='bbox 1000 415 1122 473; x_wconf 87' lang='lat' dir='ltr'>signo</span> <span class='ocrx_word' id='word_1_21' title='bbox 1138 414 1261 465; x_wconf 88' lang='lat' dir='ltr'>dato,</span> <span class='ocrx_word' id='word_1_22' title='bbox 1287 423 1315 442; x_wconf 75' lang='lat'>‘⁶</span> <span class='ocrx_word' id='word_1_23' title='bbox 1333 414 1574 474; x_wconf 84' lang='lat' dir='ltr'>Sequimini</span> <span class='ocrx_word' id='word_1_24' title='bbox 1594 417 1706 465; x_wconf 89' lang='lat' dir='ltr'>me‚’&#39;</span> 
     </span>
     <span class='ocr_line' id='line_1_4' title="bbox 204 472 1703 533; baseline -0.002 -15"><span class='ocrx_word' id='word_1_25' title='bbox 204 473 367 533; x_wconf 84' lang='lat' dir='ltr'>inquit,</span> <span class='ocrx_word' id='word_1_26' title='bbox 397 479 427 499; x_wconf 89' lang='lat'><strong>“</strong></span> <span class='ocrx_word' id='word_1_27' title='bbox 446 472 736 531; x_wconf 88' lang='lat' dir='ltr'>manipulares</span> <span class='ocrx_word' id='word_1_28' title='bbox 769 474 851 518; x_wconf 85' lang='lat' dir='ltr'>mei</span> <span class='ocrx_word' id='word_1_29' title='bbox 885 473 961 532; x_wconf 90' lang='lat' dir='ltr'>qui</span> <span class='ocrx_word' id='word_1_30' title='bbox 985 474 1143 524; x_wconf 86' lang='lat' dir='ltr'>fuistis,</span> <span class='ocrx_word' id='word_1_31' title='bbox 1174 484 1220 518; x_wconf 91' lang='lat' dir='ltr'>et</span> <span class='ocrx_word' id='word_1_32' title='bbox 1249 483 1396 518; x_wconf 87' lang='lat' dir='ltr'>vestro</span> <span class='ocrx_word' id='word_1_33' title='bbox 1428 473 1703 532; x_wconf 85' lang='lat' dir='ltr'>Imperatori,</span> 
     </span>
     <span class='ocr_line' id='line_1_5' title="bbox 202 532 1705 593; baseline 0 -18"><span class='ocrx_word' id='word_1_34' title='bbox 202 541 235 560; x_wconf 79' lang='lat'>‘⁶</span> <span class='ocrx_word' id='word_1_35' title='bbox 259 548 391 591; x_wconf 90' lang='lat' dir='ltr'>quam</span> <span class='ocrx_word' id='word_1_36' title='bbox 422 532 721 585; x_wconf 88' lang='lat' dir='ltr'>constituistis,</span> <span class='ocrx_word' id='word_1_37' title='bbox 757 549 934 593; x_wconf 78' lang='lat' dir='ltr'>operam</span> <span class='ocrx_word' id='word_1_38' title='bbox 968 533 1090 576; x_wconf 88' lang='lat' dir='ltr'>date:</span> <span class='ocrx_word' id='word_1_39' title='bbox 1127 550 1261 577; x_wconf 88' lang='lat' dir='ltr'>unum</span> <span class='ocrx_word' id='word_1_40' title='bbox 1294 534 1374 577; x_wconf 90' lang='lat' dir='ltr'>hoc</span> <span class='ocrx_word' id='word_1_41' title='bbox 1409 534 1613 593; x_wconf 86' lang='lat' dir='ltr'>proelium</span> <span class='ocrx_word' id='word_1_42' title='bbox 1636 549 1705 575; x_wconf 91' lang='lat' dir='ltr'>su-</span> 
     </span>
     <span class='ocr_line' id='line_1_6' title="bbox 202 592 1705 652; baseline -0.001 -17"><span class='ocrx_word' id='word_1_43' title='bbox 202 599 235 620; x_wconf 89' lang='lat'><strong>“</strong></span> <span class='ocrx_word' id='word_1_44' title='bbox 258 599 422 651; x_wconf 84' lang='lat' dir='ltr'>perest,</span> <span class='ocrx_word' id='word_1_45' title='bbox 457 607 546 650; x_wconf 93' lang='lat' dir='ltr'>quo</span> <span class='ocrx_word' id='word_1_46' title='bbox 567 592 782 643; x_wconf 89' lang='lat' dir='ltr'>confecto,</span> <span class='ocrx_word' id='word_1_47' title='bbox 817 600 861 635; x_wconf 90' lang='lat' dir='ltr'>et</span> <span class='ocrx_word' id='word_1_48' title='bbox 896 592 969 634; x_wconf 92' lang='lat' dir='ltr'>ille</span> <span class='ocrx_word' id='word_1_49' title='bbox 1001 609 1123 635; x_wconf 88' lang='lat' dir='ltr'>suam</span> <span class='ocrx_word' id='word_1_50' title='bbox 1144 593 1420 652; x_wconf 87' lang='lat' dir='ltr'>dignitatem,</span> <span class='ocrx_word' id='word_1_51' title='bbox 1449 601 1493 635; x_wconf 92' lang='lat' dir='ltr'>et</span> <span class='ocrx_word' id='word_1_52' title='bbox 1515 609 1590 636; x_wconf 89' lang='lat' dir='ltr'>nos</span> <span class='ocrx_word' id='word_1_53' title='bbox 1610 607 1705 635; x_wconf 87' lang='lat' dir='ltr'>nos-</span> 
     </span>
     <span class='ocr_line' id='line_1_7' title="bbox 201 651 1707 712; baseline 0 -18"><span class='ocrx_word' id='word_1_54' title='bbox 201 658 235 679; x_wconf 87' lang='lat'><strong>“</strong></span> <span class='ocrx_word' id='word_1_55' title='bbox 258 659 372 694; x_wconf 89' lang='lat' dir='ltr'>tram</span> <span class='ocrx_word' id='word_1_56' title='bbox 393 651 646 694; x_wconf 89' lang='lat' dir='ltr'>libertatem</span> <span class='ocrx_word' id='word_1_57' title='bbox 675 651 1076 710; x_wconf 89' lang='lat' dir='ltr'>recuperabimus.&#39;’</span> <span class='ocrx_word' id='word_1_58' title='bbox 1137 652 1278 695; x_wconf 86' lang='lat' dir='ltr'>Simul</span> <span class='ocrx_word' id='word_1_59' title='bbox 1312 653 1543 712; x_wconf 84' lang='lat' dir='ltr'>respiciens</span> <span class='ocrx_word' id='word_1_60' title='bbox 1566 651 1707 694; x_wconf 85' lang='lat' dir='ltr'>Caesa-</span> 
     </span>
     <span class='ocr_line' id='line_1_8' title="bbox 199 709 1703 770; baseline -0.001 -17"><span class='ocrx_word' id='word_1_61' title='bbox 199 717 234 739; x_wconf 84' lang='lat'><strong>“</strong></span> <span class='ocrx_word' id='word_1_62' title='bbox 257 727 367 761; x_wconf 88' lang='lat' dir='ltr'>rem,</span> <span class='ocrx_word' id='word_1_63' title='bbox 401 718 431 738; x_wconf 88' lang='lat'>“</span> <span class='ocrx_word' id='word_1_64' title='bbox 450 710 671 760; x_wconf 85' lang='lat' dir='ltr'>Faciam,’&#39;</span> <span class='ocrx_word' id='word_1_65' title='bbox 700 711 859 769; x_wconf 91' lang='lat' dir='ltr'>inquit,</span> <span class='ocrx_word' id='word_1_66' title='bbox 894 718 922 737; x_wconf 90' lang='lat'><strong>“</strong></span> <span class='ocrx_word' id='word_1_67' title='bbox 943 709 1087 762; x_wconf 81' lang='lat' dir='ltr'>hodie,</span> <span class='ocrx_word' id='word_1_68' title='bbox 1121 711 1384 770; x_wconf 81' lang='lat' dir='ltr'>Imperator,</span> <span class='ocrx_word' id='word_1_69' title='bbox 1417 721 1468 754; x_wconf 88' lang='lat' dir='ltr'>ut</span> <span class='ocrx_word' id='word_1_70' title='bbox 1501 719 1578 754; x_wconf 90' lang='lat' dir='ltr'>aut</span> <span class='ocrx_word' id='word_1_71' title='bbox 1599 710 1703 753; x_wconf 91' lang='lat' dir='ltr'>vivo</span> 
     </span>
     <span class='ocr_line' id='line_1_9' title="bbox 201 768 1705 830; baseline -0.001 -18"><span class='ocrx_word' id='word_1_72' title='bbox 201 777 234 798; x_wconf 78' lang='lat'>‘⁶</span> <span class='ocrx_word' id='word_1_73' title='bbox 257 769 378 821; x_wconf 82' lang='lat' dir='ltr'>mihi,</span> <span class='ocrx_word' id='word_1_74' title='bbox 401 777 479 813; x_wconf 88' lang='lat' dir='ltr'>aut</span> <span class='ocrx_word' id='word_1_75' title='bbox 501 777 678 813; x_wconf 89' lang='lat' dir='ltr'>mortuo</span> <span class='ocrx_word' id='word_1_76' title='bbox 699 771 863 828; x_wconf 84' lang='lat' dir='ltr'>gratias</span> <span class='ocrx_word' id='word_1_77' title='bbox 883 771 1029 828; x_wconf 88' lang='lat' dir='ltr'>agas.”</span> <span class='ocrx_word' id='word_1_78' title='bbox 1092 770 1199 814; x_wconf 83' lang='lat' dir='ltr'>Haec</span> <span class='ocrx_word' id='word_1_79' title='bbox 1232 788 1369 830; x_wconf 91' lang='lat' dir='ltr'>quum</span> <span class='ocrx_word' id='word_1_80' title='bbox 1400 771 1595 819; x_wconf 83' lang='lat' dir='ltr'>dixisset,</span> <span class='ocrx_word' id='word_1_81' title='bbox 1616 768 1705 828; x_wconf 86' lang='lat' dir='ltr'>pri·</span> 
     </span>
     <span class='ocr_line' id='line_1_10' title="bbox 197 828 1702 888; baseline -0.001 -15"><span class='ocrx_word' id='word_1_82' title='bbox 197 844 299 874; x_wconf 89' lang='lat' dir='ltr'>mus</span> <span class='ocrx_word' id='word_1_83' title='bbox 329 845 384 872; x_wconf 85' lang='lat' dir='ltr'>ex</span> <span class='ocrx_word' id='word_1_84' title='bbox 404 828 563 872; x_wconf 85' lang='lat' dir='ltr'>dextro</span> <span class='ocrx_word' id='word_1_85' title='bbox 594 844 731 872; x_wconf 89' lang='lat' dir='ltr'>cornu</span> <span class='ocrx_word' id='word_1_86' title='bbox 768 829 1068 888; x_wconf 85' lang='lat' dir='ltr'>procucurrit,</span> <span class='ocrx_word' id='word_1_87' title='bbox 1103 840 1237 888; x_wconf 90' lang='lat' dir='ltr'>atque</span> <span class='ocrx_word' id='word_1_88' title='bbox 1270 847 1369 873; x_wconf 91' lang='lat' dir='ltr'>eum</span> <span class='ocrx_word' id='word_1_89' title='bbox 1391 830 1520 873; x_wconf 90' lang='lat' dir='ltr'>electi</span> <span class='ocrx_word' id='word_1_90' title='bbox 1542 829 1702 872; x_wconf 86' lang='lat' dir='ltr'>milites</span> 
     </span>
     <span class='ocr_line' id='line_1_11' title="bbox 197 887 1701 949; baseline -0.002 -16"><span class='ocrx_word' id='word_1_91' title='bbox 197 887 375 933; x_wconf 85' lang='lat' dir='ltr'>circiter</span> <span class='ocrx_word' id='word_1_92' title='bbox 406 895 583 931; x_wconf 85' lang='lat' dir='ltr'>centum</span> <span class='ocrx_word' id='word_1_93' title='bbox 608 896 653 931; x_wconf 90' lang='lat' dir='ltr'>et</span> <span class='ocrx_word' id='word_1_94' title='bbox 676 887 833 947; x_wconf 85' lang='lat' dir='ltr'>viginti</span> <span class='ocrx_word' id='word_1_95' title='bbox 855 888 1110 932; x_wconf 87' lang='lat' dir='ltr'>voluntariis</span> <span class='ocrx_word' id='word_1_96' title='bbox 1142 889 1331 949; x_wconf 85' lang='lat' dir='ltr'>ejusdem</span> <span class='ocrx_word' id='word_1_97' title='bbox 1364 888 1571 932; x_wconf 91' lang='lat' dir='ltr'>centuriae</span> <span class='ocrx_word' id='word_1_98' title='bbox 1599 895 1701 931; x_wconf 88' lang='lat' dir='ltr'>sunt</span> 
     </span>
     <span class='ocr_line' id='line_1_12' title="bbox 198 947 440 1008; baseline -0.008 -17"><span class='ocrx_word' id='word_1_99' title='bbox 198 947 440 1008; x_wconf 81' lang='lat' dir='ltr'>prosecuti.</span> 
     </span>
    </p>

    <p class='ocr_par' dir='ltr' id='par_1_3' title="bbox 192 1004 1705 1996">
     <span class='ocr_line' id='line_1_13' title="bbox 262 1004 1705 1067; baseline -0.002 -17"><span class='ocrx_word' id='word_1_100' title='bbox 262 1006 335 1050; x_wconf 78' lang='lat'>92.</span> <span class='ocrx_word' id='word_1_101' title='bbox 368 1006 492 1050; x_wconf 86' lang='lat' dir='ltr'>Inter</span> <span class='ocrx_word' id='word_1_102' title='bbox 524 1005 633 1050; x_wconf 89' lang='lat' dir='ltr'>duas</span> <span class='ocrx_word' id='word_1_103' title='bbox 664 1005 775 1050; x_wconf 87' lang='lat' dir='ltr'>acies</span> <span class='ocrx_word' id='word_1_104' title='bbox 806 1015 976 1050; x_wconf 90' lang='lat' dir='ltr'>tantum</span> <span class='ocrx_word' id='word_1_105' title='bbox 1008 1015 1104 1049; x_wconf 88' lang='lat' dir='ltr'>erat</span> <span class='ocrx_word' id='word_1_106' title='bbox 1141 1006 1341 1050; x_wconf 89' lang='lat' dir='ltr'>relictum</span> <span class='ocrx_word' id='word_1_107' title='bbox 1363 1008 1507 1067; x_wconf 87' lang='lat' dir='ltr'>spatii,</span> <span class='ocrx_word' id='word_1_108' title='bbox 1531 1013 1582 1049; x_wconf 93' lang='lat' dir='ltr'>ut</span> <span class='ocrx_word' id='word_1_109' title='bbox 1602 1004 1705 1048; x_wconf 87' lang='lat' dir='ltr'>satis</span> 
     </span>
     <span class='ocr_line' id='line_1_14' title="bbox 199 1065 1704 1125; baseline -0.003 -15"><span class='ocrx_word' id='word_1_110' title='bbox 199 1074 314 1110; x_wconf 84' lang='lat' dir='ltr'>esset</span> <span class='ocrx_word' id='word_1_111' title='bbox 345 1066 403 1109; x_wconf 88' lang='lat' dir='ltr'>ad</span> <span class='ocrx_word' id='word_1_112' title='bbox 425 1081 682 1110; x_wconf 89' lang='lat' dir='ltr'>concursum</span> <span class='ocrx_word' id='word_1_113' title='bbox 715 1067 943 1124; x_wconf 85' lang='lat' dir='ltr'>utriusque</span> <span class='ocrx_word' id='word_1_114' title='bbox 971 1065 1205 1109; x_wconf 83' lang='lat' dir='ltr'>exercitus:</span> <span class='ocrx_word' id='word_1_115' title='bbox 1240 1067 1317 1110; x_wconf 88' lang='lat' dir='ltr'>sed</span> <span class='ocrx_word' id='word_1_116' title='bbox 1351 1066 1583 1125; x_wconf 85' lang='lat' dir='ltr'>Pompeius</span> <span class='ocrx_word' id='word_1_117' title='bbox 1617 1065 1704 1107; x_wconf 87' lang='lat' dir='ltr'>suis</span> 
     </span>
     <span class='ocr_line' id='line_1_15' title="bbox 199 1124 1703 1184; baseline -0.003 -15"><span class='ocrx_word' id='word_1_118' title='bbox 199 1124 482 1184; x_wconf 79' lang='lat' dir='ltr'>praedixerat,</span> <span class='ocrx_word' id='word_1_119' title='bbox 504 1133 555 1167; x_wconf 89' lang='lat' dir='ltr'>ut</span> <span class='ocrx_word' id='word_1_120' title='bbox 577 1125 760 1168; x_wconf 76' lang='lat' dir='ltr'>Caesaris</span> <span class='ocrx_word' id='word_1_121' title='bbox 781 1126 978 1184; x_wconf 88' lang='lat' dir='ltr'>inpetum</span> <span class='ocrx_word' id='word_1_122' title='bbox 1001 1125 1269 1184; x_wconf 82' lang='lat' dir='ltr'>exciperent,</span> <span class='ocrx_word' id='word_1_123' title='bbox 1300 1142 1406 1170; x_wconf 80' lang='lat' dir='ltr'>neve</span> <span class='ocrx_word' id='word_1_124' title='bbox 1429 1143 1471 1170; x_wconf 91' lang='lat' dir='ltr'>se</span> <span class='ocrx_word' id='word_1_125' title='bbox 1494 1125 1592 1168; x_wconf 88' lang='lat' dir='ltr'>loco</span> <span class='ocrx_word' id='word_1_126' title='bbox 1613 1139 1703 1166; x_wconf 89' lang='lat' dir='ltr'>mo-</span> 
     </span>
     <span class='ocr_line' id='line_1_16' title="bbox 197 1183 1699 1244; baseline -0.003 -16"><span class='ocrx_word' id='word_1_127' title='bbox 197 1192 356 1228; x_wconf 85' lang='lat' dir='ltr'>verent</span> <span class='ocrx_word' id='word_1_128' title='bbox 391 1185 615 1240; x_wconf 88' lang='lat' dir='ltr'>aciemque</span> <span class='ocrx_word' id='word_1_129' title='bbox 643 1184 733 1241; x_wconf 87' lang='lat' dir='ltr'>ejus</span> <span class='ocrx_word' id='word_1_130' title='bbox 766 1184 948 1228; x_wconf 88' lang='lat' dir='ltr'>distrahi</span> <span class='ocrx_word' id='word_1_131' title='bbox 981 1194 1263 1243; x_wconf 86' lang='lat' dir='ltr'>paterentur:</span> <span class='ocrx_word' id='word_1_132' title='bbox 1310 1186 1441 1244; x_wconf 91' lang='lat' dir='ltr'>idque</span> <span class='ocrx_word' id='word_1_133' title='bbox 1474 1183 1699 1227; x_wconf 89' lang='lat' dir='ltr'>admonitu</span> 
     </span>
     <span class='ocr_line' id='line_1_17' title="bbox 200 1241 1702 1302; baseline -0.002 -16"><span class='ocrx_word' id='word_1_134' title='bbox 200 1243 257 1287; x_wconf 88' lang='lat' dir='ltr'>C.</span> <span class='ocrx_word' id='word_1_135' title='bbox 283 1243 442 1286; x_wconf 89' lang='lat' dir='ltr'>Triarii</span> <span class='ocrx_word' id='word_1_136' title='bbox 466 1243 611 1286; x_wconf 89' lang='lat' dir='ltr'>fecisse</span> <span class='ocrx_word' id='word_1_137' title='bbox 633 1243 880 1294; x_wconf 82' lang='lat' dir='ltr'>dicebatur,</span> <span class='ocrx_word' id='word_1_138' title='bbox 918 1252 967 1287; x_wconf 91' lang='lat' dir='ltr'>ut</span> <span class='ocrx_word' id='word_1_139' title='bbox 993 1245 1159 1302; x_wconf 88' lang='lat' dir='ltr'>primus</span> <span class='ocrx_word' id='word_1_140' title='bbox 1193 1261 1396 1287; x_wconf 83' lang='lat' dir='ltr'>excursus</span> <span class='ocrx_word' id='word_1_141' title='bbox 1419 1245 1569 1301; x_wconf 89' lang='lat' dir='ltr'>visque</span> <span class='ocrx_word' id='word_1_142' title='bbox 1593 1241 1702 1284; x_wconf 90' lang='lat' dir='ltr'>mili-</span> 
     </span>
     <span class='ocr_line' id='line_1_18' title="bbox 196 1299 1704 1361; baseline -0.002 -16"><span class='ocrx_word' id='word_1_143' title='bbox 196 1310 299 1345; x_wconf 84' lang='lat' dir='ltr'>tum</span> <span class='ocrx_word' id='word_1_144' title='bbox 320 1302 637 1361; x_wconf 85' lang='lat' dir='ltr'>infringeretur</span> <span class='ocrx_word' id='word_1_145' title='bbox 660 1304 858 1360; x_wconf 85' lang='lat' dir='ltr'>aciesque</span> <span class='ocrx_word' id='word_1_146' title='bbox 885 1303 1225 1355; x_wconf 82' lang='lat' dir='ltr'>distenderetur,</span> <span class='ocrx_word' id='word_1_147' title='bbox 1255 1313 1389 1361; x_wconf 87' lang='lat' dir='ltr'>atque</span> <span class='ocrx_word' id='word_1_148' title='bbox 1413 1304 1455 1345; x_wconf 93' lang='lat' dir='ltr'>in</span> <span class='ocrx_word' id='word_1_149' title='bbox 1477 1303 1564 1345; x_wconf 87' lang='lat' dir='ltr'>suis</span> <span class='ocrx_word' id='word_1_150' title='bbox 1586 1299 1704 1343; x_wconf 89' lang='lat' dir='ltr'>ordi-</span> 
     </span>
     <span class='ocr_line' id='line_1_19' title="bbox 197 1358 1702 1420; baseline -0.002 -15"><span class='ocrx_word' id='word_1_151' title='bbox 197 1362 327 1405; x_wconf 80' lang='lat' dir='ltr'>nibus</span> <span class='ocrx_word' id='word_1_152' title='bbox 358 1361 555 1420; x_wconf 88' lang='lat' dir='ltr'>dispositi</span> <span class='ocrx_word' id='word_1_153' title='bbox 584 1361 801 1420; x_wconf 88' lang='lat' dir='ltr'>dispersos</span> <span class='ocrx_word' id='word_1_154' title='bbox 829 1362 1133 1404; x_wconf 82' lang='lat' dir='ltr'>adorirentur:</span> <span class='ocrx_word' id='word_1_155' title='bbox 1170 1361 1393 1420; x_wconf 88' lang='lat' dir='ltr'>leniusque</span> <span class='ocrx_word' id='word_1_156' title='bbox 1427 1376 1578 1404; x_wconf 85' lang='lat' dir='ltr'>casura</span> <span class='ocrx_word' id='word_1_157' title='bbox 1610 1358 1702 1418; x_wconf 86' lang='lat' dir='ltr'>pila</span> 
     </span>
     <span class='ocr_line' id='line_1_20' title="bbox 196 1417 1702 1479; baseline -0.002 -16"><span class='ocrx_word' id='word_1_158' title='bbox 196 1420 424 1479; x_wconf 87' lang='lat' dir='ltr'>sperabat,</span> <span class='ocrx_word' id='word_1_159' title='bbox 447 1421 490 1464; x_wconf 91' lang='lat' dir='ltr'>in</span> <span class='ocrx_word' id='word_1_160' title='bbox 511 1421 608 1463; x_wconf 92' lang='lat' dir='ltr'>loco</span> <span class='ocrx_word' id='word_1_161' title='bbox 631 1421 810 1463; x_wconf 88' lang='lat' dir='ltr'>retentis</span> <span class='ocrx_word' id='word_1_162' title='bbox 831 1420 1058 1469; x_wconf 89' lang='lat' dir='ltr'>militibus,</span> <span class='ocrx_word' id='word_1_163' title='bbox 1089 1436 1222 1477; x_wconf 85' lang='lat' dir='ltr'>quain</span> <span class='ocrx_word' id='word_1_164' title='bbox 1244 1421 1277 1463; x_wconf 86' lang='lat' dir='ltr'>si</span> <span class='ocrx_word' id='word_1_165' title='bbox 1302 1421 1379 1479; x_wconf 84' lang='lat' dir='ltr'>ipsi</span> <span class='ocrx_word' id='word_1_166' title='bbox 1403 1420 1583 1464; x_wconf 82' lang='lat' dir='ltr'>inmissis</span> <span class='ocrx_word' id='word_1_167' title='bbox 1603 1417 1702 1462; x_wconf 89' lang='lat' dir='ltr'>telis</span> 
     </span>
     <span class='ocr_line' id='line_1_21' title="bbox 194 1477 1702 1537; baseline -0.002 -14"><span class='ocrx_word' id='word_1_168' title='bbox 194 1480 508 1523; x_wconf 89' lang='lat' dir='ltr'>occurrissent:</span> <span class='ocrx_word' id='word_1_169' title='bbox 542 1480 669 1522; x_wconf 90' lang='lat' dir='ltr'>simul</span> <span class='ocrx_word' id='word_1_170' title='bbox 694 1481 803 1529; x_wconf 84' lang='lat' dir='ltr'>fore,</span> <span class='ocrx_word' id='word_1_171' title='bbox 833 1488 898 1528; x_wconf 86' lang='lat' dir='ltr'>ut,</span> <span class='ocrx_word' id='word_1_172' title='bbox 921 1478 1150 1537; x_wconf 85' lang='lat' dir='ltr'>duplicato</span> <span class='ocrx_word' id='word_1_173' title='bbox 1171 1496 1316 1528; x_wconf 76' lang='lat' dir='ltr'>cursu,</span> <span class='ocrx_word' id='word_1_174' title='bbox 1343 1480 1524 1523; x_wconf 83' lang='lat' dir='ltr'>Caesaris</span> <span class='ocrx_word' id='word_1_175' title='bbox 1545 1477 1702 1522; x_wconf 84' lang='lat' dir='ltr'>milites</span> 
     </span>
     <span class='ocr_line' id='line_1_22' title="bbox 194 1537 1702 1596; baseline -0.002 -14"><span class='ocrx_word' id='word_1_176' title='bbox 194 1539 551 1582; x_wconf 85' lang='lat' dir='ltr'>exanimarentur</span> <span class='ocrx_word' id='word_1_177' title='bbox 572 1547 616 1582; x_wconf 91' lang='lat' dir='ltr'>et</span> <span class='ocrx_word' id='word_1_178' title='bbox 638 1537 886 1581; x_wconf 82' lang='lat' dir='ltr'>lassitudine</span> <span class='ocrx_word' id='word_1_179' title='bbox 909 1537 1240 1581; x_wconf 83' lang='lat' dir='ltr'>conficerentur.</span> <span class='ocrx_word' id='word_1_180' title='bbox 1306 1538 1438 1588; x_wconf 84' lang='lat' dir='ltr'>Quod</span> <span class='ocrx_word' id='word_1_181' title='bbox 1462 1538 1585 1581; x_wconf 90' lang='lat' dir='ltr'>nobis</span> <span class='ocrx_word' id='word_1_182' title='bbox 1606 1537 1702 1596; x_wconf 90' lang='lat' dir='ltr'>qui-</span> 
     </span>
     <span class='ocr_line' id='line_1_23' title="bbox 195 1595 1700 1656; baseline -0.001 -15"><span class='ocrx_word' id='word_1_183' title='bbox 195 1599 299 1643; x_wconf 93' lang='lat' dir='ltr'>dem</span> <span class='ocrx_word' id='word_1_184' title='bbox 320 1598 442 1641; x_wconf 90' lang='lat' dir='ltr'>nulla</span> <span class='ocrx_word' id='word_1_185' title='bbox 464 1597 632 1640; x_wconf 84' lang='lat' dir='ltr'>ratione.</span> <span class='ocrx_word' id='word_1_186' title='bbox 651 1599 814 1639; x_wconf 83' lang='lat' dir='ltr'>factum</span> <span class='ocrx_word' id='word_1_187' title='bbox 836 1612 861 1638; x_wconf 90' lang='lat' dir='ltr'>a</span> <span class='ocrx_word' id='word_1_188' title='bbox 882 1596 1088 1655; x_wconf 88' lang='lat' dir='ltr'>Pompeio</span> <span class='ocrx_word' id='word_1_189' title='bbox 1106 1597 1300 1646; x_wconf 79' lang='lat' dir='ltr'>videtur,</span> <span class='ocrx_word' id='word_1_190' title='bbox 1326 1606 1562 1656; x_wconf 86' lang='lat' dir='ltr'>propterea</span> <span class='ocrx_word' id='word_1_191' title='bbox 1585 1595 1700 1656; x_wconf 91' lang='lat' dir='ltr'>quod</span> 
     </span>
     <span class='ocr_line' id='line_1_24' title="bbox 193 1655 1700 1716; baseline -0.002 -15"><span class='ocrx_word' id='word_1_192' title='bbox 193 1665 263 1702; x_wconf 84' lang='lat' dir='ltr'>est</span> <span class='ocrx_word' id='word_1_193' title='bbox 284 1655 484 1716; x_wconf 78' lang='lat' dir='ltr'>quaedam</span> <span class='ocrx_word' id='word_1_194' title='bbox 505 1655 635 1698; x_wconf 89' lang='lat' dir='ltr'>animi</span> <span class='ocrx_word' id='word_1_195' title='bbox 666 1655 861 1698; x_wconf 86' lang='lat' dir='ltr'>incitatio</span> <span class='ocrx_word' id='word_1_196' title='bbox 888 1665 1021 1713; x_wconf 87' lang='lat' dir='ltr'>atque</span> <span class='ocrx_word' id='word_1_197' title='bbox 1051 1657 1252 1700; x_wconf 85' lang='lat' dir='ltr'>alacritas</span> <span class='ocrx_word' id='word_1_198' title='bbox 1274 1657 1533 1699; x_wconf 83' lang='lat' dir='ltr'>naturaliter</span> <span class='ocrx_word' id='word_1_199' title='bbox 1554 1657 1700 1699; x_wconf 84' lang='lat' dir='ltr'>innata</span> 
     </span>
     <span class='ocr_line' id='line_1_25' title="bbox 195 1713 1697 1774; baseline -0.003 -14"><span class='ocrx_word' id='word_1_200' title='bbox 195 1716 415 1765; x_wconf 89' lang='lat' dir='ltr'>omnibus,</span> <span class='ocrx_word' id='word_1_201' title='bbox 431 1731 526 1772; x_wconf 80' lang='lat' dir='ltr'>quae</span> <span class='ocrx_word' id='word_1_202' title='bbox 542 1713 686 1756; x_wconf 89' lang='lat' dir='ltr'>studio</span> <span class='ocrx_word' id='word_1_203' title='bbox 703 1730 862 1773; x_wconf 70' lang='lat' dir='ltr'>pugnae</span> <span class='ocrx_word' id='word_1_204' title='bbox 879 1714 1136 1758; x_wconf 85' lang='lat' dir='ltr'>incenditur.</span> <span class='ocrx_word' id='word_1_205' title='bbox 1193 1716 1319 1758; x_wconf 83' lang='lat' dir='ltr'>Hanc</span> <span class='ocrx_word' id='word_1_206' title='bbox 1339 1731 1422 1758; x_wconf 87' lang='lat' dir='ltr'>non</span> <span class='ocrx_word' id='word_1_207' title='bbox 1442 1716 1697 1774; x_wconf 86' lang='lat' dir='ltr'>reprimere,</span> 
     </span>
     <span class='ocr_line' id='line_1_26' title="bbox 192 1773 1698 1833; baseline -0.003 -14"><span class='ocrx_word' id='word_1_208' title='bbox 192 1776 273 1819; x_wconf 85' lang='lat' dir='ltr'>sed</span> <span class='ocrx_word' id='word_1_209' title='bbox 308 1790 474 1833; x_wconf 85' lang='lat' dir='ltr'>augere</span> <span class='ocrx_word' id='word_1_210' title='bbox 517 1773 811 1832; x_wconf 86' lang='lat' dir='ltr'>Imperatores</span> <span class='ocrx_word' id='word_1_211' title='bbox 846 1773 1025 1823; x_wconf 88' lang='lat' dir='ltr'>debent,</span> <span class='ocrx_word' id='word_1_212' title='bbox 1068 1790 1210 1832; x_wconf 86' lang='lat' dir='ltr'>neque</span> <span class='ocrx_word' id='word_1_213' title='bbox 1251 1776 1414 1817; x_wconf 86' lang='lat' dir='ltr'>frustra</span> <span class='ocrx_word' id='word_1_214' title='bbox 1455 1774 1698 1832; x_wconf 85' lang='lat' dir='ltr'>antiquitus</span> 
     </span>
     <span class='ocr_line' id='line_1_27' title="bbox 195 1833 1698 1891; baseline -0.002 -13"><span class='ocrx_word' id='word_1_215' title='bbox 195 1834 451 1878; x_wconf 85' lang='lat' dir='ltr'>institutum</span> <span class='ocrx_word' id='word_1_216' title='bbox 482 1841 563 1882; x_wconf 88' lang='lat' dir='ltr'>est,</span> <span class='ocrx_word' id='word_1_217' title='bbox 598 1842 648 1875; x_wconf 90' lang='lat' dir='ltr'>ut</span> <span class='ocrx_word' id='word_1_218' title='bbox 684 1833 805 1891; x_wconf 82' lang='lat' dir='ltr'>signa</span> <span class='ocrx_word' id='word_1_219' title='bbox 838 1833 1025 1890; x_wconf 83' lang='lat' dir='ltr'>undique</span> <span class='ocrx_word' id='word_1_220' title='bbox 1066 1834 1341 1876; x_wconf 85' lang='lat' dir='ltr'>concinerent</span> <span class='ocrx_word' id='word_1_221' title='bbox 1379 1833 1698 1891; x_wconf 86' lang='lat' dir='ltr'>clamoremque</span> 
     </span>
     <span class='ocr_line' id='line_1_28' title="bbox 195 1892 1700 1949; baseline -0.002 -12"><span class='ocrx_word' id='word_1_222' title='bbox 195 1892 392 1937; x_wconf 85' lang='lat' dir='ltr'>universi</span> <span class='ocrx_word' id='word_1_223' title='bbox 426 1892 655 1935; x_wconf 89' lang='lat' dir='ltr'>tollerent:</span> <span class='ocrx_word' id='word_1_224' title='bbox 705 1892 865 1949; x_wconf 85' lang='lat' dir='ltr'>quibus</span> <span class='ocrx_word' id='word_1_225' title='bbox 903 1893 1033 1935; x_wconf 87' lang='lat' dir='ltr'>rebus</span> <span class='ocrx_word' id='word_1_226' title='bbox 1068 1901 1112 1935; x_wconf 82' lang='lat' dir='ltr'>et</span> <span class='ocrx_word' id='word_1_227' title='bbox 1149 1893 1291 1936; x_wconf 83' lang='lat' dir='ltr'>hostes</span> <span class='ocrx_word' id='word_1_228' title='bbox 1328 1893 1483 1936; x_wconf 86' lang='lat' dir='ltr'>terreri</span> <span class='ocrx_word' id='word_1_229' title='bbox 1516 1902 1562 1936; x_wconf 85' lang='lat' dir='ltr'>et</span> <span class='ocrx_word' id='word_1_230' title='bbox 1602 1908 1700 1935; x_wconf 85' lang='lat' dir='ltr'>suos</span> 
     </span>
     <span class='ocr_line' id='line_1_29' title="bbox 197 1951 768 1996; baseline -0.007 0"><span class='ocrx_word' id='word_1_231' title='bbox 197 1952 372 1996; x_wconf 76' lang='lat' dir='ltr'>incitari</span> <span class='ocrx_word' id='word_1_232' title='bbox 394 1951 768 1995; x_wconf 79' lang='lat' dir='ltr'>existimaverunt.</span> 
     </span>
    </p>

    <p class='ocr_par' dir='ltr' id='par_1_4' title="bbox 197 2009 1699 2250">
     <span class='ocr_line' id='line_1_30' title="bbox 258 2009 1698 2070; baseline -0.001 -16"><span class='ocrx_word' id='word_1_233' title='bbox 258 2012 330 2055; x_wconf 86' lang='lat'>93.</span> <span class='ocrx_word' id='word_1_234' title='bbox 367 2011 455 2054; x_wconf 88' lang='lat' dir='ltr'>Sed</span> <span class='ocrx_word' id='word_1_235' title='bbox 476 2011 612 2054; x_wconf 86' lang='lat' dir='ltr'>nostri</span> <span class='ocrx_word' id='word_1_236' title='bbox 634 2010 807 2060; x_wconf 85' lang='lat' dir='ltr'>milites,</span> <span class='ocrx_word' id='word_1_237' title='bbox 837 2010 942 2055; x_wconf 81' lang='lat' dir='ltr'>dato</span> <span class='ocrx_word' id='word_1_238' title='bbox 964 2012 1102 2070; x_wconf 68' lang='lat' dir='ltr'>signo,</span> <span class='ocrx_word' id='word_1_239' title='bbox 1135 2027 1270 2070; x_wconf 87' lang='lat' dir='ltr'>quum</span> <span class='ocrx_word' id='word_1_240' title='bbox 1295 2010 1458 2053; x_wconf 83' lang='lat' dir='ltr'>infestis</span> <span class='ocrx_word' id='word_1_241' title='bbox 1481 2009 1580 2068; x_wconf 84' lang='lat' dir='ltr'>pilis</span> <span class='ocrx_word' id='word_1_242' title='bbox 1599 2024 1698 2068; x_wconf 89' lang='lat' dir='ltr'>pro-</span> 
     </span>
     <span class='ocr_line' id='line_1_31' title="bbox 197 2068 1699 2128; baseline -0.003 -13"><span class='ocrx_word' id='word_1_243' title='bbox 197 2071 489 2115; x_wconf 87' lang='lat' dir='ltr'>cucurrissent</span> <span class='ocrx_word' id='word_1_244' title='bbox 524 2078 658 2128; x_wconf 87' lang='lat' dir='ltr'>atque</span> <span class='ocrx_word' id='word_1_245' title='bbox 690 2068 1111 2120; x_wconf 85' lang='lat' dir='ltr'>animadvertissent,</span> <span class='ocrx_word' id='word_1_246' title='bbox 1150 2086 1235 2114; x_wconf 90' lang='lat' dir='ltr'>non</span> <span class='ocrx_word' id='word_1_247' title='bbox 1270 2069 1471 2113; x_wconf 87' lang='lat' dir='ltr'>concurri</span> <span class='ocrx_word' id='word_1_248' title='bbox 1512 2085 1538 2111; x_wconf 88' lang='lat' dir='ltr'>a</span> <span class='ocrx_word' id='word_1_249' title='bbox 1574 2068 1699 2111; x_wconf 85' lang='lat' dir='ltr'>Pom-</span> 
     </span>
     <span class='ocr_line' id='line_1_32' title="bbox 198 2128 1699 2190; baseline -0.002 -17"><span class='ocrx_word' id='word_1_250' title='bbox 198 2130 385 2190; x_wconf 82' lang='lat' dir='ltr'>peianis:</span> <span class='ocrx_word' id='word_1_251' title='bbox 436 2146 515 2172; x_wconf 89' lang='lat' dir='ltr'>usu</span> <span class='ocrx_word' id='word_1_252' title='bbox 557 2129 688 2188; x_wconf 86' lang='lat' dir='ltr'>periti</span> <span class='ocrx_word' id='word_1_253' title='bbox 731 2146 780 2171; x_wconf 82' lang='lat' dir='ltr'>ac</span> <span class='ocrx_word' id='word_1_254' title='bbox 817 2130 1116 2189; x_wconf 84' lang='lat' dir='ltr'>superioribus</span> <span class='ocrx_word' id='word_1_255' title='bbox 1156 2130 1314 2188; x_wconf 70' lang='lat' dir='ltr'>pugnis</span> <span class='ocrx_word' id='word_1_256' title='bbox 1355 2128 1582 2172; x_wconf 81' lang='lat' dir='ltr'>exercitati</span> <span class='ocrx_word' id='word_1_257' title='bbox 1622 2143 1699 2170; x_wconf 83' lang='lat' dir='ltr'>sua</span> 
     </span>
     <span class='ocr_line' id='line_1_33' title="bbox 197 2188 1695 2250; baseline -0.003 -16"><span class='ocrx_word' id='word_1_258' title='bbox 197 2197 355 2250; x_wconf 84' lang='lat' dir='ltr'>sponte</span> <span class='ocrx_word' id='word_1_259' title='bbox 376 2204 549 2232; x_wconf 86' lang='lat' dir='ltr'>cursum</span> <span class='ocrx_word' id='word_1_260' title='bbox 570 2198 872 2247; x_wconf 87' lang='lat' dir='ltr'>represserunt</span> <span class='ocrx_word' id='word_1_261' title='bbox 905 2199 950 2233; x_wconf 86' lang='lat' dir='ltr'>et</span> <span class='ocrx_word' id='word_1_262' title='bbox 982 2189 1037 2233; x_wconf 84' lang='lat' dir='ltr'>ad</span> <span class='ocrx_word' id='word_1_263' title='bbox 1062 2189 1254 2233; x_wconf 88' lang='lat' dir='ltr'>medium</span> <span class='ocrx_word' id='word_1_264' title='bbox 1277 2190 1366 2232; x_wconf 86' lang='lat' dir='ltr'>fere</span> <span class='ocrx_word' id='word_1_265' title='bbox 1381 2188 1576 2248; x_wconf 69' lang='lat' dir='ltr'>‘spatium</span> <span class='ocrx_word' id='word_1_266' title='bbox 1597 2203 1695 2230; x_wconf 91' lang='lat' dir='ltr'>con-</span> 
     </span>
    </p>
   </div>
   <div class='ocr_carea' id='block_1_3' title="bbox 249 2332 1694 2377">
    <p class='ocr_par' dir='ltr' id='par_1_5' title="bbox 249 2332 1694 2377">
     <span class='ocr_line' id='line_1_34' title="bbox 249 2332 1694 2377; baseline -0.002 -10"><span class='ocrx_word' id='word_1_267' title='bbox 249 2335 487 2377; x_wconf 70' lang='lat' dir='ltr'>manipulares</span> <span class='ocrx_word' id='word_1_268' title='bbox 503 2337 570 2365; x_wconf 76' lang='lat' dir='ltr'>mei</span> <span class='ocrx_word' id='word_1_269' title='bbox 585 2333 680 2375; x_wconf 80' lang='lat' dir='ltr'>quis.</span> <span class='ocrx_word' id='word_1_270' title='bbox 723 2333 913 2366; x_wconf 61' lang='lat' dir='ltr'>scitante·</span> <span class='ocrx_word' id='word_1_271' title='bbox 1033 2335 1127 2370; x_wconf 76' lang='lat' dir='ltr'>Qum!</span> <span class='ocrx_word' id='word_1_272' title='bbox 1158 2334 1248 2366; x_wconf 77' lang='lat' dir='ltr'>nobis</span> <span class='ocrx_word' id='word_1_273' title='bbox 1278 2334 1413 2376; x_wconf 79' lang='lat' dir='ltr'>quidem</span> <span class='ocrx_word' id='word_1_274' title='bbox 1445 2340 1515 2364; x_wconf 78' lang='lat' dir='ltr'>etc.</span> <span class='ocrx_word' id='word_1_275' title='bbox 1570 2332 1622 2364; x_wconf 78' lang='lat' dir='ltr'>Cf.</span> <span class='ocrx_word' id='word_1_276' title='bbox 1651 2333 1694 2364; x_wconf 78' lang='lat' dir='ltr'>de</span> 
     </span>
    </p>
   </div>
   <div class='ocr_carea' id='block_1_4' title="bbox 201 2378 915 2999">
    <p class='ocr_par' dir='ltr' id='par_1_6' title="bbox 201 2378 915 2999">
     <span class='ocr_line' id='line_1_35' title="bbox 204 2378 914 2420; baseline 0 -9"><span class='ocrx_word' id='word_1_277' title='bbox 204 2379 270 2412; x_wconf 82' lang='lat' dir='ltr'>liae</span> <span class='ocrx_word' id='word_1_278' title='bbox 288 2378 332 2411; x_wconf 84' lang='lat' dir='ltr'>iis</span> <span class='ocrx_word' id='word_1_279' title='bbox 351 2379 540 2420; x_wconf 73' lang='lat' dir='ltr'>praefuerat,</span> <span class='ocrx_word' id='word_1_280' title='bbox 554 2378 612 2419; x_wconf 81' lang='lat' dir='ltr'>qui</span> <span class='ocrx_word' id='word_1_281' title='bbox 627 2378 697 2418; x_wconf 82' lang='lat' dir='ltr'>jam</span> <span class='ocrx_word' id='word_1_282' title='bbox 717 2385 806 2410; x_wconf 73' lang='lat' dir='ltr'>erant</span> <span class='ocrx_word' id='word_1_283' title='bbox 821 2387 914 2411; x_wconf 74' lang='lat' dir='ltr'>vele-</span> 
     </span>
     <span class='ocr_line' id='line_1_36' title="bbox 203 2421 912 2464; baseline -0.003 -7"><span class='ocrx_word' id='word_1_284' title='bbox 203 2424 289 2458; x_wconf 83' lang='lat' dir='ltr'>rani.</span> <span class='ocrx_word' id='word_1_285' title='bbox 335 2424 437 2455; x_wconf 86' lang='lat' dir='ltr'>Conf.</span> <span class='ocrx_word' id='word_1_286' title='bbox 457 2422 551 2464; x_wconf 85' lang='lat' dir='ltr'>Lips.</span> <span class='ocrx_word' id='word_1_287' title='bbox 569 2423 611 2453; x_wconf 84' lang='lat' dir='ltr'>de</span> <span class='ocrx_word' id='word_1_288' title='bbox 628 2421 697 2453; x_wconf 85' lang='lat' dir='ltr'>mil.</span> <span class='ocrx_word' id='word_1_289' title='bbox 719 2423 818 2453; x_wconf 83' lang='lat' dir='ltr'>Rom.</span> <span class='ocrx_word' id='word_1_290' title='bbox 839 2425 867 2457; x_wconf 87' lang='lat' dir='ltr'>l.</span> <span class='ocrx_word' id='word_1_291' title='bbox 882 2427 912 2455; x_wconf 78' lang='lat'>8.</span> 
     </span>
     <span class='ocr_line' id='line_1_37' title="bbox 252 2466 911 2511; baseline -0.002 -11"><span class='ocrx_word' id='word_1_292' title='bbox 252 2470 401 2511; x_wconf 79' lang='lat' dir='ltr'>Operam</span> <span class='ocrx_word' id='word_1_293' title='bbox 415 2469 503 2499; x_wconf 72' lang='lat' dir='ltr'>dale.</span> <span class='ocrx_word' id='word_1_294' title='bbox 551 2466 659 2498; x_wconf 78' lang='lat' dir='ltr'>Benll.</span> <span class='ocrx_word' id='word_1_295' title='bbox 676 2466 757 2497; x_wconf 77' lang='lat' dir='ltr'>velit</span> <span class='ocrx_word' id='word_1_296' title='bbox 779 2474 911 2499; x_wconf 66' lang='grc' dir='ltr'>πανηίν.</span> 
     </span>
     <span class='ocr_line' id='line_1_38' title="bbox 203 2510 913 2557; baseline -0.003 -12"><span class='ocrx_word' id='word_1_297' title='bbox 203 2512 302 2557; x_wconf 81' lang='lat' dir='ltr'>quasi</span> <span class='ocrx_word' id='word_1_298' title='bbox 313 2513 389 2545; x_wconf 79' lang='lat' dir='ltr'>date</span> <span class='ocrx_word' id='word_1_299' title='bbox 399 2511 455 2543; x_wconf 83' lang='lat' dir='ltr'>hic</span> <span class='ocrx_word' id='word_1_300' title='bbox 466 2510 564 2542; x_wconf 87' lang='lat' dir='ltr'>dubii</span> <span class='ocrx_word' id='word_1_301' title='bbox 578 2521 694 2542; x_wconf 83' lang='lat' dir='ltr'>sensus</span> <span class='ocrx_word' id='word_1_302' title='bbox 703 2521 775 2541; x_wconf 79' lang='lat' dir='ltr'>esse.</span> <span class='ocrx_word' id='word_1_303' title='bbox 788 2518 913 2552; x_wconf 70' lang='lat' dir='ltr'>posset.</span> 
     </span>
     <span class='ocr_line' id='line_1_39' title="bbox 258 2553 913 2598; baseline -0.003 -9"><span class='ocrx_word' id='word_1_304' title='bbox 258 2559 298 2589; x_wconf 70' lang='lat' dir='ltr'>Ut</span> <span class='ocrx_word' id='word_1_305' title='bbox 315 2558 478 2598; x_wconf 55' lang='lat' dir='ltr'>Gemens).</span> <span class='ocrx_word' id='word_1_306' title='bbox 491 2558 599 2597; x_wconf 60' lang='lat' dir='ltr'>excip.</span> <span class='ocrx_word' id='word_1_307' title='bbox 640 2553 708 2586; x_wconf 82' lang='lat' dir='ltr'>Alii</span> <span class='ocrx_word' id='word_1_308' title='bbox 724 2565 802 2589; x_wconf 76' lang='lat' dir='ltr'>neu,</span> <span class='ocrx_word' id='word_1_309' title='bbox 813 2557 913 2589; x_wconf 70' lang='lat' dir='ltr'>malo.</span> 
     </span>
     <span class='ocr_line' id='line_1_40' title="bbox 254 2598 913 2640; baseline -0.005 -6"><span class='ocrx_word' id='word_1_310' title='bbox 254 2604 293 2634; x_wconf 83' lang='lat' dir='ltr'>C.</span> <span class='ocrx_word' id='word_1_311' title='bbox 306 2603 444 2633; x_wconf 80' lang='lat' dir='ltr'>Triarii.</span> <span class='ocrx_word' id='word_1_312' title='bbox 457 2601 485 2632; x_wconf 84' lang='lat' dir='ltr'>ls</span> <span class='ocrx_word' id='word_1_313' title='bbox 493 2600 636 2637; x_wconf 80' lang='lat' dir='ltr'>videtur,</span> <span class='ocrx_word' id='word_1_314' title='bbox 644 2598 702 2640; x_wconf 90' lang='lat' dir='ltr'>qui</span> <span class='ocrx_word' id='word_1_315' title='bbox 711 2598 802 2630; x_wconf 78' lang='lat' dir='ltr'>bono</span> <span class='ocrx_word' id='word_1_316' title='bbox 811 2599 913 2631; x_wconf 71' lang='lat' dir='ltr'>Mith-</span> 
     </span>
     <span class='ocr_line' id='line_1_41' title="bbox 201 2643 914 2684; baseline -0.004 -6"><span class='ocrx_word' id='word_1_317' title='bbox 201 2645 349 2680; x_wconf 84' lang='lat' dir='ltr'>ridatico</span> <span class='ocrx_word' id='word_1_318' title='bbox 363 2644 481 2676; x_wconf 75' lang='lat' dir='ltr'>infelix</span> <span class='ocrx_word' id='word_1_319' title='bbox 493 2643 785 2684; x_wconf 65' lang='lat' dir='ltr'>Lucullilaegatus</span> <span class='ocrx_word' id='word_1_320' title='bbox 795 2644 914 2678; x_wconf 76' lang='lat' dir='ltr'>suerat.</span> 
     </span>
     <span class='ocr_line' id='line_1_42' title="bbox 203 2687 912 2733; baseline -0.004 -11"><span class='ocrx_word' id='word_1_321' title='bbox 203 2691 303 2733; x_wconf 87' lang='lat' dir='ltr'>cujus</span> <span class='ocrx_word' id='word_1_322' title='bbox 321 2689 420 2731; x_wconf 78' lang='lat' dir='ltr'>plena</span> <span class='ocrx_word' id='word_1_323' title='bbox 435 2688 591 2720; x_wconf 74' lang='lat' dir='ltr'>litterata·</span> <span class='ocrx_word' id='word_1_324' title='bbox 607 2687 790 2719; x_wconf 75' lang='lat' dir='ltr'>senectutis</span> <span class='ocrx_word' id='word_1_325' title='bbox 805 2689 912 2719; x_wconf 65' lang='lat' dir='ltr'>omnio</span> 
     </span>
     <span class='ocr_line' id='line_1_43' title="bbox 203 2733 913 2768; baseline -0.006 -1"><span class='ocrx_word' id='word_1_326' title='bbox 203 2735 362 2768; x_wconf 76' lang='lat' dir='ltr'>laudatur</span> <span class='ocrx_word' id='word_1_327' title='bbox 376 2744 396 2765; x_wconf 85' lang='lat' dir='ltr'>a</span> <span class='ocrx_word' id='word_1_328' title='bbox 410 2733 485 2764; x_wconf 91' lang='lat' dir='ltr'>Cic.</span> <span class='ocrx_word' id='word_1_329' title='bbox 499 2733 533 2764; x_wconf 89' lang='lat' dir='ltr'>in</span> <span class='ocrx_word' id='word_1_330' title='bbox 551 2733 654 2764; x_wconf 84' lang='lat' dir='ltr'>Bruto</span> <span class='ocrx_word' id='word_1_331' title='bbox 669 2742 699 2763; x_wconf 90' lang='lat' dir='ltr'>c.</span> <span class='ocrx_word' id='word_1_332' title='bbox 715 2733 768 2762; x_wconf 69' lang='lat'>76.</span> <span class='ocrx_word' id='word_1_333' title='bbox 789 2733 913 2764; x_wconf 75' lang='lat' dir='ltr'>Cellar.</span> 
     </span>
     <span class='ocr_line' id='line_1_44' title="bbox 254 2776 912 2811; baseline -0.005 -1"><span class='ocrx_word' id='word_1_334' title='bbox 254 2780 562 2811; x_wconf 58' lang='lat' dir='ltr'>Bromium-muniz</span> <span class='ocrx_word' id='word_1_335' title='bbox 599 2776 653 2808; x_wconf 87' lang='lat' dir='ltr'>Sic</span> <span class='ocrx_word' id='word_1_336' title='bbox 671 2776 724 2807; x_wconf 80' lang='lat' dir='ltr'>ed.</span> <span class='ocrx_word' id='word_1_337' title='bbox 740 2776 815 2806; x_wconf 75' lang='grc' dir='ltr'>ΑΜ.</span> <span class='ocrx_word' id='word_1_338' title='bbox 849 2777 912 2807; x_wconf 64' lang='lat' dir='ltr'>Sed</span> 
     </span>
     <span class='ocr_line' id='line_1_45' title="bbox 205 2821 912 2854; baseline -0.003 0"><span class='ocrx_word' id='word_1_339' title='bbox 205 2821 240 2854; x_wconf 82' lang='lat' dir='ltr'>in</span> <span class='ocrx_word' id='word_1_340' title='bbox 268 2823 370 2854; x_wconf 91' lang='lat' dir='ltr'>codd.</span> <span class='ocrx_word' id='word_1_341' title='bbox 395 2827 445 2853; x_wconf 81' lang='lat' dir='ltr'>est</span> <span class='ocrx_word' id='word_1_342' title='bbox 475 2821 530 2853; x_wconf 87' lang='lat' dir='ltr'>vel</span> <span class='ocrx_word' id='word_1_343' title='bbox 561 2822 828 2854; x_wconf 45' lang='lat' dir='ltr'>exinanirentur.</span> <span class='ocrx_word' id='word_1_344' title='bbox 858 2821 912 2852; x_wconf 63' lang='lat' dir='ltr'>vel</span> 
     </span>
     <span class='ocr_line' id='line_1_46' title="bbox 203 2864 914 2900; baseline -0.004 -2"><span class='ocrx_word' id='word_1_345' title='bbox 203 2869 495 2900; x_wconf 41' lang='lat' dir='ltr'>eaffistimarenmr.</span> <span class='ocrx_word' id='word_1_346' title='bbox 533 2865 592 2896; x_wconf 74' lang='lat' dir='ltr'>vel</span> <span class='ocrx_word' id='word_1_347' title='bbox 640 2865 673 2897; x_wconf 89' lang='lat' dir='ltr'>in</span> <span class='ocrx_word' id='word_1_348' title='bbox 715 2864 914 2898; x_wconf 79' lang='lat' dir='ltr'>l’etaviano.</span> 
     </span>
     <span class='ocr_line' id='line_1_47' title="bbox 203 2908 915 2952; baseline 0 -10"><span class='ocrx_word' id='word_1_349' title='bbox 203 2920 309 2952; x_wconf 88' lang='lat' dir='ltr'>quem</span> <span class='ocrx_word' id='word_1_350' title='bbox 323 2909 414 2941; x_wconf 88' lang='lat' dir='ltr'>Oud.</span> <span class='ocrx_word' id='word_1_351' title='bbox 428 2909 598 2951; x_wconf 82' lang='lat' dir='ltr'>optimum</span> <span class='ocrx_word' id='word_1_352' title='bbox 611 2908 707 2946; x_wconf 77' lang='lat' dir='ltr'>dicit,</span> <span class='ocrx_word' id='word_1_353' title='bbox 720 2914 915 2949; x_wconf 63' lang='lat' dir='ltr'>metum-em,</span> 
     </span>
     <span class='ocr_line' id='line_1_48' title="bbox 203 2953 846 2999; baseline -0.006 -10"><span class='ocrx_word' id='word_1_354' title='bbox 203 2955 297 2999; x_wconf 86' lang='lat' dir='ltr'>quod</span> <span class='ocrx_word' id='word_1_355' title='bbox 311 2953 424 2989; x_wconf 83' lang='lat' dir='ltr'>eidem</span> <span class='ocrx_word' id='word_1_356' title='bbox 440 2954 516 2992; x_wconf 78' lang='lat' dir='ltr'>viro</span> <span class='ocrx_word' id='word_1_357' title='bbox 532 2954 634 2988; x_wconf 78' lang='lat' dir='ltr'>docto</span> <span class='ocrx_word' id='word_1_358' title='bbox 650 2953 772 2996; x_wconf 83' lang='lat' dir='ltr'>placet.</span> <span class='ocrx_word' id='word_1_359' title='bbox 795 2953 846 2986; x_wconf 85' lang='lat' dir='ltr'>M.</span> 
     </span>
    </p>
   </div>
   <div class='ocr_carea' id='block_1_5' title="bbox 981 2377 1694 2941">
    <p class='ocr_par' dir='ltr' id='par_1_7' title="bbox 983 2377 1694 2465">
     <span class='ocr_line' id='line_1_49' title="bbox 985 2377 1694 2420; baseline -0.003 -10"><span class='ocrx_word' id='word_1_360' title='bbox 985 2379 1018 2410; x_wconf 80' lang='lat' dir='ltr'>li.</span> <span class='ocrx_word' id='word_1_361' title='bbox 1034 2380 1056 2410; x_wconf 91' lang='grc'>1.</span> <span class='ocrx_word' id='word_1_362' title='bbox 1077 2378 1237 2410; x_wconf 69' lang='lat' dir='ltr'>Palnwrii</span> <span class='ocrx_word' id='word_1_363' title='bbox 1254 2379 1408 2420; x_wconf 65' lang='lat' dir='ltr'>spicileg.</span> <span class='ocrx_word' id='word_1_364' title='bbox 1429 2377 1460 2409; x_wconf 90' lang='lat' dir='ltr'>in</span> <span class='ocrx_word' id='word_1_365' title='bbox 1477 2379 1571 2410; x_wconf 81' lang='lat' dir='ltr'>Grut.</span> <span class='ocrx_word' id='word_1_366' title='bbox 1586 2378 1694 2419; x_wconf 77' lang='lat' dir='ltr'>lamp.</span> 
     </span>
     <span class='ocr_line' id='line_1_50' title="bbox 983 2425 1206 2465; baseline -0.009 -10"><span class='ocrx_word' id='word_1_367' title='bbox 983 2430 1006 2455; x_wconf 81' lang='lat' dir='ltr'>t.</span> <span class='ocrx_word' id='word_1_368' title='bbox 1027 2427 1056 2455; x_wconf 66' lang='lat' dir='ltr'>l.</span> <span class='ocrx_word' id='word_1_369' title='bbox 1080 2435 1113 2465; x_wconf 74' lang='lat' dir='ltr'>p.</span> <span class='ocrx_word' id='word_1_370' title='bbox 1132 2425 1206 2453; x_wconf 68' lang='lat'>(3:37.</span> 
     </span>
    </p>

    <p class='ocr_par' dir='ltr' id='par_1_8' title="bbox 981 2465 1693 2906">
     <span class='ocr_line' id='line_1_51' title="bbox 1031 2465 1692 2506; baseline -0.003 -7"><span class='ocrx_word' id='word_1_371' title='bbox 1031 2469 1170 2499; x_wconf 68' lang='lat' dir='ltr'>limata.</span> <span class='ocrx_word' id='word_1_372' title='bbox 1187 2466 1253 2497; x_wconf 78' lang='lat' dir='ltr'>vid.</span> <span class='ocrx_word' id='word_1_373' title='bbox 1272 2466 1411 2498; x_wconf 83' lang='lat' dir='ltr'>omnino</span> <span class='ocrx_word' id='word_1_374' title='bbox 1428 2467 1499 2499; x_wconf 79' lang='grc' dir='ltr'>1ηά.</span> <span class='ocrx_word' id='word_1_375' title='bbox 1516 2467 1566 2498; x_wconf 81' lang='grc' dir='ltr'>Μ.</span> <span class='ocrx_word' id='word_1_376' title='bbox 1593 2465 1692 2506; x_wconf 82' lang='lat' dir='ltr'>Mag·</span> 
     </span>
     <span class='ocr_line' id='line_1_52' title="bbox 983 2510 1693 2552; baseline 0 -9"><span class='ocrx_word' id='word_1_377' title='bbox 983 2522 1042 2543; x_wconf 78' lang='lat' dir='ltr'>nas</span> <span class='ocrx_word' id='word_1_378' title='bbox 1073 2511 1127 2543; x_wconf 82' lang='lat' dir='ltr'>hic</span> <span class='ocrx_word' id='word_1_379' title='bbox 1155 2511 1329 2543; x_wconf 81' lang='lat' dir='ltr'>Bentleius</span> <span class='ocrx_word' id='word_1_380' title='bbox 1353 2511 1533 2552; x_wconf 70' lang='lat' dir='ltr'>tragwdins</span> <span class='ocrx_word' id='word_1_381' title='bbox 1554 2510 1693 2543; x_wconf 72' lang='lat' dir='ltr'>excitat.</span> 
     </span>
     <span class='ocr_line' id='line_1_53' title="bbox 983 2553 1692 2587; baseline -0.001 -1"><span class='ocrx_word' id='word_1_382' title='bbox 983 2562 1072 2587; x_wconf 63' lang='lat' dir='ltr'>intus</span> <span class='ocrx_word' id='word_1_383' title='bbox 1097 2555 1239 2587; x_wconf 74' lang='lat' dir='ltr'>adverb.</span> <span class='ocrx_word' id='word_1_384' title='bbox 1269 2558 1471 2587; x_wconf 70' lang='lat' dir='ltr'>›namraliter</span> <span class='ocrx_word' id='word_1_385' title='bbox 1500 2554 1602 2587; x_wconf 79' lang='lat' dir='ltr'>castis</span> <span class='ocrx_word' id='word_1_386' title='bbox 1627 2553 1692 2585; x_wconf 77' lang='lat' dir='ltr'>La·</span> 
     </span>
     <span class='ocr_line' id='line_1_54' title="bbox 983 2599 1688 2631; baseline -0.004 0"><span class='ocrx_word' id='word_1_387' title='bbox 983 2600 1065 2631; x_wconf 81' lang='lat' dir='ltr'>tinis</span> <span class='ocrx_word' id='word_1_388' title='bbox 1089 2600 1229 2631; x_wconf 80' lang='lat' dir='ltr'>auribus</span> <span class='ocrx_word' id='word_1_389' title='bbox 1255 2599 1455 2631; x_wconf 73' lang='lat' dir='ltr'>inauditum.</span> <span class='ocrx_word' id='word_1_390' title='bbox 1503 2599 1554 2630; x_wconf 83' lang='lat' dir='ltr'>Eo</span> <span class='ocrx_word' id='word_1_391' title='bbox 1579 2605 1688 2630; x_wconf 74' lang='lat' dir='ltr'>tamen</span> 
     </span>
     <span class='ocr_line' id='line_1_55' title="bbox 984 2642 1688 2679; baseline -0.004 -4"><span class='ocrx_word' id='word_1_392' title='bbox 984 2644 1034 2675; x_wconf 81' lang='lat' dir='ltr'>usi</span> <span class='ocrx_word' id='word_1_393' title='bbox 1051 2644 1182 2675; x_wconf 72' lang='lat' dir='ltr'>Hirtius</span> <span class='ocrx_word' id='word_1_394' title='bbox 1200 2644 1253 2675; x_wconf 76' lang='lat' dir='ltr'>Al.</span> <span class='ocrx_word' id='word_1_395' title='bbox 1269 2647 1301 2675; x_wconf 84' lang='lat'>8.</span> <span class='ocrx_word' id='word_1_396' title='bbox 1324 2644 1448 2675; x_wconf 81' lang='lat' dir='ltr'>Cicero</span> <span class='ocrx_word' id='word_1_397' title='bbox 1466 2644 1506 2675; x_wconf 89' lang='lat' dir='ltr'>de</span> <span class='ocrx_word' id='word_1_398' title='bbox 1523 2642 1639 2675; x_wconf 80' lang='lat' dir='ltr'>Divin.</span> <span class='ocrx_word' id='word_1_399' title='bbox 1660 2643 1688 2679; x_wconf 86' lang='grc'>1,</span> 
     </span>
     <span class='ocr_line' id='line_1_56' title="bbox 984 2687 1691 2727; baseline -0.001 -8"><span class='ocrx_word' id='word_1_400' title='bbox 984 2691 1038 2720; x_wconf 89' lang='grc'>50.</span> <span class='ocrx_word' id='word_1_401' title='bbox 1078 2689 1166 2720; x_wconf 68' lang='lat' dir='ltr'>vell.</span> <span class='ocrx_word' id='word_1_402' title='bbox 1183 2692 1215 2726; x_wconf 71' lang='lat'>2,</span> <span class='ocrx_word' id='word_1_403' title='bbox 1234 2689 1287 2719; x_wconf 77' lang='lat'>60.</span> <span class='ocrx_word' id='word_1_404' title='bbox 1328 2688 1417 2720; x_wconf 79' lang='lat' dir='ltr'>Plin.</span> <span class='ocrx_word' id='word_1_405' title='bbox 1438 2690 1488 2727; x_wconf 76' lang='grc'>11,</span> <span class='ocrx_word' id='word_1_406' title='bbox 1512 2690 1553 2718; x_wconf 79' lang='grc'>47</span> <span class='ocrx_word' id='word_1_407' title='bbox 1577 2693 1608 2718; x_wconf 83' lang='lat' dir='ltr'>et</span> <span class='ocrx_word' id='word_1_408' title='bbox 1636 2687 1691 2722; x_wconf 75' lang='grc'>24,</span> 
     </span>
     <span class='ocr_line' id='line_1_57' title="bbox 982 2730 1691 2764; baseline -0.004 -1"><span class='ocrx_word' id='word_1_409' title='bbox 982 2736 1036 2763; x_wconf 73' lang='lat'>95.</span> <span class='ocrx_word' id='word_1_410' title='bbox 1084 2734 1326 2764; x_wconf 78' lang='lat' dir='ltr'>Pleonasmum</span> <span class='ocrx_word' id='word_1_411' title='bbox 1341 2740 1456 2763; x_wconf 78' lang='lat' dir='ltr'>autem</span> <span class='ocrx_word' id='word_1_412' title='bbox 1476 2731 1510 2764; x_wconf 91' lang='lat' dir='ltr'>in</span> <span class='ocrx_word' id='word_1_413' title='bbox 1524 2730 1691 2763; x_wconf 67' lang='lat' dir='ltr'>naturali·</span> 
     </span>
     <span class='ocr_line' id='line_1_58' title="bbox 981 2773 1689 2817; baseline -0.008 -8"><span class='ocrx_word' id='word_1_414' title='bbox 981 2783 1031 2809; x_wconf 79' lang='lat' dir='ltr'>ter</span> <span class='ocrx_word' id='word_1_415' title='bbox 1048 2780 1167 2808; x_wconf 73' lang='lat' dir='ltr'>innata</span> <span class='ocrx_word' id='word_1_416' title='bbox 1191 2777 1268 2817; x_wconf 80' lang='lat' dir='ltr'>jure</span> <span class='ocrx_word' id='word_1_417' title='bbox 1285 2776 1509 2817; x_wconf 81' lang='lat' dir='ltr'>reprehendit.</span> <span class='ocrx_word' id='word_1_418' title='bbox 1555 2773 1689 2804; x_wconf 76' lang='lat' dir='ltr'>Frustra</span> 
     </span>
     <span class='ocr_line' id='line_1_59' title="bbox 983 2817 1687 2859; baseline -0.004 -9"><span class='ocrx_word' id='word_1_419' title='bbox 983 2820 1104 2852; x_wconf 73' lang='lat' dir='ltr'>Wasse</span> <span class='ocrx_word' id='word_1_420' title='bbox 1119 2822 1160 2852; x_wconf 80' lang='lat' dir='ltr'>ad</span> <span class='ocrx_word' id='word_1_421' title='bbox 1178 2820 1259 2852; x_wconf 79' lang='lat' dir='ltr'>Sall.</span> <span class='ocrx_word' id='word_1_422' title='bbox 1277 2820 1311 2851; x_wconf 89' lang='lat' dir='ltr'>iu</span> <span class='ocrx_word' id='word_1_423' title='bbox 1325 2819 1490 2852; x_wconf 79' lang='lat' dir='ltr'>addendis</span> <span class='ocrx_word' id='word_1_424' title='bbox 1504 2818 1548 2849; x_wconf 79' lang='lat' dir='ltr'>ad</span> <span class='ocrx_word' id='word_1_425' title='bbox 1564 2817 1687 2859; x_wconf 77' lang='lat' dir='ltr'>fragm.</span> 
     </span>
     <span class='ocr_line' id='line_1_60' title="bbox 984 2861 1687 2906; baseline -0.006 -10"><span class='ocrx_word' id='word_1_426' title='bbox 984 2865 1043 2898; x_wconf 91' lang='lat' dir='ltr'>Vl.</span> <span class='ocrx_word' id='word_1_427' title='bbox 1063 2867 1112 2895; x_wconf 84' lang='lat' dir='ltr'>lG.</span> <span class='ocrx_word' id='word_1_428' title='bbox 1130 2864 1262 2906; x_wconf 81' lang='lat' dir='ltr'>obponi</span> <span class='ocrx_word' id='word_1_429' title='bbox 1281 2865 1396 2896; x_wconf 77' lang='lat' dir='ltr'>statuit</span> <span class='ocrx_word' id='word_1_430' title='bbox 1410 2863 1548 2895; x_wconf 79' lang='lat' dir='ltr'>aliunde</span> <span class='ocrx_word' id='word_1_431' title='bbox 1563 2861 1687 2894; x_wconf 75' lang='lat' dir='ltr'>inlatis.</span> 
     </span>
    </p>

    <p class='ocr_par' dir='ltr' id='par_1_9' title="bbox 1029 2907 1451 2941">
     <span class='ocr_line' id='line_1_61' title="bbox 1029 2907 1451 2941; baseline -0.007 -1"><span class='ocrx_word' id='word_1_432' title='bbox 1029 2912 1206 2940; x_wconf 60' lang='lat' dir='ltr'>eonem-ri.</span> <span class='ocrx_word' id='word_1_433' title='bbox 1229 2907 1290 2940; x_wconf 76' lang='lat' dir='ltr'>alii</span> <span class='ocrx_word' id='word_1_434' title='bbox 1308 2910 1451 2941; x_wconf 71' lang='lat' dir='ltr'>occurri.</span> 
     </span>
    </p>
   </div>
   <div class='ocr_carea' id='block_1_6' title="bbox 1033 2951 1648 2996">
    <p class='ocr_par' dir='ltr' id='par_1_10' title="bbox 1033 2951 1648 2996">
     <span class='ocr_line' id='line_1_62' title="bbox 1033 2951 1648 2996; baseline -0.008 -9"><span class='ocrx_word' id='word_1_435' title='bbox 1033 2955 1099 2987; x_wconf 70' lang='lat' dir='ltr'>ssu·</span> <span class='ocrx_word' id='word_1_436' title='bbox 1110 2956 1224 2996; x_wconf 71' lang='lat' dir='ltr'>periti.</span> <span class='ocrx_word' id='word_1_437' title='bbox 1271 2951 1325 2987; x_wconf 86' lang='lat' dir='ltr'>Sic</span> <span class='ocrx_word' id='word_1_438' title='bbox 1341 2958 1374 2986; x_wconf 86' lang='lat' dir='ltr'>et</span> <span class='ocrx_word' id='word_1_439' title='bbox 1391 2951 1551 2984; x_wconf 69' lang='lat' dir='ltr'>Phaedrus</span> <span class='ocrx_word' id='word_1_440' title='bbox 1569 2953 1601 2988; x_wconf 81' lang='lat'>3,</span> <span class='ocrx_word' id='word_1_441' title='bbox 1618 2953 1648 2983; x_wconf 88' lang='grc'>3.</span> 
     </span>
    </p>
   </div>
  </div>
 </body>
</html>
