1946 3261
220 797 450 841 AUCTORE
477 798 688 843 Suetonio
710 799 757 856 (J
762 799 823 843 ul.
845 799 922 858 56)
949 807 1134 852 constat,
1163 799 1277 844 hunc
1311 799 1475 844 librum
1502 814 1586 844 non
1615 816 1705 844 esse

217 890 245 917 a
262 874 429 918 Caesare
446 875 682 934 scriptum;
725 875 798 918 sed
821 875 970 919 Hirtio
990 876 1159 919 auctori
1182 877 1418 926 tributum,
1440 890 1704 934 quamquam

216 967 315 995 cum
335 952 483 1011 aliqua
501 952 789 996 dubitatione.
852 953 913 996 Et
944 961 1008 996 est
1037 953 1175 996 Hirtii
1205 969 1360 996 nomen
1382 952 1424 995 in
1447 952 1706 1010 quibusdam

217 1028 442 1074 codicibus
483 1031 804 1089 praescriptum.
889 1029 976 1073 Sed
1020 1030 1096 1089 qui
1140 1030 1309 1073 librarii
1351 1030 1706 1090 praescripserunt

211 1121 367 1149 nomen
401 1106 506 1149 Auli
541 1107 677 1150 Hirtii
711 1107 871 1158 Pansae,
907 1109 1286 1167 (praescripserunt
1315 1117 1462 1151 autem
1485 1107 1703 1167 plerique,

213 1188 324 1223 teste
358 1181 690 1241 Oudendorpio)
722 1182 765 1226 hi
793 1183 1015 1226 manifeste
1033 1193 1254 1234 errarunt,
1289 1185 1496 1242 quoniam
1530 1183 1703 1226 Hirtius

211 1267 257 1300 et
282 1257 419 1302 Pansa
439 1258 529 1302 duo
559 1259 719 1304 diversi
747 1261 830 1304 viri
859 1261 1056 1312 fuerunt,
1085 1262 1162 1319 qui
1186 1263 1242 1304 A.
1268 1262 1329 1304 U.
1360 1262 1441 1303 711
1477 1260 1704 1303 consulatu

212 1331 353 1375 functi
372 1341 487 1375 sunt.
524 1334 595 1375 Cf.
621 1334 802 1377 Sueton.
829 1334 945 1393 Aug.
976 1336 1039 1377 10.
1106 1335 1321 1378 Nonnulli
1352 1335 1550 1394 Oppium
1572 1335 1706 1377 nomi-

213 1414 388 1449 narunt.
453 1407 598 1466 Igitur
634 1425 733 1451 cum
765 1409 874 1451 alius
906 1410 1040 1452 alium
1071 1419 1294 1453 auctorem
1325 1410 1525 1460 ediderit,
1554 1419 1618 1453 est
1640 1427 1705 1453 res

212 1481 377 1524 ineerta
408 1482 602 1540 quidem,
631 1484 939 1528 verisimillima
968 1495 1109 1529 tamen
1139 1487 1192 1529 de
1226 1486 1376 1529 Hirtio
1405 1496 1584 1529 auctore
1611 1501 1703 1528 sen-

216 1557 362 1601 tentia.
427 1558 661 1602 Suetonius
683 1559 858 1618 quidem
880 1561 1050 1620 aliquot
1073 1563 1207 1605 verba
1228 1562 1437 1622 epistolae,
1467 1561 1566 1604 huic
1589 1561 1703 1604 libro

214 1635 454 1692 praemissae,
477 1635 641 1694 repetit
659 1645 704 1679 et
725 1636 860 1679 Hirtii
883 1639 1017 1681 verba
1034 1655 1121 1682 esse
1143 1639 1396 1698 simpliciter
1413 1638 1533 1680 dicit.
1599 1637 1704 1680 Haec

212 1720 277 1754 est
310 1728 476 1755 summa
508 1728 674 1763 eorum,
704 1731 801 1771 quae
834 1716 1093 1775 interpretes
1128 1717 1182 1760 de
1215 1717 1294 1759 hac
1329 1734 1374 1760 re
1407 1716 1703 1775 disputarunt.

215 1787 436 1831 Dodwelli
460 1788 702 1833 dissertatio
722 1790 775 1833 de
798 1801 977 1834 auctore
1000 1792 1126 1851 hujus
1147 1793 1265 1843 libri,
1296 1808 1426 1850 quem
1453 1792 1602 1834 Hirtio
1625 1808 1701 1850 po-

212 1863 299 1905 tius
320 1879 450 1920 quam
475 1863 625 1923 Oppio
645 1865 878 1916 adtribuit,
909 1877 1048 1911 exstat
1076 1869 1202 1911 etiam
1240 1869 1281 1911 in
1303 1868 1494 1911 editione
1519 1868 1701 1910 Caesaris

217 1940 586 1998 Oudendorpiana
607 1941 659 1984 T.
683 1942 724 1983 32.
759 1960 801 2002 p.
828 1944 954 1987 1007.
1019 1945 1303 1989 Plutarchum
1334 1945 1374 1987 in
1398 1945 1489 1987 vita
1524 1944 1704 1986 Caesaris

215 2030 281 2056 res
309 2014 410 2057 libri
439 2014 566 2073 hujus
596 2017 740 2059 octavi
772 2018 901 2076 plane
936 2019 1206 2078 praeteriisse,
1232 2020 1379 2062 miror.
1448 2019 1542 2062 Nec
1570 2027 1702 2060 meta-

216 2088 413 2147 phrastes
435 2090 613 2134 Graecus
634 2107 733 2135 eum
756 2093 902 2135 vertit.

263 2227 701 2270 Servatus1,upus,}‹'errar.
720 2229 923 2264 Al)bas.ubi
993 2232 1086 2269 savit,
1112 2231 1212 2274 liujus
1245 2234 1343 2265 istum
1378 2240 1501 2264 temere
1532 2229 1699 2262 notarium

219 2271 319 2313 epist.
345 2274 398 2303 37.
424 2272 539 2309 ninii,
579 2273 720 2305 (ta-saris
750 2285 924 2307 commen·
994 2276 1091 2307 dicit.

219 2321 379 2348 tariorum
417 2317 675 2356 continuatoris,
716 2319 923 2353 mentionem
