1946 3261
693 197 1113 254 LATINITATIS.
1561 214 1646 256 663

211 333 358 366 amicitia
378 336 535 377 praesidio
551 336 636 367 mihi
655 342 712 374 est,
734 335 825 368 bona
841 342 875 368 et

208 377 285 418 jura
322 389 397 410 mea
434 379 520 410 mihi
557 385 735 411 conservat
772 386 873 422 atque

210 427 322 461 auget,
348 427 375 461 1,
400 426 454 454 44.
474 424 670 464 praesidium
690 424 869 463 (succurS.)

211 466 350 504 mittere,
375 467 417 497 H.
433 469 453 498 4

169 508 409 548 Prae-staturus,
432 510 475 541 H.
497 512 532 540 19

170 551 376 590 Proeseolamg
397 557 604 594 exspectare,
625 552 664 584 C.
683 556 714 591 2,
728 554 770 583 23

166 594 378 634 Proeteaetati,
391 596 500 637 pueri,
508 595 566 637 qui
579 597 729 628 nondum
737 595 872 628 virilem

208 642 326 679 tog-am
341 645 540 678 sumserunt,
561 640 600 671 A.
619 643 660 671 58

166 681 300 713 Praetor
320 683 510 721 Thessaliae,
532 681 572 713 C.
591 686 621 722 3,
636 685 676 713 80

166 725 381 763 Praetorium,
404 735 481 766 pars
493 731 687 765 castrorum,
698 726 759 758 ubi
775 727 872 759 ducis

207 767 332 798 summi
348 769 529 800 tentorium
545 775 607 808 est,
629 769 670 801 C.
690 772 720 809 1,
743 772 795 801 76.
822 772 875 812 ip-

208 820 283 841 sum
298 812 480 843 tentorium
504 813 626 845 summi
643 813 761 854 Ducis,
783 814 822 846 C.
841 816 872 854 3,

208 856 262 892 82,
278 857 333 886 94.
357 856 402 887 cf.
418 858 533 888 cohors

163 897 511 939 Praevallarelocum,
524 901 565 932 A.
581 902 630 932 19.
646 902 775 932 vallum
787 912 871 943 prae-

206 942 342 981 ducere,
368 943 565 984 oppositum
591 943 644 975 illi
674 945 765 984 loco,
793 950 870 977 ante

204 985 321 1017 locum
336 986 431 1018 illum
448 987 571 1018 ducere

163 1029 367 1062 Proez-ertere
394 1031 496 1062 alicui
517 1034 577 1070 rei,
604 1041 789 1070 occurrere,
813 1043 869 1064 ca-

205 1083 296 1109 vere,
306 1083 348 1104 ne
365 1073 432 1110 fiat,
448 1076 479 1113 7,
497 1077 538 1106 33

113 1115 117 1118 ’
161 1116 527 1156 Pravumjumentum,
540 1117 619 1156 vile,
634 1117 769 1157 inutile,
785 1121 817 1160 4,
826 1123 845 1151 2

160 1159 418 1200 Preces‚dirae,
410 1161 687 1201 imprecationes,
712 1164 742 1201 6,
760 1164 800 1194 30

160 1205 356 1242 Prehensio,
377 1215 484 1246 genus
498 1205 676 1244 machinae,
697 1205 736 1237 C.
754 1209 786 1245 2,
802 1208 821 1237 9

160 1248 332 1286 Premere,
362 1258 496 1286 vexare,
526 1248 559 1280 iu
583 1249 756 1290 angustias
778 1249 868 1282 redi-

201 1301 293 1334 gere,
315 1291 447 1333 magnis
466 1291 633 1323 molestiis
654 1292 811 1332 adficere,
834 1299 869 1325 ut

202 1345 281 1366 cum
308 1339 427 1366 euntes
451 1333 657 1373 invadimus,
681 1339 712 1373 5,
733 1337 786 1367 32.
810 1342 868 1368 aut

201 1376 411 1419 fugientibus
436 1377 612 1416 instamus,
641 1382 672 1416 2,
697 1382 751 1410 24.
774 1381 867 1421 quod

200 1432 279 1463 cap.
302 1432 352 1462 sq.
376 1421 410 1453 in
435 1422 554 1453 eadem
577 1432 612 1452 1e
635 1427 685 1453 est
708 1432 866 1464 uryuere.

202 1467 362 1497 Premere
393 1467 527 1503 hostem,
563 1467 591 1503 l,
623 1469 677 1498 52.
712 1476 867 1507 premere

200 1509 419 1547 hoesz'eantem,
450 1511 481 1547 7,
519 1510 568 1540 19.
603 1519 659 1550 pr.
690 1511 867 1549 obsidione,

198 1552 237 1583 C.
256 1555 286 1591 3,
302 1554 334 1583 9.
355 1562 409 1594 pr.
424 1553 571 1594 aliquem
588 1553 686 1590 bello,
706 1556 737 1591 4,
759 1556 786 1584 1.
808 1564 864 1594 pr.

194 1598 324 1638 proele'o,
354 1596 394 1627 C.
427 1598 452 1634 1,
478 1599 531 1627 64.
559 1607 615 1637 pr.
640 1597 723 1635 telis,
754 1600 785 1635 5,
812 1599 865 1628 43.

194 1641 306 1682 premi
327 1650 364 1670 re
378 1639 630 1681 frumentaria,
653 1639 773 1681 inopia
794 1639 866 1671 fru-

198 1683 304 1715 menti
332 1683 496 1723 laborare,
527 1687 558 1722 5,
581 1685 636 1714 28.
665 1686 774 1725 premi
800 1695 864 1715 an-

195 1729 314 1768 qustiis
339 1729 382 1759 ab
408 1729 533 1769 aliquo,
560 1727 594 1758 in
616 1727 790 1768 angustias
812 1738 864 1759 re·

196 1770 334 1802 dactum
349 1771 476 1810 vexari,
499 1773 530 1810 3,
548 1772 587 1802 18

153 1814 303 1847 Primus.
349 1814 402 1844 Cf.
420 1814 516 1847 Pilws

152 1857 323 1900 Princeps,
351 1857 494 1899 primus,
524 1859 551 1895 1,
571 1860 620 1888 12.
643 1857 704 1899 qui
728 1868 858 1891 summa

196 1901 283 1933 inter
303 1912 382 1933 suos
405 1907 454 1932 est
474 1901 674 1933 auctoritate
696 1907 730 1932 et
753 1902 862 1943 digni-

194 1950 275 1983 tate,
300 1947 328 1983 1,
352 1947 401 1975 19.
423 1945 470 1976 cf.
487 1946 652 1976 honestus.
700 1946 863 1987 Princeps

194 1989 335 2026 consilii,
370 1993 489 2019 auctor
517 1992 550 2018 et
583 1996 715 2026 suasor,
744 1991 776 2026 2,
810 1991 859 2020 14.

193 2034 348 2073 princeps
363 2031 441 2062 belli
454 2031 634 2071 inferendi,
645 2030 706 2072 qui
723 2029 860 2063 initium

195 2075 231 2107 b.
257 2074 317 2106 inf.
333 2074 429 2113 fecit,
457 2078 488 2112 5,
510 2077 564 2105 54.
596 2076 626 2112 7,
650 2077 682 2105 2.
704 2077 862 2116 princeps

190 2121 290 2161 prior
306 2117 342 2149 in
359 2129 392 2150 re
409 2117 559 2154 militari,
580 2117 619 2149 C.
639 2120 670 2156 3,
687 2120 739 2149 64.
760 2121 860 2160 prin-

195 2173 268 2203 ceps
283 2164 423 2200 sceleris,
445 2164 476 2200 8,
493 2164 534 2193 38

152 2209 394 2248 Principatum
422 2205 583 2246 factionis
628 2210 747 2243 tenere,
787 2205 859 2247 ejus

197 2249 387 2292 principem
401 2259 486 2284 esse,
512 2251 541 2287 1,
557 2251 595 2280 31

153 2296 335 2332 Pristinus,
358 2292 546 2335 pridianus,
567 2295 599 2332 4,
619 2295 658 2325 14

152 2340 222 2372 Pro
247 2339 377 2376 scelere,
405 2337 483 2378 (pro
509 2337 583 2378 ejus
607 2335 859 2378 magnitudine)

192 2382 318 2420 ulcisci,
336 2383 364 2419 1,
384 2383 434 2412 14.
453 2391 518 2422 pro
543 2383 660 2412 castris
675 2381 768 2420 (ante
785 2390 858 2411 cas-

192 2424 261 2463 tra)
286 2424 482 2466 producere,
512 2426 540 2460 1,
569 2426 624 2456 48.
651 2427 683 2461 4,
711 2426 764 2454 35.
792 2434 857 2465 pio

188 2468 351 2511 perfuya,
373 2472 542 2508 tamquam
563 2467 648 2511 perf.
666 2469 697 2506 3,
717 2470 766 2499 18.
802 2467 856 2498 Af.

194 2515 249 2543 35.
267 2513 353 2554 facit
377 2512 436 2543 hoc
451 2521 515 2552 pro
537 2514 657 2550 amico,
681 2516 855 2552 tamquam

192 2555 339 2594 amicus,
365 2554 404 2586 C.
421 2556 453 2593 3,
481 2557 553 2586 109.
572 2565 635 2596 pro
659 2564 742 2586 sano
758 2555 857 2595 facit,

194 2605 231 2630 ut
253 2609 353 2630 sanus
380 2604 414 2630 et
436 2598 584 2640 sapienS,
605 2602 637 2636 5,
651 2600 682 2628 7.
700 2609 764 2639 pro
786 2600 855 2629 viso

192 2643 248 2682 (ut
268 2643 396 2681 visum)
432 2643 624 2678 renunciat,
661 2642 751 2683 quod
787 2651 857 2672 non

191 2686 286 2725 vidit,
312 2689 340 2724 l,
356 2689 411 2716 22.
429 2696 493 2727 pro
510 2687 610 2717 occiso
630 2686 793 2722 sublatam,
814 2684 855 2716 C.

193 2733 224 2769 3,
244 2732 317 2762 109.
340 2730 384 2761 cf.
401 2740 432 2761 c.
454 2731 525 2761 110.
543 2739 608 2771 pro
623 2728 855 2770 suopericulo,

151 2816 316 2857 Probare,
334 2815 549 2859 persuadere,
576 2818 605 2848 1.
623 2813 654 2848 3.
673 2826 731 2858 pr.
749 2814 857 2847 ¹virtu-

195 2867 271 2902 tem,
285 2862 434 2901 efficere,
448 2866 486 2895 ut
501 2858 651 2904 spectata
665 2859 720 2899 sit,
744 2859 777 2898 5,
790 2861 832 2893 44

939 337 1126 375 Processus,
1164 339 1271 369 virtus
1314 336 1411 371 habet
1442 346 1645 380 processum,

983 380 1089 411 virtus
1120 385 1169 411 est
1197 391 1313 419 causa,
1340 387 1378 413 ut
1410 381 1646 425 procedamus,

982 423 1122 454 ulterius
1137 424 1405 465 progrediamur,
1429 425 1464 456 h.
1475 436 1506 456 e.
1522 424 1645 457 virtute

982 466 1155 506 proficitur
1169 468 1311 509 aliquid,
1332 470 1374 500 A.
1389 467 1431 502 29

940 509 1136 541 Procle'nata
1152 521 1216 549 r-,es
1241 511 1415 552 inclinata,
1439 522 1578 553 vergens
1599 513 1644 543 ad

981 551 1167 590 interitum,
1191 556 1222 592 7,
1237 558 1277 586 42

940 595 1093 627 Ρνοοίἑιε
1107 596 1240 635 (facile)
1256 601 1286 628 ei
1309 603 1357 630 est
1376 597 1441 629 hoc
1457 598 1581 637 facere,
1601 598 1643 630 C.

986 641 1015 677 l,
1044 642 1098 671 48.
1130 642 1279 682 proclive
1309 641 1367 680 (ad
1397 641 1645 680 efficiendum),

979 682 1094 721 facile,
1116 683 1170 715 Af.
1189 685 1226 714 10

939 726 1150 766 Proclivitas,
1165 728 1262 759 locus
1276 727 1429 766 declivis,
1446 729 1501 760 Af.
1515 731 1554 759 37

941 770 1160 809 Procurrere,
1180 769 1218 801 C.
1239 773 1269 810 l,
1288 774 1341 811 43,
1363 773 1418 803 44.
1442 775 1474 810 2,
1491 775 1544 804 34.
1589 773 1635 804 Cf

978 813 1067 844 orbis

940 857 1086 888 Prodere
1112 859 1273 900 aliquem,
1295 857 1334 889 C.
1354 859 1383 897 l,
1403 859 1458 897 74,
1480 858 1533 888 76.
1556 859 1646 889 unde

975 901 1130 940 prodicus
1154 908 1187 932 et
1212 907 1437 941 conservatae,
1467 901 1507 932 C.
1531 904 1565 940 2,
1589 901 1644 932 32.

979 949 1211 984 opponuntur.
1269 945 1322 976 Cf.
1356 947 1533 986 projicere.
1581 946 1644 977 Pr.

978 990 1154 1026 memoria,
1178 992 1209 1027 5,
1228 990 1279 1019 12.
1298 989 1442 1030 prodere
1456 988 1512 1026 (ad
1529 986 1645 1028 poste-

979 1040 1033 1061 ros
1072 1031 1274 1072 propagare)
1311 1034 1492 1070 memoriae,
1529 1034 1560 1069 6,
1588 1034 1644 1063 26.

978 1077 1192 1114 memoriam,
1221 1078 1248 1114 1,
1269 1076 1306 1106 13

936 1117 1129 1150 Producere
1152 1121 1266 1160 copias
1295 1128 1314 1149 e
1344 1116 1461 1149 castris
1485 1119 1528 1150 ad
1555 1129 1644 1160 proe-

978 1161 1074 1201 lium,
1100 1164 1130 1200 3,
1150 1165 1200 1193 17.
1222 1162 1318 1203 prod.
1336 1164 1454 1200 aciem,
1476 1161 1516 1192 C.
1537 1164 1566 1201 l,
1588 1164 1643 1193 58.

978 1204 1066 1236 idem
1104 1207 1196 1246 quod
1227 1207 1408 1247 explicare.
1455 1206 1646 1238 producere

977 1249 1125 1289 aliquem
1142 1250 1289 1289 lonqius,
1309 1247 1450 1279 allicere
1464 1247 1591 1287 fraude,
1607 1254 1644 1280 ut

977 1291 1115 1332 longius
1128 1292 1370 1333 progrediatur,
1385 1293 1478 1330 8,48.
1494 1291 1644 1330 allicere,

976 1339 1014 1365 ut
1029 1335 1155 1373 veniat,
1176 1335 1216 1366 C.
1234 1338 1264 1373 3,
1282 1336 1343 1366 104

937 1378 1104 1417 Proserre,
1120 1378 1264 1409 ulterius
1280 1377 1480 1419 provehere,
1496 1380 1526 1416 8,
1542 1381 1581 1410 41

935 1422 1116 1459 Proficere,
1130 1423 1211 1452 satis
1228 1421 1419 1462 profectum
1440 1426 1485 1453 est
1501 1422 1548 1452 ad
1565 1423 1642 1454 lau-

976 1465 1064 1503 dem,
1081 1463 1162 1495 satis
1176 1464 1303 1496 factum
1320 1469 1369 1495 est
1383 1465 1426 1495 ad
1442 1465 1591 1504 laudem,
1608 1469 1640 1505 4,

933 1551 1091 1590 Profiteri
1111 1551 1285 1588 indicium,
1307 1549 1416 1582 libere
1431 1555 1465 1581 et
1481 1550 1554 1582 sine
1570 1552 1640 1585 hae⁴

974 1594 1135 1626 sitatione
1153 1594 1302 1625 indicare
1319 1604 1408 1632 reos,
1430 1596 1471 1625 A.
1488 1598 1529 1626 55

932 1639 1115 1670 Prohibere
1127 1639 1268 1680 finibus,
1283 1644 1410 1677 arcere,
1430 1640 1459 1676 1,
1478 1641 1505 1669 1.
1525 1639 1639 1680 pabu-

974 1683 1166 1720 lationibus,
1191 1684 1219 1720 l,
1239 1684 1289 1712 15.
1313 1686 1513 1721 commeatu,
1538 1685 1566 1721 1,
1583 1684 1638 1715 49.

969 1726 1148 1766 prohibere
1173 1736 1208 1757 se
1237 1726 1280 1757 ab
1304 1728 1448 1767 injuria,
1471 1735 1511 1757 ea
1533 1726 1640 1758 absti-

972 1779 1064 1808 nere,
1091 1780 1132 1800 ne
1161 1768 1221 1801 alii
1254 1768 1380 1801 inseras
1411 1769 1580 1812 injuriam,
1605 1774 1639 1809 2,

930 1857 1099 1897 Projicere
1126 1858 1288 1898 aliquem,
1320 1855 1420 1887 saluti
1459 1856 1532 1898 ejus
1569 1867 1636 1889 non

972 1900 1160 1938 consulere,
1176 1910 1255 1931 eum
1273 1900 1345 1941 pati
1362 1899 1397 1931 in
1414 1899 1569 1931 miserias
1587 1901 1639 1932 in-

971 1943 1098 1981 cidere,
1117 1943 1156 1973 C.
1178 1946 1204 1981 l,
1218 1946 1273 1981 20,
1289 1946 1341 1974 30.
1358 1947 1390 1981 2,
1407 1945 1459 1973 32.
1479 1953 1537 1983 pr.
1550 1953 1583 1975 se
1596 1955 1638 1975 ex

970 1989 1064 2025 παι-ι’,
1075 1986 1222 2025 desilire,
1237 1991 1268 2025 4,
1285 1990 1340 2018 25.
1352 1988 1518 2028 projicere
1532 1988 1639 2019 lacri-

970 2041 1056 2067 mas,
1076 2031 1118 2061 A.
1133 2033 1188 2061 24.
1212 2039 1330 2070 synon.
1344 2029 1549 2070 profundere

927 2073 1075 2106 Proinde
1089 2084 1140 2111 ac,
1162 2073 1202 2104 C.
1220 2075 1251 2111 3,
1272 2076 1300 2112 l,
1318 2075 1358 2103 72

927 2118 1080 2149 Prolatio
1102 2118 1179 2155 diei,
1201 2116 1332 2155 dilatio,
1355 2115 1395 2147 C.
1412 2118 1443 2155 3,
1459 2116 1500 2147 32

926 2162 1102 2198 Proluere,
1132 2165 1307 2201 tempestas
1330 2159 1484 2202 (pluvia)
1508 2161 1636 2202 proluit

967 2206 1069 2241 nives,
1090 2203 1131 2234 C.
1150 2206 1180 2242 l,
1194 2206 1236 2234 48

925 2249 1164 2286 Promea-itam,
1178 2257 1220 2278 em
1229 2248 1425 2288 promerito,
1447 2246 1501 2279 Af.
1515 2249 1557 2278 90

925 2293 1127 2324 Prornovere
1141 2296 1265 2328 castra,
1291 2292 1320 2328 1,
1336 2293 1378 2323 48

925 2335 1172 2372 Pronunciare,
1186 2343 1351 2371 enarrare,
1366 2336 1398 2371 4,
1410 2336 1441 2363 5.
1458 2333 1631 2376 proloqui,

967 2376 1007 2408 C.
1026 2381 1057 2415 2,
1077 2379 1126 2408 12.
1148 2379 1286 2418 siqnum
1300 2379 1543 2418 pronunciare,
1555 2385 1632 2410 ver-

967 2420 1023 2452 bis
1054 2420 1218 2459 indicare,
1247 2429 1335 2451 nune
1372 2429 1445 2451 esse
1484 2426 1634 2463 tempus,

965 2463 1147 2495 clamando
1165 2463 1298 2505 signum
1314 2464 1405 2502 dare,
1428 2465 1460 2501 8,
1477 2465 1528 2496 15.
1547 2476 1613 2506 pro

964 2510 1160 2546 nunciatur,
1175 2506 1338 2539 indicitur
1352 2506 1521 2540 militibus
1537 2508 1630 2549 (iter)

967 2555 997 2589 5,
1014 2554 1051 2582 31

923 2597 1069 2633 Pronus,
1093 2597 1125 2632 4,
1145 2596 1182 2625 17

923 2640 1125 2680 Propellere,
1140 2638 1313 2679 repellere,
1339 2639 1368 2676 l,
1388 2639 1424 2668 15

922 2684 1071 2724 Propria
1081 2684 1232 2719 victoria,
1245 2682 1300 2713 Af.
1313 2683 1366 2712 32.
1382 2683 1438 2712 82.
1447 2685 1628 2724 proprium

963 2724 1210 2768 yaudium,Af.
1221 2726 1277 2757 91.
1288 2735 1408 2767 propr.
1415 2726 1629 2767 praesidium,

921 2811 1064 2855 Propter
1084 2809 1207 2856 (pone)
1226 2823 1322 2844 mare
1343 2811 1407 2845 iter
1421 2811 1550 2859 facere,
1570 2812 1627 2845 As.

964 2858 1019 2888 3⁷.
1052 2860 1191 2899 propter
1223 2855 1335 2889 caso-a
1360 2855 1629 2900 maceror-estus,
