1946 3261
181 223 269 268 432
419 222 476 266 A.
512 216 715 264 HIRTII
746 217 832 262 DE
865 215 1069 261 BELLO
1092 216 1430 262 ALEXAND.

179 356 210 376 ‘⁶
232 347 380 397 mihi‚”
406 344 566 403 inquit,
596 351 626 371 ‘⁶
649 343 807 394 Caesar,
829 342 988 393 vereri,
1019 341 1053 385 si
1075 341 1163 386 haec
1184 343 1294 387 vada
1315 341 1464 402 primis
1486 341 1667 386 navibus

181 415 211 435 ‘⁶
235 405 478 454 intraveris,
510 419 563 447 ne
584 403 706 462 prius
726 403 929 446 dimicare
951 402 1134 460 cogaris,
1164 418 1298 460 quam
1330 402 1544 459 reliquam
1563 401 1669 444 clas-

181 474 212 493 “
233 480 320 508 sem
348 463 480 522 possis
497 463 728 521 explicare.
791 462 932 505 Nobis
963 477 1055 503 rem
1087 461 1325 511 committe,
1356 476 1433 504 nos
1463 460 1669 519 proelium

180 532 211 551 ‘⁶
233 521 552 572 sustinebimus,
569 522 744 579 ¹(neque
763 528 889 563 tuum
906 519 1117 577 judicium
1138 520 1354 577 fallemus)
1382 520 1488 563 dum
1507 518 1669 577 reliqui

181 587 210 609 ‘⁶
231 582 573 639 subsequantur:
606 580 682 624 hos
702 580 877 638 quidem
898 579 1064 622 diutius
1090 578 1134 621 in
1154 587 1301 622 nostro
1323 586 1553 637 conspectu
1575 578 1670 636 glo-

180 649 210 668 “
233 640 353 690 riari,
373 655 531 698 magno
550 639 674 683 nobis
693 648 738 681 et
756 638 961 681 dedecori
982 645 1027 680 et
1046 637 1188 681 dolori
1209 640 1317 682 est.''
1379 638 1524 681 Caesar
1543 636 1668 679 illum

179 699 454 748 adhortatus,
486 706 621 757 atque
649 697 848 741 omnibus
879 695 1084 740 laudibus
1106 706 1377 755 prosecutus,
1403 697 1479 740 dat
1497 696 1668 754 signum

181 774 352 818 pugnae.
417 757 671 815 Progressas
693 756 812 798 ultra
832 756 992 798 vadum
1013 764 1205 813 quatuor
1228 755 1417 799 Rhodias
1437 771 1568 798 naves
1588 755 1670 797 cir-

181 817 440 860 cumsistunt
460 815 744 859 Alexandrini
776 823 910 873 atque
942 816 986 857 in
1007 830 1076 856 eas
1104 815 1303 872 inpetum
1324 815 1504 857 faciunt.
1570 814 1671 856 Sus-

181 876 322 919 tinent
353 875 417 918 illi
448 882 583 932 atque
616 882 712 918 arte
746 874 1027 931 sollertiaque
1059 889 1104 915 se
1133 874 1372 931 explicant:
1417 888 1467 916 ac
1499 880 1672 914 tantum

180 934 379 978 doctrina
409 934 573 992 potuit,
604 941 656 976 ut
685 933 729 975 in
761 932 925 991 dispari
946 947 1124 975 numero
1153 932 1276 974 nulla
1298 941 1540 975 transversa
1561 929 1674 973 hosti

181 993 461 1052 objiceretur,
489 992 651 1035 nullius
671 992 778 1034 remi
798 991 1150 1049 detergereirtur,
1181 991 1255 1033 sed
1275 1006 1444 1050 semper
1466 989 1675 1032 venienti-

181 1053 266 1095 bus
284 1051 475 1095 adversae
495 1059 788 1094 occurrerent.
851 1050 1031 1092 Interim
1067 1059 1167 1092 sunt
1197 1050 1376 1108 reliquae
1411 1049 1670 1092 subsecutae.

185 1111 300 1154 Tum
320 1110 557 1153 necessario
578 1109 808 1152 discessum
830 1110 885 1152 ab
905 1117 999 1151 arte
1021 1117 1101 1158 est,
1124 1117 1307 1166 propter
1327 1108 1549 1167 angustias
1569 1106 1672 1156 loci,

184 1178 318 1228 atque
341 1185 464 1212 omne
485 1176 699 1211 certamen
720 1168 763 1210 in
784 1168 945 1210 virtute
967 1167 1175 1210 constitit.
1240 1167 1397 1224 Neque
1419 1183 1522 1209 vero
1541 1166 1674 1208 Alex-

184 1229 346 1271 andriae
369 1227 453 1269 fuit
475 1227 703 1285 quisquam
725 1235 804 1269 aut
826 1235 1090 1275 nostrorum,
1125 1233 1201 1268 aut
1222 1227 1562 1284 oppidanorum,
1595 1224 1674 1281 qui

185 1296 264 1330 aut
280 1288 322 1329 in
339 1301 486 1344 opere,
504 1293 580 1328 aut
598 1286 640 1327 in
655 1285 979 1344 obpugnatione
996 1293 1259 1342 occupatum
1274 1285 1462 1326 animum
1479 1283 1677 1333 haberet,

186 1346 291 1404 quin
313 1344 520 1387 altissima
549 1352 664 1386 tecta
697 1352 866 1401 peteret
897 1352 1030 1399 atque
1063 1359 1116 1384 ex
1137 1343 1253 1384 omni
1275 1351 1508 1401 prospectu
1532 1342 1677 1384 locum

184 1404 431 1463 spectaculo
451 1411 627 1461 caperet
646 1402 937 1460 precibusque
956 1410 1000 1443 et
1021 1401 1133 1444 votis
1154 1401 1382 1444 victoriam
1403 1402 1487 1444 suis
1507 1401 1564 1444 ab
1585 1400 1680 1443 Diis

185 1462 490 1506 inmortalibus
508 1469 775 1520 exposceret.

256 1523 320 1564 16.
355 1520 538 1563 Minime
564 1528 710 1563 autem
733 1535 814 1578 par
834 1526 930 1562 erat
951 1519 1093 1578 proelii
1113 1528 1354 1562 certamen:
1388 1518 1544 1562 nostris
1563 1518 1678 1561 enim

186 1596 364 1639 prorsus
399 1595 541 1636 neque
578 1588 697 1621 terra
733 1594 874 1636 neque
916 1578 1025 1621 mari
1065 1578 1275 1637 effugium
1311 1577 1502 1621 dabatur
1538 1578 1680 1628 victis,

191 1640 418 1697 omniaque
440 1637 678 1680 victoribus
710 1646 834 1679 erant
867 1638 1017 1680 futura
1046 1637 1089 1680 in
1112 1638 1297 1680 incerto:
1332 1637 1412 1686 illi,
1434 1638 1467 1680 si
1487 1652 1684 1695 superas-

194 1707 290 1740 sent
320 1696 518 1745 navibus,
541 1695 682 1738 onmia
703 1703 921 1744 tenerent;
952 1697 986 1738 si
1009 1696 1233 1739 inferiores
1253 1695 1447 1745 fuissent,
1472 1696 1683 1753 reliquam

194 1764 340 1799 tamen
362 1755 584 1797 fortunam
605 1754 971 1812 periclitarentur.
1037 1755 1177 1797 Simul
1211 1754 1319 1796 illud
1340 1770 1472 1812 grave
1493 1770 1542 1796 ac.
1563 1754 1685 1796 mise-

196 1831 294 1858 rum
315 1813 575 1862 videbatur,
599 1828 840 1871 perpaucos
859 1813 912 1855 de
933 1828 1097 1855 summa
1116 1829 1262 1855 rerum
1290 1828 1339 1855 ac
1360 1813 1416 1856 de
1436 1812 1575 1855 salute
1597 1827 1687 1854 om-

195 1874 314 1916 nium
331 1873 574 1916 decertare:
609 1887 798 1929 quorum
817 1873 848 1914 si
867 1872 942 1929 qui
959 1880 1034 1914 aut
1051 1871 1191 1914 animo
1208 1880 1285 1913 aut
1297 1871 1463 1914 virtute
1480 1871 1686 1921 cessisset,

198 1932 377 1991 reliquis
396 1931 528 1974 etiam
548 1940 658 1974 esset
678 1931 930 1980 cavendum,
957 1930 1118 1987 quibus
1140 1947 1222 1988 pro
1243 1946 1286 1972 se
1307 1929 1530 1988 pugnandi
1553 1930 1687 1973 facul-

198 2000 264 2033 tas
286 2006 370 2033 non
391 1990 553 2032 fuisset.
621 1989 728 2031 Haec
746 1989 1041 2048 superioribus
1061 1989 1216 2032 diebus
1232 2004 1525 2047 saepenumero
1542 1989 1689 2032 Caesar

198 2050 284 2092 suis
320 2056 596 2107 exposuerat,
634 2057 684 2090 ut
721 2047 802 2091 hoc
839 2048 991 2107 majori
1025 2049 1167 2091 animo
1202 2047 1529 2097 contenderent,
1565 2046 1689 2105 quod

200 2108 392 2151 omnium
411 2107 597 2150 salutem
623 2107 703 2150 sibi
731 2107 1069 2150 commendatam
1091 2107 1305 2150 viderent.
1367 2106 1533 2149 Eadem
1561 2122 1690 2149 suum

200 2167 384 2224 quisque
405 2166 781 2216 contubernalem,
812 2167 1011 2216 amicum,
1043 2175 1194 2208 notum
1217 2180 1477 2224 prosequens
1497 2173 1593 2208 erat
1613 2165 1691 2208 ob-

200 2233 401 2274 testatus,
424 2240 477 2266 ne
499 2239 618 2266 suam
640 2233 774 2283 atque
796 2225 986 2268 omnium
1010 2225 1182 2267 falleret
1204 2224 1465 2283 opinionem,
1499 2239 1689 2282 quorum

197 2283 360 2343 judicio
399 2282 596 2326 delectus
642 2283 697 2326 ad
739 2300 931 2344 pugnam
978 2284 1338 2343 proficisceretur.
1411 2282 1569 2342 Itaque
1608 2282 1690 2326 hoe

251 2439 379 2471 Primis
394 2438 548 2470 naribus.
571 2435 660 2468 benc
684 2435 747 2473 sic,
771 2446 847 2468 nam
867 2448 920 2469 se·
984 2441 1281 2477 terpretamentum
1302 2441 1351 2467 est
1373 2436 1456 2477 ejus,
1478 2436 1539 2477 qui
1555 2445 1692 2468 monere

207 2482 319 2523 quitur
334 2483 500 2524 reliquam
515 2483 665 2514 classem.
700 2480 753 2511 Cf.
770 2481 919 2513 Gronov.
984 2480 1104 2518 voluit,
1132 2481 1250 2522 pulsos
1270 2486 1303 2511 et
1318 2480 1465 2512 victores
1487 2478 1632 2522 obponi,
1654 2485 1692 2512 ut

208 2526 291 2558 Obs.
326 2529 354 2564 1,
381 2528 412 2557 7.
468 2525 549 2564 Alii,
580 2535 642 2556 nec
672 2524 762 2555 male
785 2527 919 2566 primus
983 2524 1094 2556 victos
1108 2531 1141 2555 et
1160 2524 1317 2556 victores.
1340 2525 1390 2555 M.

206 2571 359 2603 uma-'bum
1032 2570 1103 2602 Illi.
1125 2570 1154 2599 si
1176 2579 1289 2610 super.
1336 2567 1452 2600 Minus
1480 2568 1553 2600 haec
1577 2575 1692 2600 conff-

256 2616 392 2647 Nullius
406 2615 502 2645 remi.
548 2613 657 2645 Codd.
678 2611 820 2653 quidam
841 2613 917 2644 nul·
984 2619 1058 2644 rent
1074 2623 1152 2644 cum
1165 2613 1494 2654 praecedentibus‚ni
1508 2612 1691 2645 subaudias

208 2659 325 2699 Ioeque,
340 2657 489 2699 antique.
984 2668 1104 2699 quum.

255 2703 310 2733 Ea!
346 2705 436 2734 omni
468 2706 660 2744 prospectu,
697 2709 917 2741 quocumque

208 2746 343 2776 demum
365 2746 443 2778 loco
469 2751 555 2778 stare
570 2750 604 2776 et
628 2743 823 2786 prospicere
841 2754 919 2784 pos-

208 2795 269 2820 set.
294 2791 345 2820 M.

257 2834 386 2864 Nostris
402 2835 491 2865 enim
505 2842 656 2875 prov-sm.
700 2831 784 2863 Fere
800 2841 917 2863 omnes

211 2875 288 2907 libri
302 2887 361 2918 pro
375 2888 508 2918 prorsus
525 2877 652 2909 habent
663 2878 771 2918 pulsis
783 2888 792 2906 .-
817 2876 916 2907 bene.

210 2920 276 2952 Sed
291 2920 337 2953 ita
352 2931 431 2954 mox
446 2921 616 2955 delebitur
631 2923 736 2960 victis,
758 2921 849 2963 quod
866 2920 918 2952 in-

1033 2701 1106 2732 Rel.
1138 2705 1181 2730 et.
1209 2704 1289 2731 essee
1317 2701 1515 2733 cavendum.
1556 2699 1621 2732 sibi
1648 2700 1692 2730 de

985 2744 1106 2775 salute.
1132 2743 1216 2774 Edd.
1227 2744 1381 2784 quaedam
1391 2743 1690 2784 cadendumquod

986 2787 1130 2819 Davisio
1148 2788 1272 2829 placet.
1311 2788 1473 2820 Rossetus
1488 2794 1520 2820 et
1536 2787 1692 2820 Clarkius

985 2832 1121 2863 voluere
1138 2831 1334 2863 cedendum.
1355 2843 1422 2864 non
1439 2843 1537 2874 opus.
1582 2830 1692 2863 Multo

986 2875 1098 2910 minus
1111 2875 1267 2909 admittes
1281 2875 1302 2908 J
1306 2876 1406 2911 utiuii
1421 2877 1594 2910 luendum.
