1946 3261
4 438 18 525 if

3 1700 7 1723 —-
2 1542 10 1688 -r
2 1502 5 1521 „-
0 1470 2 1475 v

4 1735 19 1759 ¹i

4 1759 19 1778 ,ι

16 1788 18 1811 ἵ

722 163 845 210 LIB.
874 163 911 209 1.
973 163 1116 211 cAP.
1147 163 1193 219 4,
1222 162 1269 212 5.
1639 163 1732 211 263

235 302 336 334 nem
355 290 506 336 eadem
527 306 623 352 spes
639 293 875 353 provinciae
895 301 1030 353 atque
1046 293 1320 337 exercituum
1336 288 1525 363 inpellit,
1546 305 1659 354 quos
1679 310 1726 340 se

236 365 319 408 pro
336 352 652 396 necessitudine
674 354 942 413 partiturum
959 369 1059 397 cum
1078 353 1288 412 Pompeio
1306 353 1552 397 arbitratur
1567 369 1580 404 ;
1595 353 1726 400 simul

229 409 497 468 judiciorum
518 420 672 463 metus,
692 414 884 457 adulatio
900 420 1035 472 atque
1055 413 1288 456 ostentatio
1308 412 1374 456 sui
1394 420 1440 456 et
1457 413 1724 472 potentium,

226 469 314 528 'qui
332 470 376 514 in
399 471 647 531 Republica
663 472 921 531 judiciisque
941 481 1037 516 tum
1053 471 1296 531 plurimum
1317 471 1562 531 pollebant.
1623 472 1725 534 Ipse

237 529 485 588 Pompeius,
517 531 575 575 ab
611 531 791 576 inimicis
815 532 996 576 Caesaris
1030 531 1238 574 incitatus
1268 537 1330 581 et,
1363 531 1485 589 quod
1506 531 1723 577 neminem

233 603 381 631 secum
404 588 619 648 dignitate
639 592 856 650 exaequari
875 591 1068 642 volebat,
1089 598 1234 634 totum
1253 605 1297 632 se
1318 589 1376 633 ab
1406 589 1497 649 ejus
1529 589 1726 636 amicitia.

232 654 459 691 averterat
491 656 538 691 et
571 663 671 692 cum
699 651 1000 695 communibus
1028 649 1209 694 inimicis
1238 648 1284 693 in
1301 648 1492 708 gratiam
1512 650 1723 704 redierat,

232 720 423 765 quorum
458 707 471 750 i
527 723 551 751 e
578 708 809 754 maximam
843 719 1015 779 partem
1041 710 1119 754 illo
1152 707 1390 753 adfinitatis
1422 715 1623 768 ternpore
1659 711 1723 754 in-

226 765 435 826 junxerat
499 767 635 810 aesari.
684 769 824 813 Simul
841 769 1018 814 infamia
1033 770 1221 814 duarum
1236 767 1461 829 legionum
1481 776 1723 828 permotus,

231 841 342 884 quas
363 825 421 869 ab
442 826 596 870 itinere
619 827 735 871 Asiae
757 830 985 889 Syriaeque
1013 829 1071 873 ad
1104 844 1226 872 suam
1246 826 1494 890 potentiam
1527 825 1725 873 domina-

233 893 416 946 tumque
434 893 730 937 converterat,
754 904 845 931 rem
865 889 922 933 ad
942 905 1063 934 arma
1079 887 1238 933 deduci
1261 886 1482 932 studebat.

290 945 334 988 5.
371 945 454 989 His
472 945 527 989 de
555 946 713 990 caussis
743 955 938 1007 aguntur
972 949 1116 993 omnia
1145 947 1308 1008 raptim
1343 955 1479 1007 atque
1509 945 1725 999 turbate;

230 1018 309 1049 nec
341 1005 527 1050 docendi
561 1006 744 1050 Caesaris
777 1023 858 1066 pro
892 1008 1034 1068 inquis
1073 1009 1166 1069 ejus
1206 1007 1399 1068 spatium
1439 1007 1573 1051 datur
1591 1023 1603 1058 ;
1646 1024 1729 1052 nec

230 1063 440 1109 Tribunis
466 1065 610 1125 plebis
629 1066 695 1109 sui
718 1067 868 1126 pericu
889 1067 901 1109 i
920 1067 1202 1128 deprecandi,
1224 1083 1365 1127 neque
1386 1066 1518 1110 etiam
1536 1068 1727 1112 extremi

224 1124 336 1183 juris
353 1125 657 1170 intercessione
669 1125 901 1176 retinendi,
918 1128 1038 1185 quod
1054 1130 1109 1171 L.
1127 1128 1255 1171 Sulla
1267 1127 1524 1186 reliquerat,
1540 1125 1728 1173 facultas

229 1184 472 1235 tribuitur;
502 1185 579 1229 sed
602 1185 658 1229 de
677 1202 756 1230 sua
783 1186 925 1230 salute
945 1186 1132 1246 septimo
1151 1187 1222 1230 die
1254 1186 1449 1246 cogitare
1470 1203 1522 1230 co
1557 1193 1726 1238 untur;

229 1244 349 1302 quod
386 1244 450 1288 illi
486 1245 850 1291 turbulentissimi
886 1245 1187 1306 superioribus
1224 1246 1501 1305 temporibus
1525 1202 1725 1291 gI’ribuni

230 1303 372 1362 plebis
405 1311 562 1348 octavo
598 1304 789 1364 denique
819 1320 963 1349 mense
994 1321 1174 1349 suarum
1193 1305 1414 1349 actionum
1436 1305 1652 1364 respicere
1672 1323 1726 1350 ac

231 1363 385 1406 timere
420 1373 696 1408 consuerant.
765 1365 1029 1408 Decurritur
1065 1365 1120 1408 ad
1156 1365 1269 1408 illud
1306 1372 1553 1407 extremum
1589 1373 1726 1424 atque

230 1422 434 1467 ultimum
459 1425 507 1467 S.
533 1424 587 1467 C.
612 1440 717 1483 quo,
735 1424 815 1468 nisi
837 1441 957 1484 paene
983 1424 1027 1469 in
1051 1425 1145 1484 ipso
1167 1423 1289 1468 urbis
1310 1422 1510 1466 incendio
1525 1431 1660 1484 atque
1680 1424 1727 1470 in

279 1530 366 1565 Quos
379 1540 412 1561 se
425 1534 568 1571 -pare.
580 1541 607 1562 c.
624 1530 666 1562 P.
681 1528 848 1562 Ciaccon.
869 1539 940 1561 ma·
1009 1530 1065 1567 41,
1082 1531 1115 1568 9,
1132 1530 1164 1560 3.
1189 1527 1367 1561 Plutarch.
1392 1525 1428 1558 in
1452 1525 1538 1560 Caes.
1556 1537 1588 1560 c.
1606 1530 1660 1561 31.
1684 1527 1720 1562 in

229 1574 305 1606 vult
331 1583 407 1616 quae
422 1585 535 1606 secum
559 1585 622 1616 pro
650 1576 939 1617 nec.partiturum
1010 1574 1136 1606 Anton.
1151 1582 1183 1604 c.
1201 1577 1233 1604 5.
1264 1571 1355 1604 Hinc
1374 1571 1477 1613 paulo
1500 1578 1589 1614 post.
1636 1574 1723 1607 Pro-

234 1620 445 1661 Pompeium.
489 1618 599 1650 Beml.
627 1629 707 1661 quos
733 1629 768 1651 se
788 1629 851 1661 pro
867 1629 938 1651 nec.
999 1618 1143 1660 suffiunt
1158 1628 1199 1649 ex
1210 1617 1294 1650 urbe
1309 1617 1465 1649 Tribuni.
1488 1616 1541 1647 M.

1055 1662 1284 1694 Inter-cessim.
1299 1660 1360 1692 alii
1375 1661 1653 1693 intercessionem.

229 1664 514 1706 participaturum
528 1673 561 1694 c.
577 1664 618 1695 Ρ.

1056 1707 1155 1738 Sulla
1174 1707 1371 1748 reliquerat.
1405 1704 1458 1735 Cf.
1473 1715 1506 1736 c.
1522 1706 1554 1736 7.
1570 1705 1639 1737 vid.
1657 1706 1724 1739 Er-

276 1708 491 1740 Jndiciorum
517 1713 652 1740 metit-³.-
685 1705 768 1749 quia
806 1706 940 1749 Scipio,

232 1751 393 1794 Pompeii
417 1762 526 1787 socer.
553 1752 630 1794 lege
647 1750 816 1794 Pompeia
829 1753 941 1784 suerat
1008 1750 1093 1782 nesti
1125 1750 1224 1782 Clau.
1255 1749 1330 1783 Cic.
1362 1748 1397 1781 in
1436 1749 1527 1791 Lege
1557 1748 1720 1783 Cornelia

229 1808 253 1830 a
268 1795 437 1829 Memmio
453 1796 603 1828 ambitus
611 1803 804 1829 accusatus.
826 1798 938 1830 Cella·
1006 1795 1219 1834 Tribunitia,
1237 1794 1297 1828 ubi
1314 1799 1349 1827 et
1363 1801 1479 1826 noster
1495 1794 1592 1827 locus
1605 1795 1720 1838 expli·

230 1844 314 1875 rius.
360 1841 416 1873 Cf.
443 1841 534 1873 Plut.
561 1841 592 1872 in
616 1842 704 1874 Caes.
720 1852 752 1873 c.
770 1843 824 1874 62.
871 1842 937 1873 Pro
1006 1846 1116 1872 catur.
1141 1841 1191 1872 M.

226 1886 334 1920 simul
350 1886 370 1918 J
375 1885 508 1918 urinius
523 1886 666 1928 conjicit
677 1888 797 1919 multos
808 1897 849 1918 ac
862 1891 939 1929 post

227 1933 280 1964 mi
293 1930 384 1963 delet
398 1930 575 1973 copulam.

277 1977 454 2008 Ostentatio
473 1977 527 2007 sui
549 1981 579 2007 et
605 1976 803 2015 potentium,
825 1980 939 2006 osten-

231 2020 325 2052 tebat
357 2030 393 2051 se
428 2025 463 2052 et
504 2018 697 2051 amicitiam
736 2018 939 2060 potentium.

231 2065 422 2098 Manutius.

281 2110 496 2151 Injunoeerat.
533 2107 711 2149 Tanquam
728 2116 816 2138 onus
829 2104 938 2138 susci-

230 2153 397 2197 piendum
426 2150 689 2186 necessitudinis
717 2150 838 2194 gratia.
883 2150 938 2182 cf.

232 2198 338 2231 Gron.
352 2198 395 2230 ad
410 2198 487 2230 Liv.
503 2199 535 2236 8,
552 2198 607 2228 32.

280 2242 434 2285 Infamia
456 2243 608 2274 dum-um
627 2241 810 2281 lemanum,
836 2251 938 2284 quarn

229 2287 296 2320 sibi
313 2292 528 2320 contraxerat
550 2285 690 2318 retentis
705 2285 839 2318 duabus
854 2284 939 2328 legi-

230 2332 371 2365 onibus.
394 2331 496 2364 Conf.
510 2341 610 2374 supra
626 2333 658 2369 8,
676 2330 730 2361 54.
755 2329 806 2360 M.

278 2377 350 2410 Iter
379 2377 480 2416 Asioe,
508 2375 544 2408 in
573 2374 704 2414 Asiam,
737 2374 780 2405 ad
809 2374 939 2406 bellum

232 2420 444 2454 Parthicum.
472 2419 544 2452 vid.
577 2419 665 2452 ibid.
695 2423 731 2451 et
761 2418 940 2452 Plutarch.

228 2466 353 2498 Anton.
369 2474 401 2497 c.
418 2468 449 2497 5.
474 2466 525 2497 M.

280 2511 433 2553 Raptim.
477 2510 600 2546 Immo,
622 2510 759 2551 raptim.
787 2509 838 2540 M.
861 2507 938 2540 Hoc

234 2555 360 2599 probat
373 2559 407 2586 et
419 2553 510 2585 Oud.
524 2553 690 2585 Cellarius
703 2552 844 2594 recepit.
879 2553 940 2584 Se-

229 2610 328 2643 quor.
381 2598 422 2629 Τδ
436 2601 563 2641 ruptim.
583 2596 673 2630 alibi
696 2607 763 2629 non
779 2597 939 2630 occurrit.

231 2646 371 2686 Raptim
386 2643 487 2674 codd.
504 2641 646 2674 habent.

282 2689 441 2721 Tribunis»-
465 2688 582 2730 plebis.
624 2686 720 2718 Adeo
742 2684 832 2717 acris
853 2694 937 2717 con-

228 2732 338 2765 tentio
355 2732 418 2765 fuit
435 2731 522 2763 inter
533 2729 731 2769 Consulem,
747 2729 936 2762 Antonium

229 2777 457 2819 Cassiumque
478 2775 654 2808 Tribunos
682 2779 716 2806 et
738 2773 934 2814 Curionem,

204 2839 208 2842 ·
230 2828 271 2855 ut
283 2823 327 2855 ad
342 2827 532 2855 extremum
545 2819 676 2852 consul
702 2819 746 2851 iis
771 2819 936 2858 suaderet,

227 2877 248 2899 e
262 2866 359 2899 curia
372 2865 607 2903 discedereme
618 2864 760 2897 fortasse
767 2862 936 2896 violaren-

228 2915 295 2946 tur.
318 2910 469 2955 Appian.
485 2913 520 2950 2,
536 2913 591 2944 33.
608 2919 644 2953 p.
657 2910 733 2945 448.
758 2907 826 2942 Dio
840 2907 934 2942 Cass.

1055 1886 1199 1926 Septimo
1214 1884 1270 1916 (lie
1285 1888 1375 1926 post,
1396 1893 1498 1925 quarn
1513 1881 1630 1916 literas
1644 1883 1720 1917 Cae-

1007 1929 1090 1961 saris
1105 1928 1192 1969 (vid.
1209 1939 1286 1971 cap.
1311 1928 1345 1967 1)
1369 1926 1580 1960 Consulibus
1605 1929 1720 1962 reddi-

1005 1974 1136 2005 derant.
1159 1973 1210 2005 M.

1057 2018 1178 2050 Octavo
1190 2026 1303 2049 mense
1310 2025 1454 2048 warum
1464 2018 1634 2049 actionum
1646 2015 1717 2056 (sui

1009 2061 1190 2101 muneris),
1218 2061 1253 2092 h.
1269 2072 1299 2092 e.
1323 2070 1440 2093 mense
1465 2071 1522 2100 eo,
1544 2070 1614 2103 quo
1635 2061 1720 2094 novi

1007 2106 1177 2138 Consules
1191 2104 1404 2144 creabantur,
1418 2114 1461 2138 ex
1474 2115 1545 2147 quo
1561 2110 1718 2149 tempore

1006 2150 1155 2183 Tribuni
1181 2149 1246 2181 hos
1272 2148 1467 2192 designatos
1491 2149 1659 2183 Consules
1675 2149 1720 2184 ti-

1008 2206 1100 2227 mere
1114 2199 1305 2236 coeperunt‚
1327 2193 1458 2236 quibus
1471 2193 1641 2227 rationem
1657 2204 1720 2228 ac-

1006 2244 1120 2271 torum
1144 2239 1307 2271 deberent
1332 2239 1484 2271 reddere.
1529 2237 1585 2272 sic
1604 2238 1720 2272 Cella-

1006 2283 1078 2316 rius
1103 2292 1145 2316 ex
1171 2282 1380 2315 Hotomanni
1410 2282 1500 2315 notis
1527 2283 1720 2326 explicavit

1006 2328 1136 2360 locum.
1157 2328 1212 2373 .M·
1248 2327 1326 2359 Non
1343 2337 1385 2359 ex
1398 2336 1466 2369 qno
1481 2326 1717 2370 magistratum

1007 2371 1113 2405 iniere
1125 2371 1284 2411 Tribuni,
1298 2377 1336 2404 ut
1345 2370 1472 2404 Ursino
1482 2377 1515 2404 et
1525 2370 1716 2413 Ciacconio

1005 2417 1117 2450 visum
1130 2422 1216 2450 erat.
1235 2416 1380 2449 Vossius
1394 2415 1544 2449 malebat
1555 2416 1621 2449 XII
1638 2418 1718 2450 loco

1005 2462 1058 2493 τοῦ
1074 2462 1151 2494 ΠΧ.
1189 2462 1257 2494 Pro
1282 2471 1426 2494 suarum
1451 2460 1511 2492 alii
1526 2464 1721 2495 variarum.

1007 2506 1099 2539 Oud.
1115 2506 1448 2549 conjicitvanamm.
1472 2505 1583 2538 Recte
1597 2507 1716 2549 vulga-

1005 2555 1078 2584 tum
1093 2551 1247 2594 explicat
1259 2549 1392 2583 Morus.

1054 2596 1261 2629 Dee-amnn-
1273 2611 1319 2619 —-
1335 2595 1373 2626 S.
1390 2595 1428 2627 C.
1440 2592 1510 2626 vid.
1534 2592 1614 2625 Liv.
1630 2593 1664 2633 3,
1681 2594 1715 2627 4.

1004 2640 1141 2674 Sallust.
1157 2639 1232 2672 Cat.
1255 2641 1310 2672 99.
1334 2637 1410 2671 Cic.
1432 2637 1507 2670 Cat.
1527 2639 1555 2677 i,
1570 2637 1602 2669 2.
1643 2639 1718 2671 Cel-

1002 2686 1126 2718 larz'us.
1170 2683 1368 2726 Comparari
1395 2682 1497 2714 debet
1520 2686 1555 2714 et
1572 2682 1614 2714 de
1631 2682 1714 2724 hoc,

1004 2735 1038 2761 et
1068 2731 1110 2762 de
1135 2728 1309 2768 omnibus,
1338 2737 1416 2770 quae
1442 2725 1501 2759 hic
1526 2732 1714 2769 narrantur,

1003 2774 1079 2808 Cic.
1094 2775 1136 2806 ad
1154 2774 1287 2806 Divers.
1308 2774 1360 2812 16,
1379 2773 1430 2803 ll.
1454 2771 1507 2804 Μ.

1004 2862 1022 2904 ὓ
1050 2821 1094 2851 8.-
1111 2820 1149 2852 C'.
1169 2817 1260 2852 Vide
1275 2816 1431 2854 Brisson.
1451 2815 1494 2850 de
1508 2814 1610 2851 form'.
1623 2814 1665 2850 L.
1681 2819 1715 2849 2.
