1946 3261
289 189 375 235 662

328 314 542 358 facientibus.
574 311 761 353 Descripsit
774 311 935 353 Vegetius
950 312 993 343 de

334 370 370 391 re
385 369 429 388 m.
445 360 477 394 4,
492 358 542 387 15.
564 355 751 397 rotulisque
763 355 924 396 subjectis
934 366 994 387 eos

337 399 530 443 promoveri
559 399 710 440 potuisse
736 399 885 430 tradidit.
931 399 994 430 Sed

337 453 416 475 cum
432 442 540 484 plutei
554 444 721 474 adduntur
735 454 761 474 s.
778 442 996 483 imponuntur

336 487 441 525 vallo,
470 488 502 524 7,
527 488 581 524 41,
607 488 660 516 72.
687 486 842 517 videntur
867 486 995 516 tabulae

337 529 454 568 fuisse,
474 529 564 560 vallo
590 529 671 560 tecti
687 528 790 561 instar
812 528 997 569 impositae.

338 573 434 604 Idem
455 572 592 603 Festus:
619 573 722 604 Num:
737 575 838 604 etiam
860 573 997 609 tabulae‚

339 617 456 657 quibus·
480 617 564 657 quid
576 618 784 657 praesepitur,
803 615 917 646 eodem
938 625 999 646 ἠο-

338 661 430 690 mine
448 659 588 700 (plutei)
609 660 781 691 dicuntur.
827 658 881 688 Sic
898 668 1000 698 cepe-

337 702 405 734 rim
434 705 581 734 turrium
604 703 745 743 pluteos,
780 704 811 740 7,
835 704 888 731 25.
919 701 953 732 h.
970 712 1001 732 e.

338 745 479 777 turrium
504 751 593 777 tecta
612 756 631 776 e
658 745 798 783 tabulis,
825 744 934 784 στέγη,
964 749 1002 775 ut

339 789 505 830 metaphr.
521 789 629 820 Graec.
644 788 822 829 expressit.
873 787 1003 818 Intelli-

339 833 428 874 gitur
456 832 569 870 etiam,
603 841 719 871 quare,
749 834 781 871 7,
810 833 864 862 72.
895 831 1003 872 plutei

339 875 472 917 aggeris
509 874 722 915 adpellentur
765 874 871 917 lorica
909 875 1001 916 ejus:

341 919 449 950 lorica
464 918 555 949 enim
569 923 631 955 est,
645 918 810 958 quidquid
831 927 898 948 rem
916 928 1004 958 prae-

341 962 443 1003 sepit.
479 962 520 993 C.
551 964 578 999 l,
607 965 661 992 25.
697 972 783 1002 opus
820 961 1004 1002 protegitur

340 1007 486 1037 cratibus·
499 1010 530 1036 et
542 1006 666 1045 pluteis

300 1049 515 1087 Pollia-itacio,
539 1051 570 1086 3,
592 1050 629 1078 18

299 1094 444 1130 Ponere,
458 1101 639 1131 exponere,
649 1091 810 1121 narrando
824 1090 869 1121 ob
884 1091 1005 1121 oculos

342 1145 478 1176 ponere,
493 1135 531 1165 C.
549 1138 580 1171 3,
594 1135 647 1164 79.
667 1144 795 1175 ponere
814 1135 919 1165 alicui
933 1144 1006 1165 cus-

343 1179 442 1215 todes,
480 1176 697 1212 constituere,
728 1177 788 1217 qui
819 1187 898 1208 eum
927 1177 1006 1208 dili-

341 1227 457 1261 genter
472 1220 664 1258 observent,
693 1222 720 1257 1,
734 1223 775 1250 20

299 1267 390 1298 Pons*
411 1266 683 1304 interrumpitur,
706 1263 738 1300 7,
757 1265 807 1295 19.
830 1265 1004 1295 interscin-

342 1309 446 1346 ditur,
470 1311 502 1345 2,
515 1309 549 1338 9.
571 1312 617 1338 est
632 1309 671 1337 in
679 1306 839 1348 flumine,
861 1310 893 1345 2,
909 1311 927 1337 5

301 1353 420 1389 Ponto,
441 1350 481 1381 C.
501 1353 531 1389 3,
547 1353 587 1381 29

300 1394 510 1432 Pom-ectum,
522 1394 615 1434 quod
634 1393 666 1424 in
682 1392 932 1433 longitudinem
947 1403 1005 1424 ex-

344 1444 475 1469 tensum
490 1444 554 1475 est,
574 1448 601 1467 s.
618 1436 794 1477 procurrit,
815 1440 846 1474 2,
865 1439 902 1467 19

301 1483 457 1514 Porticus
482 1480 514 1511 in
530 1491 565 1511 re
582 1479 720 1511 militari
737 1485 812 1510 sunt
827 1479 944 1518 vinc-ae,
965 1480 1004 1511 C.

343 1529 376 1563 2,
393 1528 424 1555 2.
463 1525 508 1556 Ut
523 1523 614 1555 enim
632 1523 781 1565 porticus
797 1529 928 1554 constat
944 1533 1004 1554 co—

343 1566 481 1606 lumnis,
502 1573 592 1599 tecto
609 1566 771 1607 imposito
784 1567 931 1607 junctis:
956 1566 1003 1598 sic

342 1611 443 1643 vinea
458 1617 591 1643 constat
603 1610 773 1649 trabibus,
787 1616 876 1641 tecto
894 1611 1005 1651 impo-

342 1655 410 1687 sito
443 1654 581 1696 junctis.
618 1656 744 1695 galei-ie
781 1659 927 1685 coutet-te
964 1655 1005 1685 (le

341 1709 471 1740 ,ην-03393
506 1702 650 1739 poutreS.
689 1697 880 1729 Guischard
896 1695 1003 1728 Mem.

343 1742 445 1773 milit.
464 1741 543 1773 Vol.
559 1745 591 1772 2.
609 1753 643 1782 p.
661 1743 699 1772 21

300 1786 506 1824 Pomm-ium,
532 1785 693 1826 vectigal,
718 1785 810 1826 quod
840 1784 874 1815 in
907 1790 1003 1826 portu

343 1828 500 1860 solvitur:
539 1836 609 1860 tum
640 1828 791 1866 omnino,
817 1829 910 1868 quod
941 1838 1002 1868 pro

342 1872 515 1904 mercibus
529 1871 719 1912 importatis
742 1875 800 1902 aut
826 1870 1004 1911 pro'venia

342 1915 533 1947 transeundi
548 1915 697 1956 aliquam
714 1914 884 1956 regionem
899 1914 1004 1945 solvi-

342 1963 408 1997 tur,
437 1961 464 1998 1,
486 1961 536 1989 18.
561 1961 626 1996 3,1

299 2004 434 2034 Portus.
479 2002 533 2034 Cf.
549 2012 669 2043 capere

301 2044 430 2078 Positus
445 2045 559 2084 (situs)
584 2045 706 2086 oppidi,
728 2045 769 2075 A.
787 2046 827 2075 72

301 2090 381 2121 Post
393 2091 562 2129 paullum,
585 2088 700 2129 paullo
719 2093 805 2128 post,
826 2089 857 2125 7,
873 2089 914 2118 50

301 2132 495 2170 Posteritas,
516 2133 605 2163 fama
621 2133 710 2173 apud
728 2137 893 2173 posteros,
914 2131 953 2162 C.
975 2133 1003 2170 1,

301 2218 479 2250 postulare
499 2220 541 2249 de
557 2228 610 2255 eo,
632 2217 691 2257 qui
715 2218 856 2249 alterum
881 2218 1003 2260 implo—

344 2266 404 2299 rat,
430 2264 458 2296 1,
473 2264 510 2293 31

302 2305 510 2344 Potentatus,
536 2307 565 2342 1,
581 2306 620 2334 31

299 2349 499 2380 Potestatem
513 2350 566 2380 sui
575 2348 692 2387 facere
708 2349 864 2386 hostibm,
883 2349 1003 2380 offerre

342 2402 378 2422 se
402 2391 455 2430 iis,
477 2402 543 2423 non
566 2392 749 2422 detrectare
779 2392 949 2432 proelium,
977 2395 1004 2431 1,

343 2437 397 2472 40,
421 2438 475 2467 50.
507 2435 551 2467 cf.
573 2436 667 2473 1,48.
687 2445 750 2475 pro
767 2436 1004 2467 castris—de-

342 2483 423 2509 esset

299 2521 408 2595 Polla-i
423 2522 569 2563 aliquid,
594 2521 648 2553 Af.
662 2523 716 2553 36.
733 2524 836 2564 potiri
850 2524 1003 2564 alicujus,

300 2608 511 2647 Praeacucue,
532 2611 564 2643 2,
579 2610 620 2639 29

299 2651 506 2689 Praecavere,
526 2662 568 2682 ne
583 2652 664 2693 quid
673 2653 749 2691 fiat,
775 2655 802 2690 1,
817 2654 858 2683 38

299 2695 472 2736 Praecepta
490 2695 606 2733 Ducis,
628 2695 710 2737 quid
730 2696 920 2728 faciendum
945 2696 1000 2735 sit,

340 2738 512 2770 militibus
541 2739 771 2779 praescribunt,
800 2742 854 2772 die
885 2741 1002 2779 Ordre,

343 2782 375 2819 6,
393 2783 445 2814 36.
469 2785 500 2820 8,
516 2784 570 2813 28.
593 2783 637 2814 cf.
667 2785 761 2821 1,22.
784 2788 821 2816 ut
853 2785 1000 2817 Tribuw)

343 2835 367 2857 a
395 2827 527 2860 Caesare
559 2830 766 2868 praeceptum
800 2831 886 2860 erae.
935 2829 999 2861 Sed

950 185 1151 229 INDEX

1067 316 1076 328 ·
1102 311 1202 343 aliter
1218 313 1390 352 proecepta
1419 311 1604 343 amicorum
1629 314 1660 343 et
1681 319 1762 352 pro-

1100 358 1322 396 pinquorum,
1336 353 1376 384 C.
1392 357 1424 393 2,
1441 356 1472 393 6,
1488 356 1518 386 7.
1537 354 1598 386 ubi
1613 354 1689 385 sunt
1702 353 1760 385 ad-

1106 398 1313 429 hortantium
1329 407 1430 428 voces

1064 444 1250 482 Praeprere
1267 442 1458 482 pecuniam,
1479 444 1555 470 ante
1571 437 1662 470 diem
1679 448 1763 479 prae-

1106 485 1234 515 finitam
1259 484 1427 525 accipere,
1449 488 1507 513 aut
1530 481 1615 513 solvi
1633 481 1764 522 jubere,

1107 528 1147 559 C.
1172 531 1203 566 3,
1227 529 1281 558 31.
1301 529 1480 568 praecz'pere
1503 527 1666 563 laeticiam,
1688 530 1764 557 ante

1109 571 1245 609 sentire,
1267 573 1298 608 8,
1314 572 1352 600 51

1069 617 1298 656 Ρι-εεεὶρὲεανε,
1320 615 1422 645 hiems
1446 613 1665 654 praecipitavit
1692 611 1771 652 (se),

1111 658 1179 689 fere
1195 663 1267 689 tota
1282 657 1420 694 transiit,
1441 656 1482 688 C.
1499 659 1530 694 3,
1544 658 1586 686 25

1069 702 1276 739 Proedicare,
1300 710 1444 738 narrare,
1463 704 1496 738 4,
1515 702 1568 730 34.
1598 698 1639 730 C.
1667 700 1694 737 1,
1715 699 1768 729 32.

1111 745 1234 782 dicere,
1247 753 1449 781 asseverare,
1469 743 1510 774 C.
1530 746 1561 781 3,
1579 743 1640 774 106

1071 789 1274 820 Proeducere
1287 797 1438 824 murum,
1459 789 1491 825 7,
1501 788 1556 817 46.
1578 791 1615 816 ut
1630 788 1773 826 praeten-

1113 831 1202 868 dere,
1218 836 1398 870 praetexere

1073 875 1231 911 Praeesse,
1252 883 1284 903 v.
1302 873 1343 904 ad
1361 875 1393 909 8,
1406 875 1460 903 24.
1477 872 1521 903 cf.
1541 871 1581 902 C.
1600 875 1630 910 3,
1650 874 1700 902 12.
1717 874 1772 902 28.

1115 917 1170 948 Af.
1180 919 1233 947 33.
1258 916 1398 947 Ponitur
1407 926 1487 956 ergo
1493 914 1775 956 praeesse,omisso

1114 960 1245 999 dativo,
1269 970 1337 1001 quo
1362 959 1526 991 indicetur
1549 958 1597 997 id,
1620 957 1678 990 cui
1699 957 1776 999 quis

1117 1009 1233 1044 praesrt

1075 1048 1231 1088 Praefecti
1249 1050 1410 1089 equitum,
1430 1045 1488 1088 qui
1512 1053 1775 1089 saepescomme-

1116 1097 1298 1129 morantur,
1322 1097 1357 1122 ut
1381 1093 1412 1129 3,
1434 1092 1489 1122 26.
1521 1095 1553 1127 4,
1581 1091 1631 1120 ll.
1661 1089 1693 1125 7,
1720 1089 1774 1118 66.

1115 1135 1270 1166 videntur
1283 1134 1386 1166 etiam
1409 1134 1614 1176 quibusdam
1638 1131 1672 1163 in
1688 1130 1775 1175 locis

1116 1177 1341 1219 intelligendi,
1368 1178 1426 1209 ubi
1451 1176 1650 1218 simpliciter
1679 1175 1776 1206 Proe-

1107 1222 1189 1262 feeh'
1204 1222 1373 1259 dicuntur,
1395 1227 1430 1252 ut
1451 1223 1477 1256 l,
1494 1222 1547 1250 39.
1565 1221 1596 1257 3,
1611 1221 1643 1249 7.
1687 1217 1777 1248 Fue-

1118 1271 1190 1295 runt
1206 1271 1320 1295 autem
1338 1263 1476 1305 Legatis
1490 1261 1658 1300 attributi,
1679 1262 1711 1299 8,
1722 1260 1777 1291 48.

1118 1307 1152 1338 h.
1164 1318 1195 1338 e.
1213 1318 1290 1338 cum
1308 1307 1351 1338 iis
1367 1306 1455 1338 mitti
1469 1309 1724 1342 consueverunt,
1738 1309 1776 1334 ut

1117 1351 1167 1382 illi
1205 1351 1390 1392 peditibus,
1422 1351 1459 1382 hi
1486 1349 1659 1391 equitibus
1693 1355 1780 1388 prae-

1115 1401 1238 1425 essent.
1285 1395 1349 1426 Sed
1374 1396 1406 1432 4,
1419 1397 1476 1425 22.
1499 1403 1615 1424 curam
1639 1390 1778 1422 navium

1117 1438 1241 1469 habent
1265 1448 1342 1469 cum
1366 1437 1502 1478 Legatis
1530 1443 1564 1468 et
1588 1435 1777 1474 Quaestore.

1117 1482 1201 1512 Add.
1219 1482 1273 1512 Af.
1291 1484 1319 1512 3.
1364 1480 1418 1511 Cf.
1437 1481 1546 1512 Faber

1074 1525 1292 1564 Praefectura,
1322 1534 1441 1555 munus
1466 1522 1636 1561 Praefecti,
1665 1524 1698 1560 8,
1725 1522 1776 1553 12.

1115 1568 1222 1599 Aliter
1236 1569 1277 1599 C.
1298 1570 1324 1605 1,
1344 1569 1403 1598 1⁵:
1429 1578 1505 1599 nam
1525 1567 1594 1598 h.l.
1610 1570 1661 1597 est
1675 1565 1778 1606 oppi-

1115 1613 1195 1643 dum
1207 1612 1321 1650 ltaliae,
1333 1621 1353 1642 a
1368 1611 1516 1642 coloniis
1529 1615 1562 1642 et
1577 1607 1777 1649 municipiis

1114 1655 1297 1692 diversum,
1318 1655 1410 1696 quod
1427 1665 1492 1686 non
1511 1652 1660 1685 habebat
1674 1661 1771 1684 suum

1115 1699 1357 1740 magistratum,
1368 1699 1426 1729 sed
1443 1698 1475 1729 in
1489 1697 1582 1739 quod
1594 1695 1774 1738 quotannis

1116 1743 1227 1773 Roma
1258 1742 1478 1773 mittebantur
1508 1740 1664 1773 Praefecti
1689 1738 1774 1782 juris

1113 1786 1252 1817 dicundi
1268 1795 1381 1817 causa.
1404 1785 1473 1815 vid.
1485 1785 1603 1816 Festus
1620 1783 1655 1814 in
1671 1783 1706 1814 h.
1717 1793 1750 1812 v.

1072 1830 1242 1870 Proeferre
1279 1839 1312 1860 se
1345 1830 1459 1865 alicui,
1489 1826 1708 1868 praestantius
1739 1830 1774 1857 et

1114 1873 1232 1904 fortius
1246 1883 1279 1903 se
1293 1882 1421 1913 gerere,
1446 1874 1478 1909 2,
1491 1873 1532 1901 27

1071 1917 1324 1955 Ρναῆβιιιίἱσὶιωη,
1347 1914 1388 1945 C.
1402 1918 1434 1952 2,
1451 1917 1491 1945 32

1071 1960 1309 1995 Proemetuere,
1331 1960 1363 1994 7,
1379 1960 1419 1989 49

1072 2003 1326 2043 Praeoccupare,
1349 2003 1379 2039 6,
1397 2003 1451 2033 41.
1477 2003 1508 2039 7,
1523 2002 1578 2033 26.
1615 2000 1652 2032 C.
1670 2003 1703 2039 2,
1721 2001 1772 2031 17.

1115 2048 1169 2083 34,
1186 2049 1239 2076 42.
1264 2047 1303 2076 A.
1321 2048 1354 2084 4,
1369 2046 1410 2075 63

1072 2090 1281 2130 Proeoptare,
1304 2088 1416 2125 malle,
1441 2090 1470 2126 1,
1484 2091 1526 2119 25

1072 2133 1288 2175 PraepHatus,
1311 2133 1364 2163 Af.
1381 2134 1421 2162 72

1072 2177 1255 2217 Praerupta
1269 2179 1360 2217 ripa,
1385 2177 1415 2212 6,
1431 2177 1449 2205 7

1071 2220 1278 2261 Praescripte'o
1315 2220 1462 2257 honesta,
1499 2217 1671 2250 excusatio
1711 2216 1774 2248 ho-

1113 2269 1218 2301 nesta,
1242 2273 1363 2294 nomen
1379 2263 1568 2301 honestum,
1584 2262 1674 2302 quod
1691 2270 1775 2302 prae-

1114 2307 1237 2338 texitur
1249 2305 1461 2346 turpitudini,
1475 2306 1513 2337 C.
1531 2307 1562 2342 3,
1578 2306 1632 2337 32.
1659 2303 1773 2346 Vulgo

1113 2349 1372 2381 dicunttitulum
1391 2349 1569 2381 honestum

1072 2395 1250 2430 ProesIdin,
1287 2393 1465 2431 exercitus,
1503 2393 1546 2424 H.
1572 2393 1625 2423 27.
1662 2389 1772 2432 copiae

1112 2437 1310 2476 auxiliares,
1325 2439 1366 2468 A.
1381 2441 1434 2469 25.
1452 2436 1526 2477 ipsa
1539 2435 1641 2472 acies,
1656 2434 1700 2465 H.
1717 2436 1771 2465 30.

1111 2486 1229 2519 castra,
1243 2481 1296 2512 At.
1318 2482 1367 2511 17.
1388 2483 1437 2511 18.
1461 2481 1505 2511 H.
1522 2482 1563 2511 23
1578 2479 1635 2510 fin.
1682 2477 1770 2509 Hinc

1112 2527 1149 2556 in
1166 2525 1333 2566 praesidiis·
1361 2523 1494 2563 (castris
1515 2521 1683 2560 exercitu)
1707 2522 1772 2552 ali-

1112 2571 1206 2608 cujzoe
1231 2578 1309 2606 esse,
1334 2569 1373 2598 A.
1398 2570 1451 2598 23.
1478 2568 1530 2598 33.
1575 2566 1686 2597 Locus
1709 2563 1770 2596 ubi

1113 2611 1307 2651 praesidium
1337 2611 1536 2648 collocatur,
1567 2611 1597 2648 6,
1629 2610 1683 2646 33,
1716 2609 1769 2639 34.

1112 2655 1150 2686 C.
1182 2657 1213 2694 3,
1242 2658 1295 2692 45,
1326 2657 1379 2685 49.
1406 2654 1559 2695 praesidio
1583 2654 1771 2689 literarum,

1111 2698 1218 2729 literis
1249 2709 1273 2729 s.
1297 2697 1466 2739 scriptura,
1494 2708 1571 2739 quae
1596 2693 1768 2727 memoriae

1110 2748 1161 2773 est
1176 2742 1381 2782 adjumento,
1402 2751 1443 2773 ne
1459 2740 1575 2773 omnia
1590 2737 1769 2771 ediscenda

1111 2786 1190 2822 sint,
1216 2787 1245 2823 6,
1263 2787 1313 2816 14.
1333 2784 1530 2826 praesidium
1560 2784 1623 2815 sibi
1650 2784 1772 2824 &apere

1104 2830 1206 2871 fuya,
1231 2830 1312 2869 t'uga
1336 2829 1477 2861 salutem
1501 2832 1626 2870 petere,
1648 2824 1694 2858 Η.
1711 2827 1767 2856 38.
