1946 3261
263 185 346 227 556
606 182 688 224 DE
722 180 921 222 BELLO
958 178 1380 221 HlSPANlENSI.

261 323 396 365 quum
417 305 656 361 complures
676 302 1018 346 adversariorum
1040 317 1293 345 concursum
1326 302 1529 348 facerent,
1563 297 1728 356 equites

261 365 393 409 nostri
415 361 662 419 transgressi
691 361 894 403 interiore
916 360 1011 403 loco
1039 360 1301 402 adversarios
1328 359 1382 400 ad
1412 358 1574 399 vallum
1602 369 1728 411 agere

262 428 500 478 coeperunt.
565 419 649 469 Ita,
672 418 776 462 dum
796 418 991 476 cupidius
1012 419 1125 461 intra
1147 417 1340 476 praesidia
1362 416 1536 458 illorum
1553 413 1730 478 student

261 480 415 522 caedem
456 477 612 527 facere,
655 493 680 519 a
709 477 861 520 turmis
898 486 942 518 et
979 477 1062 519 levi
1099 485 1318 518 armatura
1357 474 1455 516 sunt
1495 470 1727 515 interclusa.

264 538 459 586 Quorum
489 535 566 577 nisi
599 551 762 578 summa
791 536 927 578 virtus
950 535 1112 586 fuisset,
1133 535 1221 576 vivi
1241 534 1358 592 capti
1378 541 1539 574 essent:
1570 546 1666 572 nam
1685 535 1731 570 et

261 594 494 637 munitione
514 593 703 651 praesidii
726 593 787 635 ita
808 593 1216 650 coangustabantur,
1248 601 1298 634 ut
1324 607 1468 649 eques,
1500 589 1640 648 spatio
1670 587 1732 629 in-

262 652 467 701 tercluso,
509 652 581 694 vix
608 668 651 694 se
687 651 920 694 defendere
952 661 1106 709 posset.
1171 651 1237 693 Ex
1266 650 1328 692 his
1355 659 1541 706 utroque
1578 660 1732 706 genere

263 725 420 769 pugnae
439 710 683 768 complures
704 718 803 752 sunt
825 709 1075 752 vulneribus
1096 709 1268 758 adfecti,
1300 709 1342 751 in
1363 708 1458 765 quis
1479 706 1606 748 etiam
1629 705 1732 748 Clo-

262 769 358 811 dius
377 768 584 825 Aquitius
603 784 612 809 ε
648 769 758 810 inter
779 784 887 824 quos
909 767 968 809 ita
989 768 1221 810 comminus
1241 777 1305 809 est
1327 774 1585 824 pugnatum,
1607 772 1658 806 ut
1679 777 1733 805 ex

262 826 432 876 nostris,
455 834 611 884 praeter
631 827 738 869 duos
762 826 1060 875 Centuriones,
1078 826 1132 867 sit
1153 841 1275 867 nemo
1294 820 1576 871 desideratus,
1594 821 1733 880 gloria

267 901 310 927 se
328 885 563 926 efferentes·

320 943 389 984 24.
427 942 603 985 Postero
625 941 693 984 die
714 942 770 983 ab
795 942 1007 984 Soricaria
1030 953 1316 1000 utrorumque
1334 956 1567 984 convenere
1585 939 1730 997 copiae.

268 1000 418 1044 Nostri
440 1000 610 1042 brachia
643 1001 798 1042 ducere
828 1010 1066 1058 coeperunt.
1133 1001 1364 1058 Pompeius
1391 1015 1524 1057 quum
1546 996 1733 1040 animad-

264 1066 472 1107 verteret,
515 1057 689 1099 castello
727 1075 769 1098 se
800 1059 968 1100 excludi
1007 1060 1209 1117 Aspavia,
1243 1059 1362 1116 quod
1398 1066 1461 1100 est
1494 1057 1550 1099 ab
1587 1055 1734 1099 Ucubi

265 1117 379 1159 milia
400 1132 598 1174 passuum
624 1115 680 1164 V,
713 1115 800 1158 haec
822 1132 887 1158 res
916 1117 1151 1159 necessario
1170 1117 1425 1165 devocabat,
1462 1124 1510 1158 ut
1533 1114 1588 1156 ad
1610 1114 1732 1157 dimi-

265 1175 446 1217 candum
470 1173 770 1215 descenderet:
802 1190 940 1231 neque
962 1184 1104 1218 tamen
1125 1191 1248 1232 aequo
1273 1175 1367 1217 loco
1389 1175 1451 1216 sui
1475 1181 1733 1231 potestatem

264 1233 466 1280 faciebat,
497 1232 571 1273 sed
600 1247 653 1273 ex
683 1248 836 1290 grumo
864 1233 1079 1275 excelsum
1110 1234 1325 1275 tumulum
1352 1232 1568 1290 capiebat,
1598 1246 1733 1287 usque

265 1307 332 1339 eo,
356 1299 405 1332 ut
425 1290 659 1332 necessario
678 1300 909 1348 cogeretur
931 1292 1121 1348 iniquum
1143 1291 1283 1333 locum
1305 1291 1463 1332 subire.
1513 1290 1613 1338 Quo
1635 1288 1730 1346 [de]

263 1349 395 1397 facto,
419 1363 554 1404 quum
585 1357 870 1406 utrorumque
900 1350 1034 1407 copiae
1061 1349 1276 1391 tumulum
1304 1348 1581 1391 excellentem
1607 1347 1733 1406 petis-

263 1414 372 1455 sent,
442 1405 616 1448 rohibiti
642 1422 667 1447 a
696 1407 850 1448 nostris
877 1417 990 1456 sunt,
1013 1408 1255 1464 dejectique
1285 1407 1475 1464 planitie.
1540 1406 1646 1455 Quae
1666 1421 1733 1449 res

263 1421 497 1506 secundixm
516 1465 668 1507 nostris
690 1465 898 1507 efficiebat
916 1466 1130 1522 proelium.
1196 1466 1399 1521 Undique
1422 1473 1567 1507 autem
1584 1464 1733 1507 ceden-

265 1523 382 1566 tibus
399 1523 664 1571 adversariis,
691 1523 821 1565 nostri
843 1539 995 1578 magna
1016 1525 1057 1566 in
1079 1525 1188 1566 crede
1212 1524 1509 1565 versabantur.
1564 1523 1732 1572 Quibus

264 1596 400 1629 monS‚
422 1596 505 1622 non
526 1581 676 1632 virtus,
703 1581 832 1623 saluti
862 1583 965 1623 fuit:
1000 1598 1086 1639 quo
1116 1582 1302 1625 subsidio
1332 1591 1451 1628 tunc,
1484 1581 1561 1623 nisi
1587 1581 1733 1624 adves·
1793 1630 1795 1632 ‚

263 1647 467 1696 perasset,
490 1655 514 1680 a
535 1638 807 1696 paucioribus
828 1640 982 1682 nostris
997 1641 1195 1695 omnique
1214 1640 1373 1683 auxilio
1393 1639 1549 1698 privati
1570 1649 1730 1683 essent:

265 1713 362 1739 nam
380 1696 628 1739 ceciderunt
649 1713 701 1739 ex
723 1697 805 1739 levi
835 1707 1055 1740 armatura
1074 1698 1393 1746 CCCXXIIlI,
1416 1713 1468 1740 ex
1493 1698 1732 1756 legionariis

266 1753 562 1804 CXXXVIII,
586 1765 877 1813 praeterquam
890 1772 1082 1822 'quorum
1104 1773 1221 1799 arma
1237 1766 1279 1799 et
1297 1756 1434 1814 spolio
1450 1765 1549 1799 sunt
1569 1756 1731 1806 adlata,

263 1813 324 1855 ita
346 1813 483 1871 pridie
496 1812 695 1913 lduorum
718 1813 1033 1856 Centurionum
1066 1815 1256 1857 interitio
1290 1813 1367 1856 hac
1389 1814 1730 1858 adversariorum

266 1886 392 1928 poena
412 1879 476 1913 est
514 1871 634 1914 itata.

266 2033 320 2073 jus
352 2032 430 2064 libri
467 2032 726 2074 conruptionem
757 2038 791 2064 et
818 2034 966 2075 permiti·
1036 2035 1130 2066 bium
1160 2042 1222 2069 est.
1250 2036 1332 2077 quia
1363 2046 1480 2068 omnes
1508 2037 1596 2068 Oud.
1634 2039 1733 2070 codd.

268 2086 370 2117 quam
387 2083 540 2116 arguunt.
570 2079 617 2108 M.
1036 2079 1184 2111 habent:
1209 2091 1273 2111 mm
1290 2091 1412 2121 par-nm
1435 2092 1561 2123 mnyna
1574 2098 1628 2112 —.
1644 2083 1733 2125 Ergo

317 2120 476 2152 Inter-iore
500 2122 580 2152 loco.
622 2121 788 2159 Fortasse,
815 2132 856 2153 em
887 2121 966 2162 inse·
1035 2123 1198 2163 legerim:
1260 2125 1342 2155 I'ml.
1372 2136 1391 2155 a
1421 2126 1488 2156 ced.
1520 2125 1733 2165 mirer-soriis,

272 2165 357 2195 rin‘re
373 2164 452 2195 Ioco.
481 2165 531 2194 M.
1034 2177 1099 2197 mm
1123 2178 1248 2207 par-mn
1262 2178 1389 2206 maqna
1412 2170 1447 2199 in
1464 2180 1489 2199 c.
1517 2169 1734 2203 versabantur

319 2207 344 2237 A
362 2209 490 2238 turmis.
521 2207 575 2238 Sic
591 2208 690 2238 codd.
712 2207 777 2238 Alii
794 2213 824 2239 et
839 2211 966 2239 onmis.
1035 2211 1229 2247 (adversarii
1267 2211 1506 2251 metiebantur).
1527 2213 1646 2253 quibus
1675 2230 1729 2246 -.

320 2251 431 2291 Eques
439 2255 604 2291 -posseh
632 2251 700 2282 Alii
712 2253 833 2292 equites
844 2264 968 2294 —pos-
1035 2254 1186 2294 Syntazis
1200 2266 1271 2286 esse
1285 2254 1445 2293 debebat,
1456 2256 1601 2286 cedentes
1613 2257 1731 2289 adrer-

271 2299 352 2325 sent.

319 2338 486 2378 Aquilius.
510 2337 775 2378 AltiArquitiux.
797 2339 967 2379 Aqm‘rius.

325 2383 554 2421 Utrornmque.
582 2380 649 2412 Alii
664 2386 826 2422 utraeque.

322 2425 521 2456 Der-aeabat.
560 2425 607 2456 Ita
631 2423 708 2455 libri
732 2423 823 2456 boni.
845 2425 970 2465 Vulgo.

274 2469 423 2500 vocabat.
449 2469 497 2498 M.
537 2468 591 2499 Sic
612 2469 787 2500 Pliraedrus
808 2470 836 2505 1,
857 2472 911 2499 20.
936 2469 967 2500 in

275 2523 309 2543 re
329 2511 516 2552 periculosa
530 2517 646 2552 aptum
662 2512 811 2543 verbum.

324 2557 462 2586 Grumn.
510 2555 550 2586 V.
565 2562 633 2586 not.
648 2556 690 2586 ad
707 2566 736 2586 c.
754 2558 785 2586 8.

324 2600 480 2629 Planina.
542 2601 591 2630 An
633 2599 739 2640 prisca
770 2599 873 2630 forma
909 2610 966 2639 pro

271 2643 450 2682 planitiei?
476 2642 508 2672 h.
523 2654 553 2673 e.
580 2641 611 2673 in
639 2643 824 2683 planitiem.
871 2642 966 2673 Certe

277 2685 331 2716 hic
348 2690 396 2715 est
410 2695 535 2717 sensus.
565 2686 724 2718 Davisius
744 2687 892 2727 plnnite'ae
910 2697 967 2717 eo-

276 2729 350 2759 dem
377 2738 472 2759 sensu
499 2729 628 2761 maluit.
664 2731 713 2761 M.
758 2730 801 2761 Ut
828 2729 920 2771 Virg.
945 2732 967 2762 it

274 2774 503 2803 clamorcoelo.
544 2774 602 2812 Cf.
617 2784 648 2805 c.
669 2775 705 2804 13
719 2779 751 2805 et
771 2776 817 2804 16.

322 2815 432 2848 Nostri
442 2827 582 2859 magna.
629 2817 778 2849 Verbum
793 2819 897 2849 nostri
908 2817 968 2848 du-

1034 2299 1364 2330 saziirerxahnneur:
1387 2299 1442 2329 sed
1458 2309 1546 2340 saepe
1568 2298 1615 2329 sic
1637 2300 1731 2332 abla-

1037 2341 1098 2371 tivi
1129 2342 1284 2373 absolute
1314 2349 1492 2382 ponuntur,
1516 2350 1552 2374 ut
1577 2342 1611 2372 h.
1635 2344 1671 2381 1.‚
1698 2351 1731 2377 et

1039 2385 1163 2426 passim
1180 2392 1377 2416 monuerunt
1395 2386 1598 2428 interpretes.
1636 2388 1684 2420 M.

1084 2430 1208 2463 Quibus
1224 2439 1325 2459 mons.
1372 2430 1555 2471 Glandorp.
1567 2435 1601 2460 et
1615 2431 1730 2463 Godu-

1038 2471 1110 2503 inus
1124 2473 1251 2503 malunt
1267 2473 1331 2511 leg.
1360 2474 1525 2506 Hostibus.

1084 2516 1245 2557 Omnique
1280 2518 1416 2548 «rutilio.
1475 2518 1555 2549 nave
1591 2518 1730 2551 delenda

1037 2565 1122 2590 sunt.
1148 2560 1197 2590 JI.

1083 2604 1321 2645 l’raete-rquam.
1370 2603 1438 2635 Alii
1464 2609 1596 2645 praeter.
1624 2611 1660 2637 ut
1687 2606 1728 2639 G.

1041 2649 1068 2678 l,
1086 2650 1114 2676 ἦ.

1082 2690 1301 2721 Ιηιρνίιίηηωη
1319 2690 1405 2722 dixit
1417 2691 1518 2723 etiam
1530 2691 1606 2723 Cic.
1635 2693 1728 2726 Verr-

1035 2736 1067 2767 3.
1083 2738 1135 2764 52.
1162 2734 1336 2772 Legerim:
1363 2737 1410 2766 ira
1431 2735 1727 2777 pritle'efurmduo·

1035 2788 1109 2808 rum.
1131 2779 1220 2810 Cent.
1234 2780 1292 2810 in!-
1307 2795 1361 2811 -.
1378 2779 1425 2810 J!-

1934 447 1935 450 „
1918 277 1934 424 3-..1-2-2
1926 219 1932 251 ,⁴
1922 180 1925 188 -
