1946 3261
281 223 364 266 576
721 221 773 264 C.
805 217 970 265 JULIl
1004 218 1285 264 CAESARIS

282 354 401 396 runt,
432 358 570 402 neque
599 342 826 388 victoriam
843 345 1007 389 diutius
1037 354 1194 395 tenere,
1225 350 1380 402 praeter
1409 357 1543 387 unum
1565 343 1615 386 L.
1642 344 1740 388 Sul-

281 406 382 453 lam,
402 418 530 459 quem
549 402 797 446 imitaturus
828 419 911 446 non
931 420 1024 446 sum
1045 403 1132 446 haec
1152 418 1261 446 nova
1290 402 1344 444 sit
1376 403 1487 445 ratio
1515 402 1737 444 vincendi:

281 471 334 503 ut
362 461 649 503 misericordia
676 470 722 504 et
750 462 1007 505 liberalitate
1025 477 1101 504 nos
1129 461 1379 504 muniamus.
1409 461 1452 503 id
1470 460 1742 517 quemadmo-

281 519 382 561 dum
400 517 490 560 fieri
510 519 660 576 possit,
683 520 891 563 nonnulla
909 519 1011 562 mihi
1031 520 1073 561 in
1094 528 1279 561 mentem
1298 518 1478 561 veniunt
1495 534 1505 565 ;
1541 525 1587 560 et
1604 517 1744 560 multa

280 575 458 633 reperiri
482 585 674 633 possunt.
737 578 805 621 De
835 577 899 620 his
931 578 1076 626 rebus,
1108 592 1213 634 rogo
1243 592 1332 626 vos,
1365 584 1416 618 ut
1437 575 1742 634 cogitationem

281 633 533 690 suscipiatis.
599 636 678 677 Cn.
703 635 916 693 Magium,
947 635 1141 692 Pompeii
1163 635 1432 683 Praefectum,
1451 633 1737 692 deprehendi:

280 691 441 733 scilicet
464 708 558 734 meo
582 691 782 735 instituto
806 709 907 734 usus
936 709 1030 735 sum
1061 701 1105 734 et
1133 709 1233 735 eum
1267 693 1411 734 statim
1441 692 1613 734 missum
1643 691 1737 733 feci.

279 748 381 791 Jam
419 748 505 791 duo
547 750 743 793 Praefecti
784 751 953 793 fabrum
993 750 1186 808 Pompeii
1224 751 1267 792 in
1305 766 1442 792 meam
1482 757 1741 808 potestatem

280 815 490 849 venerunt
518 816 562 849 et
581 823 604 849 a
624 824 689 850 me
711 809 822 850 missi
844 818 956 850 sunt.
988 809 1019 850 si
1046 810 1194 850 volent
1231 808 1343 865 grati
1379 824 1481 859 esse,
1518 807 1743 850 debebunt

283 864 535 922 Pompeium
556 865 738 916 hortari,
770 874 822 908 ut
850 866 973 908 malit
996 866 1099 908 mihi
1124 882 1212 907 esse
1230 866 1405 915 amicus,
1427 880 1558 922 quam
1577 865 1641 915 iis,
1662 865 1739 921 qui

244 929 248 934 ’
279 930 325 963 et
345 923 408 964 illi
427 931 472 965 et
503 923 605 965 mihi
626 940 789 982 semper
811 925 988 966 fuerunt
1008 923 1279 966 inimicissimi
1299 939 1308 964 :
1342 938 1527 980 quorum
1552 921 1741 964 artificiis

276 980 476 1080 Zg'ecium
505 989 598 1081 {sug
614 991 664 1024 ut
687 982 820 1040 Resp.
843 984 885 1024 in
903 982 1016 1025 hunc
1049 990 1209 1024 statum
1238 981 1630 1039 pervenirem—Ea?
1650 980 1740 1023 Cic.

331 1067 334 1073 ι
400 1045 486 1081 ttzc.
512 1070 519 1079 .
541 1071 552 1090 ,
605 1073 613 1082 .

404 1137 519 1212 (ξΐὲτῦ.
547 1142 575 1177 1,
599 1143 652 1177 23,
676 1142 728 1171 24.
794 1139 929 1171 Mentio
958 1149 1093 1180 quoque
1123 1139 1222 1180 hujus
1248 1138 1398 1181 epistolae
1424 1139 1460 1172 fit
1486 1139 1576 1180 apud
1604 1138 1739 1170 Celsum

368 1192 433 1222 p..
486 1204 494 1212 .
1136 1216 1139 1218 ,

511 1289 731 1332 CAESAR
763 1290 951 1333 OPPIO
984 1291 1061 1334 ET
1095 1290 1417 1334 CORNELIO
1452 1292 1499 1333 S.

281 1381 335 1422 A.
371 1379 428 1421 D.
467 1380 570 1423 VII.
610 1381 679 1423 ID.
726 1381 886 1425 MART.
934 1383 1253 1425 BRUNDcsmM
1297 1382 1418 1425 veni:
1473 1381 1527 1424 ad
1571 1396 1741 1424 murum

277 1447 416 1481 castra
451 1439 583 1496 posui.
654 1440 878 1497 Pompeius
914 1450 977 1483 est
1011 1441 1266 1483 Brundusii:
1313 1441 1426 1483 misit
1461 1440 1515 1483 ad
1545 1455 1612 1481 me
1655 1440 1736 1482 Cn.

281 1496 480 1554 Magium
515 1498 568 1539 de
600 1513 718 1555 pace.
740 1514 846 1555 „quae
874 1499 961 1541 visa
993 1508 1108 1548 sunt,
1143 1499 1356 1557 respondi.
1391 1498 1469 1540 hoc
1502 1513 1575 1540 vos
1595 1498 1742 1540 statim

279 1554 384 1596 scire
406 1555 539 1597 volui.
604 1556 751 1605 Quum
771 1557 812 1598 in
834 1572 952 1614 spem
973 1572 1145 1606 venero,
1175 1557 1228 1599 de
1251 1556 1556 1614 compositione
1580 1555 1746 1613 aliquid

278 1627 344 1710 gie
360 1612 585 1713 pgnficere,
611 1614 757 1656 statim
788 1629 862 1656 vos
881 1615 1083 1658 certiores
1103 1615 1402 1659 faciam—Ea·
1424 1614 1509 1657 Cic.
1534 1614 1591 1656 ad
1610 1613 1744 1657 Attio.

284 1702 289 1709 .
312 1701 322 1719 ‚
383 1698 389 1707 .
414 1704 423 1713 .

414 1770 527 1802 Habet
537 1776 571 1803 et
583 1771 703 1803 Celsus
718 1783 752 1813 p.
770 1775 841 1804 188.

343 1903 410 1946 De
436 1905 601 1947 Caesare
623 1905 796 1962 fugerat
823 1920 889 1947 me
910 1905 964 1947 ad
995 1913 1038 1946 te
1059 1905 1260 1948 scribere.
1325 1906 1464 1949 Video
1486 1906 1613 1955 enim,
1641 1920 1745 1963 quas

283 1969 330 2003 tu
352 1962 516 2004 litteras
536 1963 806 2020 exspectaris.
872 1963 959 2004 Sed
981 1963 1050 2005 ille
1072 1965 1243 2021 scripsit
1263 1964 1316 2006 ad
1339 1964 1541 2013 Balbum,
1570 1965 1743 2006 fascicu-

281 2019 370 2062 lum
392 2020 513 2062 illum
533 2021 825 2078 epistolarum,
849 2021 891 2062 in
913 2036 998 2077 quo
1021 2023 1159 2063 fuerat
1181 2032 1224 2063 et
1242 2039 1351 2071 mea,
1374 2031 1418 2064 et
1438 2022 1581 2071 Balbi,
1605 2030 1747 2065 totum

282 2077 363 2119 sibi
385 2093 496 2135 aqua
516 2078 733 2120 madidum
754 2077 968 2120 redditum
991 2095 1096 2121 esse:
1132 2088 1182 2120 ut
1210 2096 1261 2122 ne
1283 2080 1391 2122 illud
1425 2081 1594 2138 quidem
1623 2081 1745 2128 sciat,

283 2148 420 2177 meam
441 2136 564 2177 fuisse
596 2136 785 2192 aliquam
815 2135 1049 2193 epistolam.
1075 2136 1148 2178 sed
1170 2154 1222 2179 ex
1246 2138 1371 2180 Balbi
1400 2138 1581 2197 epistola
1610 2152 1748 2196 pauca

282 2193 415 2234 verba
433 2193 717 2242 intellexerat,
739 2194 792 2235 ad
816 2210 910 2250 quae
931 2195 1146 2252 rescripsit
1168 2195 1231 2237 his
1253 2197 1413 2239 verbis:
1479 2204 1506 2222 ‘⁴
1531 2196 1598 2238 De
1625 2197 1744 2238 Cice-

288 2257 316 2275 ‘⁶
339 2266 441 2293 rone
463 2250 588 2293 video
610 2258 651 2292 te
680 2251 885 2307 quiddam
908 2253 1134 2309 scripsisse,
1168 2254 1287 2311 quod
1313 2270 1394 2312 ego
1416 2269 1501 2297 non
1523 2253 1711 2297 intellexi
1731 2268 1741 2294 ε

288 2312 314 2333 “
339 2317 550 2364 quantum
582 2318 725 2350 autem
762 2311 1007 2366 conjectura
1045 2312 1352 2369 consequebar‚
1397 2312 1439 2354 id
1475 2320 1566 2354 erat
1603 2311 1746 2369 hujus-

286 2372 314 2391 “
339 2365 469 2415 modi,
512 2375 563 2407 ut
602 2366 735 2422 magis
772 2368 1007 2423 optandum
1050 2384 1178 2425 quam
1211 2369 1467 2426 sperandum
1537 2371 1747 2412 utarem.’'

285 2423 437 2480 Itaque
460 2433 606 2481 postea
633 2423 725 2465 misi
751 2424 805 2465 ad
831 2426 1040 2467 Caesarem
1071 2426 1217 2468 eodem
1245 2427 1319 2469 illo
1346 2443 1498 2485 exemp
1516 2444 1542 2470 o
1561 2427 1741 2469 litteras.

284 2481 312 2522 J
317 2496 438 2523 ocum
455 2490 598 2523 autem
618 2481 731 2523 illius
746 2481 798 2523 de
813 2498 887 2523 sua
902 2493 1090 2541 egestate
1111 2499 1163 2526 ne
1179 2485 1232 2527 sis
1249 2495 1513 2544 aspernatuS‚
1530 2484 1747 2528 εἴα-ΕΦ

285 2538 372 2582 Cic.
395 2539 451 2582 ad
473 2538 681 2587 Quintum
691 2539 756 2598 fr.
779 2539 821 2589 2,
850 2540 912 2581 12.

345 2660 465 2703 Libri
485 2668 584 2703 sunt
603 2660 882 2719 epistolarum
904 2661 955 2703 C.
982 2663 1158 2705 Caesaris
1178 2663 1233 2705 ad
1258 2664 1309 2706 C.
1347 2664 1543 2721 Oppium
1573 2672 1617 2706 et
1647 2662 1743 2706 Bal-

285 2718 390 2759 bum
413 2719 671 2768 Cornelium,
701 2720 864 2776 quires
885 2720 974 2775 ejus
1007 2721 1191 2763 absentis
1223 2721 1446 2763 curabant.
1480 2722 1521 2762 in
1542 2721 1606 2763 his
1636 2721 1744 2778 epis-

286 2776 384 2817 tolis
405 2775 662 2833 quibusdam
692 2776 734 2818 in
767 2777 868 2819 locis
894 2777 1165 2820 inveniuntur
1193 2778 1348 2821 litterae
1375 2778 1636 2836 singulariae,
1657 2778 1744 2819 sine

284 2834 544 2891 coagmentis
564 2834 841 2892 syllabarum,
861 2851 966 2892 quas
987 2845 1034 2879 tu
1056 2845 1180 2896 putes
1208 2837 1366 2895 positas
1387 2836 1617 2881 incondite.
1645 2851 1743 2880 nam
