1946 3261
209 160 267 205 70
610 154 694 199 DE
727 149 929 200 BELLO
963 147 1258 197 GALLICO.

206 295 342 331 ternae
362 297 489 327 naves
509 279 899 324 circumsteterant,
931 271 1090 316 milites
1122 288 1286 315 summa
1305 272 1348 315 vi
1371 268 1676 323 transcendere

205 346 249 389 in
286 343 472 387 hostium
509 350 634 378 naves
669 331 1003 375 contendebant.
1066 330 1199 381 Quod
1268 339 1466 389 ostquam
1501 326 1680 373 barbari

206 403 302 447 fieri
314 395 729 444 animadverterunt,
743 389 1003 448 expugnatis
1019 347 1318 446 complurissus
1331 389 1526 437 navibus,
1544 401 1681 445 quum

208 463 248 506 ei
270 460 332 503 rei
355 453 521 498 nullum
540 449 812 507 reperiretur
833 447 1059 496 auxilium,
1081 447 1186 505 fuga
1203 446 1388 489 salutem
1410 456 1562 505 petere
1583 459 1682 488 cou-

206 517 464 563 tenderunt;
495 524 545 552 ac
573 508 662 566 jam
690 507 904 550 conversis
945 505 988 547 in
1032 521 1125 548 eam
1159 513 1331 563 partem
1365 504 1563 554 navibus,
1595 519 1684 561 quo

208 571 360 622 ventus
378 568 563 618 ferebat,
582 574 703 610 tanta
731 565 876 609 subito
895 564 1073 606 malacia
1104 580 1152 607 ac
1181 563 1473 621 tranquillitas
1499 560 1683 611 exstitit,

207 643 258 679 ut
292 648 335 674 se
367 645 420 672 ex
452 627 548 671 loco
580 641 756 668 movere
796 639 879 666 non
913 631 1102 682 possent.
1166 622 1273 672 Quae
1305 621 1484 680 quidem
1520 637 1587 665 res
1627 619 1683 668 ad

208 689 437 751 negotium
459 684 774 730 conficiendum
795 681 976 726 maxime
1007 681 1093 724 fuit
1114 690 1388 740 opportuna:
1423 696 1520 723 nam
1538 681 1683 738 singu-

203 751 266 796 las
298 747 433 792 nostri
465 743 699 789 consectati
729 748 1108 801 expugnaverunt,
1143 749 1193 782 ut
1226 756 1456 799 perpaucae
1487 755 1540 782 ex
1570 737 1686 782 omni

207 823 405 856 numero,
428 804 565 848 noctis
584 803 850 851 interventu,
884 800 939 844 ad
962 809 1124 842 terram
1154 799 1448 858 pervenerint,
1474 812 1612 855 quum
1629 796 1688 840 ab

207 869 315 914 hora
332 867 422 909 fere
444 872 602 922 quarta
623 878 759 919 usque
781 860 835 903 ad
855 859 955 902 solis
972 874 1166 902 occasum
1190 866 1479 916 pugnaretur.

273 926 338 969 16.
374 925 474 974 Quo
497 921 654 981 proelio
676 920 842 964 bellum
865 919 1136 961 Venetorum
1159 917 1379 974 totiusque
1402 932 1489 959 orae
1509 913 1688 959 maritu-

207 1002 286 1030 moe
306 984 551 1028 confectum
569 989 647 1023 est.
699 979 829 1028 Nam,
852 993 988 1035 quum
1009 977 1144 1020 omnis
1162 976 1377 1031 inventus,
1398 989 1542 1018 omnes
1559 973 1689 1016 etiam

209 1042 422 1105 gravioris
449 1040 603 1090 aetatis,
626 1039 669 1081 in
690 1038 849 1097 quibus
869 1036 1035 1094 aliquid
1056 1033 1219 1079 consilii
1241 1044 1315 1076 aut
1343 1033 1570 1092 dignitatis
1590 1031 1689 1082 fuit,

208 1120 261 1149 eo
279 1107 594 1147 convenerant:
629 1106 739 1147 tum,
773 1096 946 1139 navium
973 1094 1092 1152 quod
1115 1094 1276 1151 ubique
1299 1093 1457 1141 fuerat,
1479 1106 1612 1134 unum
1646 1090 1690 1133 in

206 1162 351 1206 locum
392 1167 647 1219 coegerant:
701 1156 858 1214 quibus
891 1154 1065 1204 amissis,
1108 1152 1282 1210 reliqui,
1313 1162 1468 1208 ‘neque
1509 1165 1597 1207 quo
1646 1165 1691 1192 se

206 1221 471 1280 reciperent,
505 1233 644 1275 neque
664 1213 1028 1274 quemadmodum
1046 1211 1211 1278 oppida
1230 1209 1534 1258 defenderent,
1564 1207 1694 1252 habe-

207 1280 330 1323 bant.
394 1278 547 1336 Itaque
569 1293 611 1319 se
633 1291 792 1332 suaque
815 1273 956 1316 omnia
974 1272 1130 1314 Caesari
1162 1269 1442 1313 dediderunt.
1505 1266 1555 1312 In
1585 1281 1694 1322 quos

207 1355 259 1382 eo
277 1337 452 1397 gravius
482 1337 624 1380 Caesar
644 1331 950 1376 vindicandum
970 1330 1138 1378 statuit,
1155 1344 1242 1385 quo
1260 1325 1512 1385 diligentius
1532 1324 1575 1370 in
1595 1324 1695 1367 reli-

207 1413 341 1455 quum
363 1406 534 1454 tempus
566 1411 591 1436 a
619 1391 816 1436 barbaris
834 1391 901 1448 jus
927 1389 1173 1447 legatorum
1201 1393 1545 1430 conservaretur.
1608 1381 1694 1427 Ita-

207 1471 308 1513 que,
332 1453 448 1496 omni
487 1461 639 1495 senatu
670 1459 838 1499 necato,
877 1448 1065 1501 reliquos
1098 1446 1178 1489 sub
1199 1460 1358 1488 corona
1381 1442 1593 1486 vendidit.

274 1512 338 1555 17.
403 1509 523 1553 Dum
551 1507 639 1550 haec
662 1507 705 1549 in
734 1505 914 1548 Venetis
943 1513 1170 1561 geruntur,
1197 1506 1251 1551 Q.
1276 1502 1472 1546 Titurius
1508 1500 1695 1544 Sabinus

209 1586 307 1616 cum
325 1569 375 1612 iis
396 1567 548 1625 copiis,
583 1581 687 1621 quas
717 1581 742 1605 a
773 1564 941 1605 Caesare
963 1569 1207 1618 acceperat,
1243 1561 1286 1602 in
1308 1559 1410 1601 fines
1433 1559 1695 1605 Unellorum

210 1626 427 1688 pervenit.
494 1623 576 1667 His
596 1629 781 1680 praeerat
796 1619 1027 1663 Viridovix
1040 1636 1087 1661 ac
1105 1634 1310 1661 summam
1329 1617 1499 1676 imperii
1518 1617 1697 1660 tenebat

212 1702 362 1731 earum
381 1683 571 1729 omnium
590 1680 831 1728 civitatum,
860 1695 956 1735 quae
983 1677 1249 1727 defecerant,
1272 1693 1325 1718 ex
1355 1676 1511 1733 quibus
1533 1676 1695 1720 exerci-

211 1755 306 1790 tum
327 1756 587 1801 magnasque
617 1739 763 1797 copias
800 1745 1015 1795 coegerat.
1080 1737 1227 1793 Atque
1256 1735 1319 1777 his
1361 1734 1506 1793 paucis
1542 1734 1697 1778 diebus

214 1802 393 1848 Aulerci
424 1798 691 1844 Eburovices
712 1797 994 1853 Lexoviique,
1023 1804 1173 1837 senatu
1201 1811 1277 1837 suo
1307 1794 1555 1842 interfecto,
1576 1793 1695 1850 quod

213 1872 411 1906 auctores
448 1858 553 1902 belli
586 1873 672 1899 esse
702 1856 923 1904 nolebant,
965 1863 1112 1913 portas
1148 1853 1391 1896 clauserunt
1428 1868 1557 1909 seque
1597 1867 1696 1895 cum

217 1919 472 1964 Viridovice
491 1917 832 1974 conjunxerunt;
863 1929 1102 1973 magnaque
1134 1921 1343 1971 praetcrea
1362 1910 1598 1954 multitudo
1621 1926 1696 1952 un-

216 1980 347 2038 dique
367 1995 421 2021 ex
445 1975 591 2019 Gallia
620 1973 894 2033 perditorum
914 1972 1133 2015 hominum
1163 1971 1465 2027 latronumque
1489 1984 1697 2012 convene—

994 2119 1011 2147 7
1040 2074 1108 2103 διώ
1136 2083 1256 2103 corona
1288 2072 1443 2103 rumlidit.
1495 2070 1536 2103 V.
1567 2070 1699 2104 Gellius

1044 2119 1074 2147 4.

1017 2141 1026 2155 ’
1041 2160 1391 2200 Saluium—peneum.
1438 2158 1489 2189 Cf.
1507 2168 1537 2189 c.
1558 2160 1607 2189 ll.
1648 2159 1697 2190 M.

1041 2206 1174 2236 Aulerci
1194 2205 1402 2234 Eburovices.
1443 2203 1544 2234 Erant
1562 2201 1698 2234 Aulerci

216 2080 382 2122 expressit
428 2078 535 2110 verbo
582 2076 801 2111 καταβάλλειν.
875 2075 924 2105 Μ.

218 2126 333 2164 Quum
363 2122 502 2165 optimae
529 2121 731 2152 membranae
757 2118 926 2156 addicant,

219 2180 288 2204 non
318 2167 438 2200 dubito
476 2176 589 2197 veram
621 2163 800 2196 lectionem
831 2162 925 2207 resti-

221 2220 326 2246 tuere.

268 2258 574 2290 circumsteterant.
613 2252 661 2283 lta
679 2250 776 2282 MSS.
803 2257 836 2281 et
851 2251 927 2281 edd.

220 2308 290 2334 vet.
305 2299 446 2332 testibus
458 2295 600 2329 Clarkio
620 2302 654 2326 et
671 2294 759 2326 Oud.
816 2294 926 2335 Vulgo

221 2346 507 2379 circumcis-ierem.
556 2339 606 2370 M.

269 2389 435 2421 Malacia.
471 2383 563 2424 Sulp.
579 2384 722 2414 Severus
734 2381 826 2412 Dial.
850 2383 876 2412 l.
893 2392 926 2412 c.

225 2437 256 2466 4.
272 2433 447 2465 mollitiem
462 2430 569 2460 maris
586 2426 702 2458 reddit.

271 2479 478 2517 Opportuna.
534 2470 638 2503 Aliter
668 2469 786 2499 Florus
815 2471 846 2501 3.
877 2470 927 2499 10.

227 2523 260 2553 In
277 2526 390 2552 nostro
416 2518 493 2550 loco
517 2515 619 2546 codd.
641 2513 779 2554 qnidam
802 2512 929 2542 habent

227 2561 459 2603 maa-imaefm't
476 2559 725 2601 opportunitati.

260 2610 372 2643 ,Hora
394 2606 467 2646 fere
484 2608 620 2644 quarta.
661 2602 720 2632 Est
746 2605 858 2631 nostra
873 2599 930 2629 de-

226 2653 314 2685 cima
338 2647 615 2682 antemeridiana.
655 2645 709 2677 Cf.
725 2644 814 2676 dicta
839 2644 881 2674 ad
907 2644 931 2680 1,

228 2699 281 2728 26.
315 2697 362 2727 M.
409 2693 446 2723 Τό
463 2692 536 2732 fere
560 2702 577 2722 e
594 2690 696 2722 codd.
717 2695 750 2721 et
763 2687 839 2720 edd.
866 2695 932 2717 vet.

228 2739 374 2773 restituit
391 2737 480 2769 Oud.

276 2784 411 2815 Bellum
419 2779 645 2817 ——confectum
660 2782 718 2809 est.
750 2773 937 2815 Descripsit

232 2827 294 2859 has
310 2837 362 2858 res
380 2824 444 2856 Dio
462 2823 556 2856 Cass.
575 2823 628 2859 39,
643 2822 785 2854 ‘to-44.
817 2818 936 2860 Attign

233 2870 352 2905 Strabo
369 2870 401 2901 4.
419 2879 452 2910 p.
475 2869 546 2906 194,
567 2868 640 2898 195.
657 2866 707 2899 M.

994 2249 1138 2280 duorum
1156 2257 1327 2285 generum,
1353 2246 1567 2278 Eburovices
1581 2253 1613 2277 et
1635 2245 1700 2277 Ce-

993 2292 1143 2325 nomani,
1158 2292 1283 2332 quibus
1293 2289 1581 2332 quidaint‹·r1iuni
1594 2300 1702 2331 genus

994 2337 1130 2368 addunt.
1149 2335 1350 2366 Diablintes.
1391 2334 1535 2365 Plin.l{.
1551 2334 1632 2368 NA.
1652 2336 1702 2373 18,

997 2383 1049 2411 32.
1077 2381 1224 2416 Aulerci,
1239 2381 1297 2420 qm'
1312 2380 1593 2417 eofflwmimrmm·
1611 2378 1704 2408 Ebu·

997 2427 1131 2460 ravit-oc,
1149 2429 1178 2453 et
1195 2426 1252 2464 qui
1271 2424 1464 2453 (numani.
1509 2420 1561 2452 Cf.
1581 2420 1702 2453 Ritteri

997 2468 1074 2500 hist.
1097 2467 1188 2499 Gan.
1218 2478 1248 2508 p.
1266 2467 1317 2496 79.
1352 2466 1400 2496 M.
1456 2465 1606 2501 Regulus
1629 2465 1704 2513 ejus

999 2511 1133 2554 populi,
1151 2511 1337 2545 litun-orn,
1365 2509 1465 2540 latere
1481 2509 1545 2540 sub
1563 2519 1703 2540 nomine

1001 2564 1129 2587 inavix
1160 2554 1290 2585 videtur
1323 2552 1503 2584 l‘‹·ll·3rinio
1523 2553 1605 2583 Rec.
1622 2552 1647 2583 1.
1666 2563 1700 2593 p.

999 2604 1051 2630 ¹23.
1076 2600 1128 2631 Cl'.
1142 2598 1270 2630 Ecknel
1290 2598 1330 2627 l).
1350 2597 1391 2628 N.
1411 2596 1451 2627 V.
1465 2596 1534 2628 vol.
1554 2599 1581 2627 l.
1597 2606 1631 2636 p.
1647 2597 1701 2626 78.

1001 2643 1146 2675 Nomina
1171 2643 1231 2674 ista
1256 2642 1444 2682 frequenter
1467 2640 1560 2671 exire
1590 2639 1621 2670 in
1644 2650 1704 2671 res

999 2688 1049 2719 vel
1063 2690 1129 2723 rim,
1138 2693 1227 2727 patet
1237 2697 1278 2717 ex
1295 2686 1490 2722 Dabam-01¹,
1503 2686 1707 2722 Dum-noris,

1004 2733 1190 2764 Ambiorix.
1225 2732 1409 2769 Orqatorioe,
1428 2734 1492 2759 etc.
1545 2726 1706 2757 Occurrit

1003 2782 1034 2807 ot
1051 2775 1081 2806 in
1107 2774 1215 2806 numis
1245 2775 1383 2812 Tomi-is
1394 2785 1408 2810 ,·
1432 2772 1488 2804 sed
1504 2771 1573 2802 alia
1590 2769 1701 2802 termi-

1004 2819 1075 2852 nari
1093 2819 1222 2859 syllaba
1240 2820 1310 2849 ru.
1323 2816 1467 2848 ostendit
1489 2815 1671 2846 ''ir-itioris.

1052 2865 1293 2895 Com-ormam.
1307 2861 1392 2892 bene
1408 2859 1457 2892 sic
1471 2858 1570 2890 codd.
1581 2863 1616 2890 et
1629 2859 1705 2891 edd.

1002 2912 1069 2939 vet.
1109 2906 1220 2948 Vulgo
1235 2909 1443 2938 convenerat.
