1946 3261
580 231 698 278 LIB.
733 228 769 277 1.
833 233 974 281 CAP.
1005 232 1199 278 21-23.
1554 232 1643 279 275

153 366 184 386 “
207 368 489 421 veteremque
507 361 743 407 amicitiam
764 369 1076 405 commemorat
1091 362 1358 422 Caesarisque
1380 363 1424 407 in
1444 378 1487 407 se
1506 362 1638 406 bene-

153 427 182 446 “
206 419 303 464 ficia
323 422 520 482 exponit,
558 439 657 481 quae
675 430 801 465 erant
832 419 1043 469 maxima;
1076 421 1198 478 quod
1225 437 1307 479 per
1344 434 1445 466 eum
1477 422 1522 465 in
1551 422 1640 466 col-

152 487 182 505 “
206 479 370 540 legium
406 481 666 524 Pontificum
694 488 889 530 venerat,
919 477 1039 537 quod
1073 479 1343 537 provinciam
1383 477 1642 539 Hispaniam

151 546 181 565 “
204 555 259 582 ex
284 540 483 584 Praetura
502 539 734 590 habuerat,
768 538 889 598 quod
922 539 966 581 in
987 536 1198 597 petitione
1219 537 1483 582 Consulatus
1506 539 1564 582 ab
1586 555 1638 584 eo

151 606 182 624 “
203 606 300 642 e'rat
339 598 637 642 sublevatus.’'
709 599 848 657 Cujus
884 598 1127 642 orationem
1169 597 1316 639 Caesar
1353 597 1607 658 interpellat
1627 614 1640 641 :

148 664 181 684 ‘⁶
204 674 248 702 se
275 673 363 700 non
390 656 589 700 maleficii
621 673 769 700 caussa
788 673 842 700 ex
862 656 1088 717 provincia
1109 671 1347 715 egressum,
1367 656 1442 699 sed
1464 658 1529 700 uti
1551 675 1594 701 se
1615 673 1644 702 a

150 724 181 743 ‘⁶
204 716 478 760 contumeliis
498 715 772 760 inimicorum
799 716 1078 766 defenderet;
1119 724 1170 758 ut
1188 714 1410 758 Tribunos
1431 715 1571 774 plebis
1592 733 1645 761 ea.

152 783 183 804 “
205 791 253 819 re
272 792 326 819 ex
346 775 528 819 civitate
549 776 753 835 expulsos
775 776 819 820 in
836 792 958 819 suam
985 774 1246 834 dignitatem
1274 773 1527 818 restitueret
1547 791 1558 824 ;
1589 783 1643 818 ut

152 843 181 862 “
203 851 247 878 se
267 844 312 878 et
337 835 558 894 Populum
579 834 843 886 Romanum,
882 851 1124 895 paucorum
1152 833 1343 877 factione
1369 833 1643 892 obpressum,

150 901 182 922 “
204 894 250 937 in
288 894 540 939 libertatem
572 894 865 938 vindicaretff’
938 895 1077 953 Cujus
1122 893 1318 938 oratione
1363 892 1645 937 confirmatus

152 953 382 1004 Lentulus,
405 955 471 997 uti
489 954 533 997 in
553 954 769 1014 oppidum
789 953 953 998 reverti
983 953 1129 1004 liceat,
1152 953 1292 1013 petit;
1324 951 1444 1011 quod
1475 951 1532 995 de
1567 967 1646 997 sua

148 1013 290 1057 salute
310 1013 616 1073 inpetraverit,
636 1014 728 1057 fore
751 1014 884 1057 etiam
902 1012 1084 1072 reliquis
1105 1013 1160 1056 ad
1176 1029 1299 1056 suam
1316 1027 1438 1072 spem
1458 1011 1612 1056 solatio
1627 1027 1641 1054 :

149 1072 256 1117 adeo
276 1090 364 1117 esse
383 1074 643 1133 perterritos
663 1073 912 1123 nonnullos,
936 1081 988 1115 ut
1008 1089 1097 1116 suae
1120 1073 1222 1118 vitae
1243 1072 1398 1116 durius
1418 1071 1646 1116 consulere

147 1141 377 1192 cogantur.
441 1133 577 1176 Facta
598 1141 817 1192 potestate
833 1132 1032 1176 discedit.

211 1192 282 1235 23.
318 1193 479 1243 Caesar,
516 1193 595 1236 ubi
625 1192 801 1242 inluxit,
835 1208 980 1236 omnes
1022 1193 1254 1235 Senatores
1291 1192 1649 1250 Senatorumque

151 1251 560 1302 liberos‚T1-ibunos
577 1251 767 1295 militum
788 1251 1062 1310 Equitesque
1081 1250 1301 1295 Romanos
1319 1251 1375 1294 ad
1395 1266 1440 1295 se
1459 1249 1651 1310 produci

146 1311 290 1369 jubet.

155 1370 384 1429 Spinther,
437 1369 489 1412 L.
530 1369 756 1414 Vibullius
803 1369 962 1420 Rufus,
1017 1371 1119 1413 Sex.
1167 1369 1434 1419 Quinctilius
1484 1369 1647 1420 Varus,

354 1311 496 1354 Erant
533 1311 751 1354 Senatorii
782 1311 947 1354 ordinis
982 1311 1034 1354 L.
1069 1310 1308 1361 Domitius,
1344 1310 1394 1353 P.
1431 1309 1650 1353 Lentulus
1714 1325 1716 1328 ·

155 1429 374 1479 Quaestor,
399 1429 451 1472 L.
476 1428 703 1473 Rubrius:
739 1436 953 1488 praeterea
974 1428 1089 1471 filius
1119 1428 1305 1471 Domitii
1338 1428 1498 1486 aliique
1532 1443 1651 1472 com-

153 1488 303 1547 plures
324 1489 616 1532 adolescentes
642 1496 687 1531 et
715 1504 898 1546 magnus
932 1503 1138 1531 numerus
1176 1487 1393 1589 Eqsslitum
1428 1487 1649 1530 Romano-

153 1564 253 1590 rum
284 1556 329 1591 et
357 1548 674 1598 Decurionum,
708 1563 818 1606 quos
855 1563 908 1590 ex
946 1546 1196 1605 municipiis

359 1607 453 1651 Hos
491 1623 638 1650 omnes
675 1606 919 1665 productos
958 1622 983 1648 a
1006 1605 1280 1649 contumeliis
1319 1605 1510 1648 militum
1548 1621 1650 1650 con-

154 1616 292 1650 verat.

1280 1547 1455 1589 omitius
1493 1562 1648 1590 evoca·

153 1666 361 1725 viciisque
384 1665 623 1725 prohibet:
659 1681 800 1724 pauca
835 1663 956 1724 apud
987 1681 1060 1707 eos
1091 1664 1311 1721 loquitur,
1350 1663 1472 1723 quod
1506 1663 1590 1707 sibi
1619 1680 1649 1708 a.

154 1734 280 1784 parte
296 1741 449 1769 eorum
472 1726 617 1781 gratia
638 1724 778 1768 relata
811 1739 896 1768 non
931 1723 987 1767 sit
1020 1739 1102 1782 pro
1138 1723 1226 1766 suis
1266 1723 1310 1766 in
1344 1739 1416 1765 eos
1453 1723 1649 1767 maximis

153 1784 384 1829 beneficiis.

159 1912 236 1953 (ubi
246 1912 491 1954 vid.Gronov.)
503 1912 666 1945 defendit.
681 1913 774 1954 Ergo
788 1912 867 1944 vul-

156 1964 274 1998 gatum
292 1960 364 1998 aqit
380 1969 441 2000 pro
459 1963 533 1991 orat
547 1964 599 1990 est
614 1968 657 1989 ex
674 1957 867 1988 emendati-

158 2012 235 2032 one.
253 2002 297 2033 Et
307 2003 451 2034 fortasse
463 2009 572 2034 totum
590 2002 689 2041 illud,
702 2002 742 2034 de
757 2003 866 2034 salute

156 2056 221 2078 sua
250 2049 333 2088 aqit,
362 2052 414 2078 est
443 2046 793 2089 interpretamentum,
832 2050 868 2076 et

158 2089 269 2122 Caesar
296 2090 499 2132 simpliciter
529 2091 684 2133 scripsit:
722 2101 799 2122 cum
829 2101 866 2122 eo

158 2140 234 2167 orat
261 2140 362 2176 atque
389 2136 537 2167 obsecrat
552 2149 561 2167 .·
594 2135 623 2166 si
654 2134 769 2166 simile
801 2134 866 2166 erit

159 2178 224 2210 hoc
241 2179 410 2220 exemplis
422 2179 515 2211 aliis.
533 2181 582 2211 M.
614 2179 709 2211 Adde
725 2178 867 2211 Terent.

160 2223 247 2254 Hec.
273 2226 304 2259 4.
331 2226 363 2262 4,
390 2225 443 2255 64.
488 2224 636 2256 Bentlei.
664 2224 867 2256 servandum

159 2273 256 2308 putat
270 2270 352 2310 aqit,
362 2273 435 2300 orat
452 2274 523 2310 atq.
540 2269 609 2299 obs.

205 2313 253 2343 Ab
274 2323 310 2344 eo
332 2318 407 2344 erat
430 2313 631 2346 sublevatus.
666 2310 809 2344 Voculae
825 2312 869 2345 ab

157 2367 193 2388 eo
210 2356 245 2387 in
261 2356 344 2388 aliis
361 2358 495 2388 desunt.

206 2401 266 2432 Ea
285 2411 320 2432 re
337 2412 378 2432 ex
397 2403 460 2432 civ.
487 2412 562 2443 exp.
592 2411 634 2432 ea
663 2401 706 2431 de
731 2410 870 2439 caussa,

161 2445 234 2476 scil.
249 2445 341 2485 quod
351 2444 523 2477 Caesarem
533 2445 763 2477 defenderent.
786 2446 871 2476 For-

162 2498 222 2520 san
239 2499 280 2520 θα
296 2500 332 2520 re
349 2489 483 2520 delebis
499 2489 637 2527 rectius,
662 2489 781 2532 judice
805 2490 870 2521 Ju-

160 2533 263 2565 rinio.
294 2532 414 2564 Celsus
431 2533 538 2565 habet
553 2536 605 2566 εἰιὶ
619 2534 707 2566 odio.

206 2579 252 2609 In
283 2578 471 2609 libertatem
507 2578 708 2610 vindicaret.
756 2578 869 2610 Codd.

159 2622 302 2665 quidam
340 2622 494 2661 libertati,
523 2627 560 2654 ut
585 2632 616 2654 c.
646 2624 697 2654 14.
724 2623 870 2655 libertati

160 2669 352 2706 confirmat.

207 2711 260 2742 Αιί
279 2721 378 2742 suam
404 2721 498 2752 spem
523 2711 650 2742 solatio.
692 2709 747 2741 Sic
766 2711 868 2741 codd.

159 2755 250 2786 unde
267 2755 356 2786 male
372 2754 528 2795 Scaliger
539 2764 705 2795 suampse.
722 2753 869 2786 Ciacco-

160 2799 238 2830 nius
255 2798 396 2841 conjicit
412 2798 459 2831 ad
475 2809 573 2831 suam
599 2799 668 2839 spei
687 2803 720 2830 et
740 2800 870 2831 solatio.

161 2852 230 2921 ἕο
247 2854 347 2886 opus.
370 2842 538 2886 intellige,
562 2852 627 2886 quo
654 2844 718 2885 ipsi
741 2848 869 2886 sperent

213 2889 332 2922 salute.

449 1781 646 1828 Dimittit
668 1800 814 1829 omnes
838 1784 1089 1829 incolumes.

1154 1782 1417 1826 Sestertium
1437 1782 1651 1842 sexagies,

982 1913 1160 1945 Consulem
1171 1917 1348 1953 coquntur.
1382 1912 1438 1944 Sic
1454 1917 1489 1944 et
1501 1911 1544 1945 G.
1562 1914 1594 1952 6,
1613 1917 1646 1945 5.

933 1967 990 1989 con
994 1958 1091 1997 aredi
1104 1962 1288 1997 coqeretur.

983 2003 1096 2033 Erant
1112 2002 1275 2032 szatorii
1288 2000 1362 2032 ord.
1395 2000 1525 2033 Omnes
1540 2002 1646 2034 codd.

935 2045 1094 2076 Oudend.
1112 2044 1260 2075 habent:
1284 2049 1382 2076 erant
1395 2047 1648 2088 quinquaqinta

934 2090 1080 2127 ordines,
1103 2089 1163 2119 sed
1187 2087 1304 2119 Ursini
1321 2088 1416 2128 libri,
1431 2095 1531 2122 erant
1541 2092 1649 2132 primi

935 2134 1076 2165 ordinis.
1133 2133 1215 2164 Inde
1253 2132 1394 2174 conjicit
1425 2133 1517 2165 Oud.
1545 2139 1645 2167 erant

934 2180 1083 2219 quinque
1111 2178 1216 2218 primi
1240 2177 1381 2208 ordinis.
1424 2177 1571 2217 Dubito,
1600 2189 1645 2211 an

937 2222 1050 2253 Caesar
1075 2220 1123 2252 sic
1141 2220 1336 2262 scripserit:
1359 2221 1443 2263 quid
1457 2221 1648 2264 scripserit,

937 2271 1101 2307 exputare
1118 2275 1185 2297 non
1198 2275 1351 2307 possum.
1365 2283 1411 2289 —-—
1420 2267 1472 2297 De
1482 2267 1586 2299 rebus
1597 2269 1643 2299 ad

937 2309 1127 2341 Corfinium
1144 2310 1249 2352 gestis
1265 2321 1297 2345 v.
1315 2311 1382 2342 Dio
1397 2310 1494 2342 Cass.
1512 2313 1567 2351 41,
1590 2313 1644 2350 ll,

936 2355 1027 2396 App.
1046 2358 1076 2393 2,
1094 2357 1147 2386 38.
1166 2366 1199 2396 p.
1217 2356 1294 2386 451.
1313 2355 1486 2387 Plutarch.
1503 2355 1591 2388 Caes.
1608 2366 1643 2388 c.

940 2402 994 2431 3⁴.
1024 2399 1089 2430 Sed
1107 2399 1144 2430 hi
1159 2409 1278 2431 omnes
1292 2410 1312 2430 e
1329 2400 1485 2441 pleniore
1498 2400 1645 2432 Caesaris

938 2443 1130 2487 narratione
1147 2443 1345 2486 explicandi
1363 2451 1451 2476 sunt.
1477 2445 1528 2475 M.
1576 2442 1649 2475 Da-

937 2486 1044 2519 visius
1059 2488 1148 2519 bene
1160 2488 1323 2527 ostendit,
1335 2489 1426 2520 unde
1435 2498 1529 2519 error
1542 2493 1647 2520 ortus.

938 2531 1112 2574 Scriptum
1126 2539 1198 2564 erat
1213 2532 1247 2564 in
1263 2533 1383 2564 codice
1401 2534 1423 2564 I
1433 2533 1573 2565 ordmis.
1606 2533 1646 2564 Id

940 2577 963 2608 I
976 2582 1146 2609 mutatum
1162 2577 1207 2609 ab
1224 2576 1303 2609 aliis
1319 2577 1353 2609 in
1373 2577 1414 2616 L,
1431 2577 1521 2608 unde
1545 2579 1649 2618 quin-

936 2623 1117 2663 quaqe'nta.

983 2666 1025 2697 P.
1041 2667 1203 2698 Lentulus
1228 2666 1387 2707 Spinther
1408 2670 1473 2698 etc.
1517 2663 1587 2697 Alii
1609 2665 1647 2698 L.

943 2710 1098 2742 Caecilius
1117 2711 1276 2752 Spinther
1293 2710 1412 2751 Rufus.

984 2755 1134 2786 Dimittit
1145 2764 1259 2785 omnes
1272 2755 1463 2785 iooeolnmes.
1479 2753 1558 2784 Huc
1573 2763 1652 2795 per-

937 2797 1024 2829 tinet
1038 2797 1186 2840 epistola
1199 2797 1345 2830 Caesaris
1360 2798 1395 2830 in
1411 2797 1485 2829 Cic.
1501 2798 1592 2841 Epp.
1604 2799 1649 2830 ad

939 2843 1012 2874 Att.
1029 2845 1063 2881 9,
1081 2844 1100 2873 6
1117 2848 1150 2873 et
1170 2844 1220 2874 16.
1254 2842 1305 2873 M.

985 2888 1180 2919 Sestertium
1194 2888 1360 2929 seoeayies.
1382 2885 1484 2921 Conf.
1494 2886 1650 2922 Gronov.

938 2932 981 2963 de
997 2930 1168 2965 sestertiis
1185 2934 1217 2970 2,
1234 2931 1267 2964 3,

1405 2991 1471 3023 T2
