1946 3261
160 203 241 248 186
572 197 657 242 DE
689 193 893 240 BELLO
927 191 1222 237 GALLICO.
1252 239 1260 256 ἱ

164 323 471 385 prohiberent:
508 320 670 362 Cotum
691 316 916 376 imperium
936 314 1157 373 deponere
1176 312 1345 372 coegit;
1369 311 1641 357 Convictoli-.

166 394 325 432 tanem,
347 380 422 438 qui
444 393 522 437 per
541 376 781 427 sacerdotes
799 391 918 418 more
934 373 1138 423 civitatis,
1154 371 1398 415 intermissis
1414 372 1639 429 magistra·-

165 444 298 489 tibus,
318 447 425 482 esset
445 446 634 485 creatus,
655 442 914 495 potestatem
934 433 1131 476 obtinere
1144 431 1283 490 jussit.

223 500 294 542 34.
332 498 431 540 Hoc
451 496 629 539 decreto
647 494 919 552 interposito,
935 491 1183 534 cohortatus
1205 490 1386 543 AEduos,
1400 498 1450 532 ut
1466 497 1638 533 contro·

165 559 405 602 versiarum
438 572 488 599 ac
519 554 824 598 dissensionum
861 551 1216 595 obliviscerentur
1254 558 1403 606 atque,
1444 548 1665 591 omnibus

166 617 325 661 omissis
344 615 407 658 his
427 615 571 664 rebus,
589 613 689 656 huic
707 611 822 655 bello
839 610 1065 659 servirent,
1087 624 1240 666 eaque,
1258 624 1353 666 quae
1371 607 1639 657 meruissent,

167 675 344 737 praemia
375 675 431 718 ab
465 690 526 723 se,
557 672 730 715 devicta
771 670 933 719 Gallia,
969 676 1270 728 exspectarent
1308 667 1642 725 equitatumque

166 750 335 779 omnem
365 742 410 777 et
441 732 638 792 peditum
666 730 782 774 milia
808 730 849 772 X
876 727 957 772 sibi
984 728 1181 771 celeriter
1206 727 1446 776 mitterent,
1476 741 1574 784 quae
1596 725 1640 767 in

168 792 377 854 praesidiis
404 792 467 835 rei
505 790 797 834 frumentariae
837 804 983 830 caussa
1019 787 1283 845 disponeret,
1323 784 1560 828 exercitum
1598 783 1641 826 in

165 855 276 898 duas
311 860 457 910 partes
491 850 660 898 divisit;
702 847 795 891 IIII
831 847 1020 906 legiones
1054 846 1098 888 in
1141 846 1330 887 Senones
1373 843 1645 900 Parisiosque

169 912 361 956 Labieno
381 909 600 953 ducendas
619 907 765 956 dedit;
799 906 861 950 VI
892 906 982 965 ipse
1013 906 1054 947 in
1087 905 1323 952 Arvernos,
1353 901 1408 945 ad
1428 901 1643 960 oppidum

168 970 434 1028 Gergoviam
445 968 680 1013 secundum
696 967 854 1011 flumen
872 965 1031 1008 Elaver
1049 963 1199 1007 duxit:
1232 963 1454 1020 equitatus
1474 969 1644 1019 partem

165 1030 231 1073 illi
252 1029 487 1077 adtribuit,
506 1037 677 1086 partem
697 1026 778 1069 sibi
799 1025 990 1082 reliquit.
1026 1024 1124 1074 Qua
1145 1040 1190 1066 re
1203 1022 1390 1081 cognita,
1411 1019 1645 1078 Vercinge-

167 1088 299 1138 torix,
330 1087 529 1130 omnibus
556 1085 812 1144 interruptis
837 1085 928 1141 ejus
959 1083 1143 1127 fluminis
1170 1082 1392 1141 pontibus,
1423 1079 1480 1122 ab
1509 1077 1649 1122 altera

169 1147 368 1191 Elaveris
389 1154 513 1204 parte
534 1145 616 1188 iter
639 1144 780 1187 facere
800 1143 948 1201 coepit.

225 1206 297 1249 35.
334 1206 481 1254 Quum
514 1212 698 1259 uterque
727 1202 904 1259 utrique
935 1208 1046 1244 esset
1076 1199 1291 1243 exercitus
1329 1197 1370 1240 in
1411 1204 1646 1254 conspectu

167 1264 346 1322 fereque
379 1280 402 1304 e
436 1261 610 1319 regione
645 1268 784 1302 castra
815 1268 1011 1317 poneret,
1041 1258 1254 1316 dispositis
1283 1255 1647 1314 exploratoribus,

168 1322 327 1366 necubi
358 1321 514 1363 effecto
576 1327 677 1361 onte
715 1318 900 1361 Romani
937 1318 1081 1374 copias
1112 1318 1459 1363 transducerent,
1489 1323 1584 1356 erat
1605 1313 1647 1356 in

168 1381 334 1439 magnis
355 1378 511 1422 Caesari
566 1377 866 1420 ifficultatibus
885 1391 968 1424 res,
1001 1391 1052 1417 ne
1078 1375 1281 1432 majorem
1303 1373 1460 1415 aestatis

168 1440 343 1483 flumine
372 1437 669 1496 inpediretur;
709 1435 827 1491 quod
856 1450 941 1477 non
966 1433 1053 1476 fere
1081 1442 1181 1475 ante
1206 1441 1463 1474 autumnum

167 1499 282 1543 vado
315 1496 488 1540 transiri
519 1496 641 1539 solet.

1538 1381 1649 1416 rtem

1530 1431 1650 1474 laver

716 1494 890 1552 Itaque,
926 1508 978 1536 ne
1009 1492 1051 1535 id
1081 1490 1316 1541 accideret,
1342 1489 1526 1533 silvestri
1554 1490 1651 1534 loco

218 1618 412 1659 Imperium.
483 1614 596 1655 Vulgo
636 1616 873 1654 ‘'nafis-tratum

169 1668 287 1695 contra
302 1660 410 1691 Codd.
426 1664 509 1691 teste
525 1657 784 1699 Oudendorpio.
823 1658 873 1688 M.

171 1706 293 1737 Glossa
313 1710 394 1735 erat.

953 1613 1104 1644 Blae-eris·
1118 1616 1216 1653 parte
1227 1623 1236 1650 3
1261 1621 1336 1642 nam
1356 1610 1429 1642 haec
1447 1617 1496 1642 est
1510 1609 1654 1647 varietas

949 1655 1122 1697 scriptura)
1140 1655 1171 1686 in
1189 1655 1224 1685 h.
1245 1655 1267 1686 l.
1292 1655 1432 1686 Videtur
1455 1654 1654 1686 Oudendon

952 1700 1010 1741 pio
1027 1700 1115 1731 idem
1133 1698 1312 1740 placuisse,
1325 1699 1387 1730 etsi
1403 1699 1556 1730 fluctuat.
1580 1699 1629 1729 M.

220 1749 421 1781 Inter-missis
435 1746 702 1787 moyam-atibus.
747 1745 876 1776 Adsen-

172 1793 239 1826 tior
256 1791 408 1829 Davisio,
423 1792 615 1823 intromissis
631 1801 724 1830 may.
739 1788 876 1829 legenti,

173 1849 192 1869 e
210 1835 367 1877 vestigiis
384 1834 635 1876 metaphrasoos
651 1834 787 1871 Graecae,
801 1844 875 1874 quae

174 1893 220 1912 παι
239 1880 321 1911 ὄντων
338 1879 392 1910 τῶν
408 1881 427 1909 ἀ
446 1879 559 1919 zaim-mv
574 1877 689 1909 habet.
710 1877 878 1908 Accedere

175 1925 222 1957 mi
253 1925 262 1956 i
282 1924 414 1956 videtur
430 1894 501 1954 iia-c
517 1933 630 1960 causa,
651 1923 743 1963 quod
766 1922 879 1952 Caesar

174 1969 307 2009 singula
325 1967 468 2009 singulis
485 1966 643 2008 opponit,
665 1973 700 1997 ot
715 1966 838 1997 Cotum
855 1977 878 1997 a

166 2014 291 2055 fratre,
319 2011 628 2044 Convictolitanem
658 2021 678 2041 n
705 2010 881 2041 sam-don·-

176 2059 261 2095 bus;
300 2056 397 2088 illum
425 2057 542 2097 paucis
570 2056 655 2085 clam
683 2056 880 2092 convocatis,

175 2101 267 2133 hunc
290 2102 484 2131 ivm-omissis
509 2099 763 2139 mnqistrnaeibux
788 2108 881 2129 crea-

177 2152 249 2177 tum
267 2143 365 2175 dicit.
410 2143 567 2174 Clarkius
588 2142 693 2175 etiam
720 2142 881 2184 probavit

178 2187 452 2221 emendationem
471 2186 624 2225 Davisii:
659 2185 708 2217 sin
728 2186 785 2218 cui
809 2187 881 2218 vul-

177 2238 256 2273 gata
272 2232 417 2273 placeat,
434 2237 526 2272 putat
538 2240 673 2261 sonsum
684 2241 754 2261 csse
771 2241 881 2271 posse,

178 2288 242 2318 quo
257 2281 401 2316 tempore
415 2275 550 2306 vacabat
562 2277 791 2314 mayaco-neus.
816 2275 880 2305 Sed

177 2329 289 2352 nonne
313 2319 385 2350 haec
405 2324 492 2349 esset
515 2318 680 2361 ’τεξὶσ-τασις
703 2318 801 2359 plane
827 2329 882 2349 su-

180 2363 367 2406 pervacua?
423 2361 594 2394 Lamberti
624 2361 717 2392 Bosii
746 2363 882 2404 conjec-

180 2414 267 2441 tura.
282 2417 323 2438 ex
339 2406 412 2447 ejus
425 2405 597 2437 animadv.
612 2405 653 2436 ad
672 2405 757 2436 Caes.
775 2417 808 2446 p.
825 2409 880 2436 ¹22.

179 2452 224 2483 ab
247 2449 493 2491 Oudendorpio
518 2450 586 2491 jam
614 2449 755 2490 prolata,
781 2452 881 2481 inter-

180 2498 293 2528 mixtis
322 2494 587 2534 maqistratibws,
615 2503 683 2524 rem
715 2494 881 2531 eamdem,

180 2550 282 2581 quam
315 2537 448 2569 Davisii
476 2537 680 2572 emendatio.
711 2537 881 2578 exprimit.

182 2584 234 2614 M.
292 2581 436 2614 Dubitat
458 2581 549 2612 Oud.
572 2591 613 2612 an
636 2590 703 2612 non
718 2583 882 2613 intromit-

181 2632 248 2659 tere
262 2627 374 2658 valere
391 2625 497 2667 possit
509 2624 700 2657 admittere.

231 2672 296 2703 His
318 2671 426 2702 rebus.
487 2669 576 2700 Oud.
606 2667 752 2701 restituit
784 2669 834 2699 his
866 2679 884 2700 e

183 2715 285 2745 codd.
303 2719 337 2745 et
351 2714 429 2744 edd.
448 2719 513 2745 vet.

231 2759 393 2789 Elaveris.
446 2759 521 2789 Hoc
547 2763 597 2789 cst
619 2756 885 2788 additamentum

184 2800 364 2833 recentius.
389 2802 499 2832 Caesar
515 2801 706 2843 scripserat,
721 2801 763 2832 ab
779 2801 885 2832 altera

182 2850 300 2886 parte:
322 2844 408 2876 alius
424 2845 546 2877 deinde
565 2844 751 2887 explicavit
765 2844 826 2881 sic,
841 2844 884 2875 ab

184 2888 453 2931 alter-afluminis
461 2895 581 2932 parte:
602 2889 701 2928 alius,
717 2889 761 2922 ab
775 2890 885 2922 altera

999 1747 1106 1778 Quum
1122 1748 1444 1785 rumque—poneret.
1466 1742 1554 1773 Tam
1567 1743 1653 1774 mul-

953 1787 1060 1829 tiplex
1090 1794 1139 1818 cst
1173 1788 1208 1818 h.
1238 1787 1262 1818 l.
1294 1786 1449 1821 varietas.
1476 1786 1653 1827 diligenter

953 1839 1106 1862 enarrata
1123 1831 1168 1862 ab
1185 1830 1443 1872 Oudendorpio,
1470 1836 1504 1861 ut
1521 1831 1653 1869 vulgata

955 1875 1060 1907 lectio
1075 1886 1139 1906 non
1166 1875 1273 1916 possit
1291 1882 1383 1906 certo
1400 1874 1470 1905 dici
1488 1885 1507 1906 a
1522 1873 1654 1906 Caesare

955 1919 1117 1961 prosecta.
1139 1926 1172 1951 et
1188 1919 1302 1950 locum
1327 1918 1569 1951 additamentis
1592 1919 1655 1950 ob-

955 1971 1065 1995 rutum
1083 1976 1156 1995 esse
1175 1964 1345 2004 adpareat.
1369 1962 1495 2004 quibus
1518 1963 1655 1995 resectis

955 2009 1094 2040 fortasse
1113 2007 1220 2049 prima
1237 2007 1339 2038 lectio
1360 2006 1497 2048 reperiri
1520 2006 1656 2048 poterit,

954 2063 1056 2094 quam
1071 2052 1173 2083 fuisse
1187 2058 1268 2092 puto
1284 2051 1369 2082 hanc
1384 2064 1391 2082 ε
1413 2054 1657 2085 Quumutrim-

956 2108 1021 2139 qne
1050 2103 1155 2127 essent
1182 2098 1216 2126 in
1243 2101 1430 2137 conspectu.
1446 2094 1520 2134 ser-e
1544 2099 1660 2129 castris

956 2147 1065 2173 castra
1095 2141 1314 2182 opponebam.
1381 2139 1658 2180 Dispositis-Sic

957 2188 1126 2226 utrimque
1152 2183 1365 2224 explicatum
1397 2189 1446 2214 est
1476 2182 1658 2225 adscriptis

958 2229 1081 2261 verbis.
1096 2235 1233 2269 uterque
1243 2230 1406 2259 exercitus
1416 2239 1430 2265 ;
1447 2232 1480 2257 et
1495 2238 1512 2257 e
1523 2231 1658 2268 reqione

956 2274 1056 2314 quale
1074 2273 1113 2304 sit
1131 2273 1311 2313 glossema,
1328 2270 1427 2302 facile
1445 2270 1656 2311 intelligitur.

961 2321 1132 2359 opponere
1148 2322 1198 2348 est
1219 2327 1239 2348 a
1264 2315 1405 2357 Lipsio;
1438 2315 1538 2345 codd.
1564 2316 1657 2349 enim

957 2361 1100 2392 verbum
1117 2361 1260 2401 simplex
1276 2370 1396 2400 ponere
1413 2358 1548 2390 babent.
1593 2360 1659 2392 Ce-

957 2412 1064 2437 terum
1085 2416 1148 2446 que
1173 2411 1250 2445 post
1264 2404 1335 2444 fere
1357 2403 1450 2434 abest
1474 2413 1494 2433 a
1516 2403 1659 2444 quibus-

957 2450 1048 2482 dam,
1063 2456 1095 2480 et
1110 2449 1276 2490 ponebant
1294 2447 1327 2478 in
1353 2446 1505 2488 pluribus
1525 2448 1657 2490 legitur.

959 2494 1008 2525 M.
1055 2494 1089 2524 ln
1107 2493 1222 2524 multis
1236 2492 1337 2523 codd.
1351 2498 1380 2521 et
1399 2491 1476 2524 edd.
1494 2499 1559 2524 vet.
1576 2492 1661 2535 legi-

960 2544 1023 2570 tur.
1041 2538 1152 2572 Quum
1172 2542 1311 2577 ‘uterque
1333 2538 1486 2576 utrinque
1508 2540 1656 2570 emissent.

960 2581 1079 2612 Morus
1102 2581 1237 2612 dederat
1252 2591 1269 2610 e
1285 2592 1353 2621 req.
1374 2583 1488 2612 castris
1500 2586 1610 2613 caetra
1622 2592 1658 2623 p.

962 2625 1015 2657 Sic
1032 2632 1064 2657 et
1083 2625 1173 2656 Oud.
1192 2624 1224 2656 in
1241 2624 1296 2655 ed.
1320 2623 1429 2666 priore
1452 2634 1530 2655 cum
1554 2624 1660 2656 Scali-

961 2679 1040 2711 gero
1071 2675 1103 2700 et
1130 2668 1222 2706 aliis,
1245 2668 1302 2699 sed
1332 2668 1365 2699 in
1391 2669 1445 2699 ed.
1475 2668 1658 2710 posteriore

962 2719 1052 2745 recte
1069 2713 1102 2743 τὸ
1117 2715 1230 2745 caetris
1244 2712 1372 2744 omisit.

1011 2757 1168 2797 Nonftre
1183 2763 1273 2788 ante.
1302 2756 1387 2788 (¹0d.
1402 2755 1498 2788 Leid.
1513 2755 1659 2796 nonsere

961 2803 1027 2832 πιζει·
1041 2806 1130 2833 ante.
1176 2801 1279 2832 Sensu
1303 2801 1436 2832 eodem.
1483 2800 1519 2831 ln
1539 2809 1658 2832 caussa

960 2844 1056 2877 nives
1072 2845 1105 2877 in
1122 2844 1502 2888 montibusliquefactae.
