1946 3261
240 219 331 263 232
661 219 747 263 DE
780 218 984 263 BELLO
1016 218 1316 264 GALLICO.

241 344 564 403 constratisque
593 345 813 406 conjungi,
836 363 1025 406 quorum
1045 347 1210 391 frontes
1231 347 1419 390 viminea
1438 346 1622 390 loricula
1641 364 1732 392 mu-

245 406 463 454 nirentur,
500 413 552 448 ut
583 404 716 448 hostis
744 421 772 448 a
802 406 968 465 duplici
1013 407 1124 450 fossa
1149 406 1317 465 duplici
1355 414 1735 465 propugnatorum

245 463 399 506 ordine
431 463 772 507 defenderetur:
806 481 995 522 quorum
1026 465 1138 508 alter
1161 482 1214 508 ex
1234 466 1457 524 pontibus,
1489 480 1578 523 quo
1596 466 1734 510 tutior

243 521 482 565 altitudine
515 531 643 573 esset,
666 522 748 567 hoc
779 523 990 566 audacius
1026 525 1097 567 lon
1134 524 1285 582 iusque
1307 524 1396 567 tela
1423 524 1734 583 permitteret;

244 581 375 634 alter,
396 581 475 638 qui
491 581 674 640 propior
690 581 856 625 hostem
878 583 919 625 in
943 583 1033 640 ipso
1055 599 1108 625 va
1129 583 1171 625 lo
1188 584 1436 626 conlocatus
1456 592 1583 633 esset,
1601 591 1736 642 ponte

245 639 306 683 ab
326 639 617 684 incidentibus
637 640 734 684 telis
756 650 1000 701 tegeretur.
1057 642 1201 685 Portis
1221 642 1336 686 fores
1357 642 1621 701 altioresque
1641 651 1736 686 tur-

240 713 310 742 res
330 698 538 758 inposuit.

307 758 375 800 lo.
412 758 559 818 Hujus
576 759 825 802 munitionis
852 759 1018 817 duplex
1039 769 1136 803 erat
1155 760 1396 804 consilium.
1461 761 1668 818 Namque
1688 768 1736 804 et

241 832 427 876 operum
448 819 793 877 magnitudinem
815 827 860 862 et
895 819 1097 862 timorem
1133 836 1258 862 suum
1291 821 1498 878 sperabat
1528 819 1732 863 fiduciam

241 876 441 920 barbaris
474 877 752 920 adlaturum:
781 887 841 927 et,
864 894 1001 936 quum
1033 879 1293 937 pabulatum
1327 880 1733 937 frumentatumque

241 936 415 995 longius
435 945 546 979 esset
566 936 944 995 proficiscendum,
979 939 1126 996 parvis
1161 939 1295 996 copiis
1317 948 1459 981 castra
1489 938 1732 980 munitione

240 994 336 1054 ipsa
356 994 538 1039 videbat
566 1012 687 1055 posse
710 996 902 1040 defendi.
967 997 1147 1040 Interim
1169 998 1327 1041 crebro
1345 997 1491 1057 paucis
1512 998 1735 1055 utrimque

239 1055 619 1112 procurrentibus,
658 1055 772 1099 inter
807 1055 908 1098 bina
929 1066 1071 1099 castra
1093 1056 1254 1115 palude
1277 1057 1520 1115 interjecta,
1557 1065 1732 1100 conten-

237 1113 458 1156 debatur:
507 1130 640 1172 quam
680 1123 825 1158 tamen
865 1115 1073 1174 paludem
1110 1131 1436 1174 nonnumquam
1472 1124 1551 1158 aut
1586 1124 1736 1159 nostra

235 1172 399 1216 auxilia
444 1173 678 1216 Gallorum
733 1175 1141 1232 Germanorumque
1194 1176 1455 1224 transibant,
1503 1174 1731 1232 acriusque

241 1231 386 1274 hostes
424 1232 792 1290 insequebantur;
825 1243 903 1277 aut
941 1235 1127 1277 vicissim
1162 1234 1322 1283 hostes,
1361 1233 1562 1276 eamdem
1597 1242 1735 1276 trans-

238 1290 390 1350 gressi,
412 1299 580 1334 nostros
602 1292 774 1350 longius
795 1293 1126 1336 submovebant.
1192 1293 1437 1336 Accidebat
1458 1301 1603 1334 autem
1624 1308 1734 1350 quo-

240 1349 413 1392 tidianis
435 1350 810 1408 pabulationibus,
834 1351 874 1393 id
897 1351 1019 1407 quod
1041 1351 1237 1393 accidere
1267 1362 1362 1394 erat
1384 1367 1572 1400 necesse,
1593 1367 1732 1408 quum

238 1408 350 1451 raris
370 1407 649 1466 disjectisque
682 1426 735 1451 ex
769 1409 958 1453 aedificiis
986 1410 1198 1468 pabulum
1220 1411 1570 1467 conquireretur,
1599 1419 1651 1453 ut
1671 1410 1734 1452 in-

242 1467 404 1526 peditis
424 1467 528 1509 locis
548 1468 613 1510 dis
651 1468 731 1511 ersi
756 1469 1040 1528 pabulatores
1063 1470 1505 1513 circumvenirentur:
1539 1485 1638 1527 quae
1666 1485 1733 1511 res

239 1526 321 1569 etsi
355 1527 573 1570 mediocre
604 1485 916 1571 detrimentum
935 1529 1233 1586 jumentorum
1258 1546 1306 1572 ac
1327 1544 1554 1572 servorum
1576 1529 1733 1571 nostris

238 1586 487 1635 adferebat,
511 1595 656 1629 tamen
684 1587 840 1629 stultas
873 1588 1160 1645 cogitationes
1182 1588 1392 1631 incitabat
1413 1588 1702 1630 barbarorum
1721 1603 1732 1637 ;

237 1653 373 1702 atque
394 1661 446 1687 eo
467 1646 620 1703 magis,
659 1646 778 1703 quod
801 1647 1038 1699 Commius,
1074 1663 1202 1704 quem
1227 1648 1473 1704 profectum
1495 1646 1550 1689 ad
1570 1646 1733 1690 auxilia

241 1704 567 1746 Germanorum
589 1705 840 1747 arcessenda
859 1704 1005 1754 docui,
1039 1722 1136 1748 cum
1170 1706 1394 1762 equitibus
1415 1714 1618 1748 venerat:
1653 1706 1730 1763 qui

236 1770 382 1805 tamen
404 1762 482 1804 etsi
506 1778 687 1805 numero
709 1779 793 1806 non
814 1764 1001 1822 amplius
1023 1773 1147 1806 erant
1169 1765 1412 1824 quingenti,
1448 1772 1592 1807 tamen
1617 1765 1729 1809 Ger-

234 1837 463 1864 manorum
484 1821 678 1864 adventu
701 1823 880 1865 barbari
904 1823 1181 1866 inflabantur.
1421 1823 1424 1827 ’

301 1881 367 1922 ll.
403 1880 564 1930 Caesar,
598 1897 734 1938 quum
755 1881 946 1924 animum
979 1882 1248 1932 adverteret,
1287 1881 1453 1925 hostem
1482 1882 1731 1942 complures

235 1938 328 1982 dies
349 1940 514 1988 castris,
549 1939 708 1997 palude
730 1950 775 1983 et
796 1940 878 1983 loci
902 1950 1059 1984 natura
1080 1942 1272 1990 munitis,
1306 1958 1350 1983 se
1374 1950 1521 1984 tenere
1540 1957 1550 1990 ;
1590 1958 1731 2002 neque

233 1998 480 2057 obpugnari
497 2007 638 2041 castra
655 2015 806 2042 eorum
822 2000 910 2042 sine
928 1999 1203 2043 dimicatione
1219 2000 1477 2059 perniciosa,
1495 2015 1573 2044 nec
1586 2001 1732 2046 locum

236 2057 552 2102 munitionibus
587 2058 748 2109 claudi,
784 2059 862 2102 nisi
894 2075 920 2102 a
949 2061 1110 2119 majore
1132 2060 1345 2110 exercitu,
1377 2074 1529 2118 posse:
1563 2059 1731 2104 litteras

240 2185 378 2216 remque
398 2175 430 2207 in
448 2175 565 2207 tabula
584 2175 641 2208 aeri
662 2176 770 2208 incisa
792 2176 955 2209 exhibuit
1070 2180 1207 2210 Anatilia
1231 2180 1423 2213 Gallorum.
1437 2189 1514 2221 quae
1530 2179 1731 2213 constabant

241 2219 276 2251 in
300 2219 632 2251 Local-Geschiclite
659 2222 717 2253 der
731 2222 824 2253 stadt
847 2222 953 2253 Sti-as-
1023 2223 1168 2255 Gallicis
1184 2224 1366 2255 militibus.
1391 2225 1441 2255 M.

245 2264 345 2305 burg.
360 2264 420 2295 sol.
441 2265 536 2295 1775.
556 2275 590 2305 p.
610 2266 660 2296 12.

289 2310 442 2345 Fronees,
465 2318 541 2350 pars
556 2308 705 2340 anterior
720 2311 847 2351 pontis.
881 2312 928 2342 M.

294 2354 448 2384 ls'iminm
470 2353 614 2385 loricula
628 2357 742 2386 cum-is.
767 2355 834 2387 vid.
859 2355 951 2387 dicta

236 2397 281 2430 ad
296 2400 328 2431 5,
344 2398 398 2429 40.
423 2397 473 2428 M.

290 2441 553 2482 Defenderetur,
590 2447 770 2474 arceretur.
830 2442 951 2476 Lectio

239 2487 332 2528 vulg.
357 2486 580 2527 depelleretur
599 2492 651 2517 est
674 2485 952 2528 interpretamen-

240 2536 325 2562 tum.
367 2528 481 2561 Verba
498 2530 739 2572 ‹Indici-summ,
753 2543 827 2573 qua*
845 2533 949 2573 vulgo

237 2575 376 2612 absunt,
402 2573 564 2605 Davisius
584 2581 619 2607 et
650 2574 916 2618 Oudendorpius
930 2589 949 2609 e

236 2620 339 2651 codd.
354 2618 585 2650 restituerunt.
609 2620 660 2650 M.

287 2664 513 2695 Permitteree.
560 2663 663 2695 Notat
688 2662 790 2694 talem
804 2663 946 2705 jactum,

238 2718 308 2748 quo
327 2706 395 2738 tela
413 2707 605 2748 pertingant
619 2708 662 2739 ad
679 2707 807 2740 hostes.
841 2708 896 2741 Sic
913 2716 948 2741 et

236 2752 328 2793 apud
342 2750 520 2782 Lucanum
541 2753 568 2787 l,
583 2755 614 2783 4.
639 2754 714 2783 651.

284 2797 327 2827 E!
343 2806 484 2836 operum
500 2798 789 2838 maynitudmem.
827 2796 945 2829 Davis.

233 2839 440 2873 emendabat
453 2850 495 2873 ex
512 2851 567 2883 op.
582 2841 828 2885 nmqnitudme.
866 2841 896 2874 N
901 2852 943 2874 on

230 2893 331 2927 opus.

1072 2269 1162 2298 Gall.
1185 2269 1512 2310 Germanorumque.
1551 2269 1638 2300 Ante
1656 2267 1727 2301 haec

1022 2311 1125 2343 verba
1151 2312 1240 2343 male
1267 2312 1425 2343 insertum
1449 2318 1523 2344 erat
1538 2319 1612 2343 avae.
1637 2315 1730 2354 quod

1023 2356 1111 2387 bene
1135 2356 1299 2397 expunxit
1323 2356 1474 2397 Scaliger
1495 2367 1515 2387 e
1536 2357 1733 2398 conjectum

1020 2400 1218 2439 Ciacconii3
1235 2401 1380 2432 firmavit
1390 2400 1467 2432 dein
1481 2407 1513 2431 et
1527 2402 1604 2432 cod.
1615 2402 1731 2434 Oxou.

1069 2445 1252 2475 Enmdem.
1296 2447 1359 2475 lta.
1384 2445 1488 2486 pauci
1507 2445 1663 2486 Plerique
1677 2457 1733 2478 eo-

1019 2489 1108 2520 dem.
1120 2489 1257 2530 quidam
1272 2490 1403 2520 eadem.
1440 2489 1509 2520 Res
1524 2489 1599 2531 ipsa
1614 2499 1731 2522 neces-

1019 2532 1145 2564 sarium
1162 2533 1241 2564 facit
1257 2534 1424 2564 eanulem.
1451 2534 1501 2564 M.
1548 2533 1727 2576 Dediljam

1019 2577 1162 2609 Ursinus
1176 2588 1195 2608 e
1211 2579 1309 2609 codd.

1064 2623 1190 2654 Docm'.
1213 2623 1266 2653 Cf.
1282 2633 1312 2654 c.
1328 2623 1360 2653 7.
1386 2620 1498 2663 Vulgo
1512 2622 1681 2654 diam-un.

1065 2668 1189 2701 Qui—
1204 2667 1429 2708 inflabantur.
1476 2667 1558 2697 Haec
1585 2666 1618 2697 in
1642 2665 1725 2697 edd.

1020 2716 1087 2741 vet.
1116 2710 1358 2742 desiderantur.
1417 2711 1484 2742 Pro
1514 2710 1727 2753 inflabantur

1016 2753 1078 2786 alii
1096 2754 1219 2786 habent
1238 2756 1443 2787 nitebantur.
1477 2754 1565 2786 Dein
1576 2754 1726 2795 amplius

1015 2801 1191 2840 quiuqenti
1208 2810 1267 2840 per
1281 2798 1420 2840 ellipsin
1438 2799 1490 2829 τοῦ
1503 2809 1619 2840 quam·
1641 2803 1675 2828 ut
1692 2800 1726 2835 4,

1022 2845 1071 2874 1‘2.
1103 2845 1143 2874 C.
1161 2847 1192 2876 3.
1208 2846 1260 2875 99.
1300 2844 1372 2875 Afr.
1403 2844 1432 2873 l.
1454 2848 1489 2873 et
1505 2845 1560 2873 38.
1610 2842 1723 2884 Vulgo

1015 2886 1143 2926 lenitur
1159 2890 1361 2930 quinqenee's.
1384 2884 1586 2922 Emendavit
1600 2887 1627 2920 C
1632 2886 1723 2920 larke

1009 2942 1030 2964 e
1044 2932 1144 2970 codd,
