1946 3261
289 202 374 248 150

697 197 782 243 DE
815 194 1018 247 BELLO
1051 193 1346 246 GALLICO.

286 334 318 354 ‘⁶
342 323 482 370 tudini
509 320 719 381 produnt.
778 320 849 365 De
884 335 932 364 re
961 319 1140 379 publica
1168 318 1248 364 nisi
1267 334 1348 378 per
1375 317 1607 369 concilium
1634 316 1756 378 loqui

287 393 319 414 “
341 399 428 429 non
447 381 714 425 conceditur.

345 443 418 485 21.
453 447 482 467 “
507 439 716 485 Germani
749 438 938 484 multum
965 437 1024 481 ab
1058 435 1138 480 hac
1175 437 1486 481 consuetudine
1526 414 1756 480 differunt:

289 509 319 530 “
342 516 440 547 nam
470 515 612 557 neque
649 498 841 542 Druides
869 498 1048 546 habent,
1080 496 1156 554 qui
1195 497 1326 540 rebus
1363 495 1532 540 Divinis
1565 493 1758 553 praesint,

288 567 484 617 “neque
515 556 730 601 sacrificiis
767 557 956 601 student.

337 670 407 703 Per
420 669 609 702 concilium.
632 673 670 700 ut
690 678 755 711 per
770 673 907 710 tempus,
929 678 993 710 per

288 713 446 757 hiemem.

340 758 457 799 Neque
485 756 634 790 Druides
656 756 788 789 habent.
820 756 929 788 Unice
946 762 997 787 te-

290 802 442 835 nendum
463 806 527 841 est,
550 800 717 833 Caesarem
742 798 886 831 Druides
900 800 994 831 finita

293 844 395 889 plane
407 844 651 887 significatione
665 845 790 882 dicere,
804 844 875 874 h.e.
884 842 996 874 bomi-

291 896 353 921 nes
369 888 500 921 ordinis
525 889 621 927 certi,
648 887 859 920 auctoritatis
883 892 996 926 certae,

290 938 333 971 nt
345 932 521 965 nobilibus
540 942 648 973 parce,
663 930 771 972 iisque
792 932 879 962 adeo
895 941 996 972 supe·

289 976 404 1018 riores
420 976 498 1013 sint,
520 974 607 1016 juris
622 975 718 1013 certi,
733 974 996 1016 occupationum

293 1026 473 1056 certarum,
497 1018 690 1060 disciplinae
715 1024 750 1050 et
778 1018 997 1060 professionis

294 1069 410 1102 certae,
424 1061 574 1095 nominis
589 1062 685 1102 certi,
700 1062 844 1105 (quippe
860 1063 997 1095 Druidae

295 1107 512 1148 dicebantur)
526 1117 593 1138 uno
606 1107 724 1146 verbo,
735 1106 889 1138 homines
899 1107 997 1146 tales,

295 1152 416 1194 quales
431 1149 534 1192 paulo
547 1156 622 1183 ante
638 1162 669 1182 c.
689 1153 727 1182 13
742 1156 775 1182 et
794 1153 832 1181 14
847 1151 953 1182 deseri
958 1162 996 1194 p-

296 1200 396 1228 serat.
419 1194 455 1227 Si
468 1205 548 1237 ergo
562 1195 674 1226 Caesar
690 1195 726 1226 h.
746 1197 772 1226 1.
788 1195 999 1236 scripsisset:

290 1241 465 1272 ·Ge7*mani
481 1239 628 1271 Druides
644 1239 783 1272 habent:
800 1238 999 1280 praebuisset

295 1282 514 1316 occasionem
554 1282 673 1314 errori:
722 1293 801 1315 nam
851 1282 1001 1324 quilibet

294 1326 407 1359 lector
432 1326 614 1368 cogitasset
641 1327 683 1358 de
709 1326 894 1358 Druidibus
916 1326 1000 1364 illis,

295 1371 338 1401 de
352 1370 477 1412 quibus
491 1375 593 1402 antea
607 1375 770 1403 narratum
788 1376 872 1402 erat.
897 1368 1000 1411 Atqui

297 1413 457 1445 Germani
502 1413 655 1455 profecto
695 1423 763 1445 non
808 1414 1002 1446 habuerunt

299 1457 457 1495 Druides,
470 1457 587 1498 quales
605 1456 717 1490 Caesar
737 1463 837 1490 antea
852 1457 1001 1498 descrip-

297 1507 397 1533 serat.
442 1501 591 1533 Necesse
606 1501 710 1543 igitur
732 1507 795 1542 est,
811 1501 880 1534 nisi
902 1503 1004 1544 plane

296 1545 443 1577 velimus
456 1557 530 1577 esse
544 1545 663 1591 iniqui,
688 1553 726 1578 ut
740 1547 847 1578 verba
862 1545 1003 1578 Caesaris

289 1588 350 1621 sic
382 1589 631 1631 intelligamus:
665 1599 731 1621 non
761 1600 835 1621 esse
861 1590 894 1621 in
923 1589 1005 1622 Ger-

298 1633 415 1665 mania
428 1644 534 1674 genus
550 1633 739 1671 hominum,
758 1633 818 1675 qui
835 1633 918 1665 dicti
936 1633 1002 1665 sint

299 1676 459 1715 Druides,
483 1675 543 1717 qui
565 1677 768 1718 simpliciter
790 1677 920 1719 possint
934 1675 1005 1711 dici

301 1719 458 1758 Druides,
473 1725 508 1750 et
523 1720 615 1751 omni
632 1731 673 1751 ex
690 1726 786 1762 parte
802 1721 1002 1760 Druidibus,

299 1762 479 1804 descriptis
494 1773 606 1804 supra,
623 1765 826 1805 comparati.
850 1765 914 1795 Sed
931 1775 1006 1805 per-

301 1806 401 1839 multi
430 1806 524 1838 velut
564 1817 605 1837 ex
643 1807 836 1849 composito
874 1808 1006 1846 dicunt,

301 1851 469 1883 Caesarem
485 1860 622 1887 errasse,
645 1850 726 1892 quia
747 1851 887 1883 Tacitus
907 1852 1006 1891 (Ger-

303 1904 394 1926 man.
409 1904 440 1925 c.
456 1894 487 1924 7.
508 1896 557 1924 10.
577 1893 632 1932 11)
655 1896 845 1926 sacerdotes
868 1896 1005 1928 Germa-

304 1948 424 1969 norum
452 1943 708 1968 commemorat.
754 1937 1006 1971 Commemorat

306 1991 407 2020 sane,
429 1990 471 2012 an
487 1991 565 2012 vero
581 1982 782 2021 sacerdotes,
808 1984 927 2023 quales
941 1983 971 2013 Τ
972 1994 1005 2014 a-

306 2025 396 2057 citus
410 2024 596 2066 descripsit,
617 2024 711 2056 illico
727 2032 804 2057 sunt
821 2027 934 2064 iidem,
947 2026 1006 2067 qui

308 2068 459 2107 Druidae,
487 2069 601 2110 quales
629 2068 740 2100 Caesar
765 2069 1008 2111 descripserat?

305 2113 505 2144 Sacerdotes
519 2113 773 2152 Germanorum,
801 2119 837 2146 ut
857 2124 924 2145 uno
950 2124 1010 2145 ex-

306 2157 422 2197 emplo
437 2161 520 2194 utar,
547 2156 650 2188 bellis
666 2157 884 2189 interfuerunt
907 2158 1009 2197 (Tac.

308 2200 466 2231 German.
494 2209 569 2240 cap.
587 2201 641 2239 7);
666 2201 803 2233 Dmidae
830 2202 1008 2233 Gallorum

306 2254 328 2274 a
344 2243 436 2275 bello
450 2243 602 2274 afuerunt
617 2244 717 2282 (Caes.
731 2256 830 2286 supra
840 2256 917 2287 cap.
932 2245 985 2283 14)
999 2257 1008 2276 z

308 2291 344 2318 et
360 2287 425 2318 hoc
442 2287 563 2319 abesse
574 2297 594 2318 a
608 2287 699 2318 bello
715 2288 826 2320 differt
840 2300 860 2321 a
876 2289 1009 2321 militiae

309 2331 497 2370 vacatione,
526 2330 644 2372 siquis
661 2331 773 2363 locum
794 2332 934 2364 Caesaris
958 2333 1010 2364 in-

309 2374 469 2416 spexerit.
510 2375 705 2406 Sacerdotes
719 2376 961 2409 Germanorum
975 2377 1009 2408 in

309 2418 462 2451 comitiis
484 2421 586 2457 (tam,
610 2418 721 2462 inquit
734 2420 873 2452 Tacitus
897 2431 927 2451 c.
959 2423 1009 2459 ll,

310 2462 455 2503 loquens
484 2463 525 2493 de
558 2462 722 2502 comitiis)
753 2463 927 2495 coercendi
956 2465 1011 2507 jus

309 2505 518 2545 habuerunt3
542 2506 680 2539 Druidae
695 2507 1012 2548 Gallorumjudices

312 2550 515 2592 privatarum
533 2550 815 2592 publicarumque
830 2561 1009 2583 causarum

311 2594 445 2626 fuerunt
486 2593 613 2633 (Caesar
643 2605 674 2626 c.
707 2594 772 2632 13).
803 2595 893 2636 quod
919 2597 1010 2636 apud

314 2638 498 2670 Germanos
513 2637 709 2680 Principum
734 2639 790 2681 jus
810 2638 873 2669 fuit
910 2638 1010 2677 (Caes.

312 2691 344 2712 c.
370 2683 438 2721 23).
484 2682 533 2713 An
549 2691 629 2723 ergo
645 2684 834 2714 sacerdotes
859 2682 911 2714 illi
935 2689 1012 2714 sunt

312 2725 414 2772 piane
429 2725 559 2758 similes
575 2726 776 2759 Druidarum
789 2728 800 2759 ?
840 2725 1011 2759 Libentis-

313 2778 399 2799 srmo
429 2780 507 2812 ergo
529 2768 710 2802 subscribo
734 2770 905 2802 sententiae
923 2770 1012 2802 Mas-

314 2812 405 2843 covii
419 2813 469 2851 (in
484 2814 606 2847 histor.
619 2815 779 2847 German.
791 2814 854 2846 lib.
870 2818 903 2846 2.
916 2813 944 2853 ξ.
959 2817 1011 2846 36.

312 2865 347 2896 P·
367 2857 435 2896 50),
462 2859 520 2899 qui
550 2859 727 2892 Germanis
749 2859 851 2893 fuisse
873 2857 1012 2901 quidem

308 2900 502 2948 sacerdotes
521 2903 679 2936 concedit
686 2915 695 2943 3
721 2905 778 2936 sed
802 2913 861 2935 eos
875 2912 936 2935 nec
952 2901 1012 2934 ha-

307 2942 423 2978 buisse
453 2955 590 2988 nornen,
620 2958 681 2981 nec
711 2946 912 2986 doctrinam,
948 2956 1011 2980 nec

1019 556 1218 601 Deorum
1247 572 1427 599 numero
1447 571 1521 598 eos
1547 554 1662 598 solos
1679 551 1759 595 du-

1062 666 1213 699 instituta
1228 667 1442 709 Druidarum,
1466 664 1628 707 agnoscit.
1673 663 1719 696 Ut
1743 674 1764 701 e

1060 711 1228 744 Dithmari
1243 711 1333 743 notis
1346 712 1389 742 ad
1412 710 1570 742 Tacitum
1584 709 1759 748 (German.

1058 756 1144 795 c.7)
1169 755 1287 794 didici,
1313 755 1402 786 idem
1433 754 1543 786 visum
1571 758 1623 785 est
1651 750 1763 783 Esaiae

1058 800 1272 832 Pufendorfio
1282 805 1315 830 et
1329 797 1623 830 Schurzfleischio.
1650 794 1762 836 Scrip-

1058 849 1148 875 tores
1179 843 1213 875 in
1240 849 1415 884 utramque
1455 847 1583 883 partem
1621 838 1763 881 collegit

1057 887 1216 919 Frickius
1230 887 1272 918 de
1287 886 1424 918 Druidis
1438 886 1531 917 Part.
1543 886 1567 916 1.
1581 895 1613 916 c.
1633 886 1662 915 1.
1685 882 1713 922 ᾗ.
1732 884 1765 913 7.

1058 931 1097 962 In
1127 931 1260 962 Caesare
1297 931 1470 962 refutando
1510 927 1670 970 copiosus
1698 925 1764 958 fuit

1060 975 1215 1007 Irhovius
1239 975 1281 1006 de
1308 973 1542 1016 palingenesia
1558 972 1619 1004 lib.
1634 975 1667 1002 2.
1682 980 1714 1002 c.
1730 970 1764 1001 ⁷.

1061 1019 1126 1050 Sed
1157 1019 1191 1050 in
1230 1019 1351 1050 eodem
1389 1017 1597 1063 defendendo
1626 1014 1764 1047 felicem

1061 1074 1198 1105 operam
1208 1073 1316 1105 nuper
1327 1061 1518 1094 conlocavit
1526 1060 1645 1097 Fulda,
1654 1068 1763 1090 rerum

1061 1107 1241 1149 patriarum
1270 1106 1526 1144 scientissimus,
1557 1104 1592 1135 in
1605 1102 1764 1135 disserta-

1061 1152 1153 1183 tione
1168 1152 1209 1182 de
1223 1150 1431 1183 Numinibus
1455 1154 1606 1180 veterum
1625 1147 1766 1179 Germa-

1059 1206 1190 1234 norum,
1217 1206 1292 1236 quae
1320 1194 1443 1226 inserta
1467 1198 1517 1224 est
1547 1189 1766 1223 collectaneis

1062 1239 1232 1271 historicis
1247 1235 1605 1278 (Geschichtforscher
1629 1234 1672 1265 T.
1685 1234 1712 1266 I.
1728 1243 1764 1274 p.

1063 1284 1134 1323 98),
1148 1293 1223 1324 quae
1240 1294 1319 1314 cura
1334 1280 1497 1313 Meuselii
1512 1289 1564 1310 an.
1587 1279 1669 1310 1775
1685 1287 1766 1318 pro-

1060 1328 1133 1359 dire
1148 1332 1332 1367 coeperunt.
1357 1326 1407 1356 M.
1453 1323 1600 1355 Druidas
1615 1331 1681 1353 non
1707 1321 1769 1352 ha-

1062 1371 1191 1402 bebant
1205 1369 1376 1407 Germani,
1391 1369 1449 1400 sed
1469 1366 1642 1399 habebant
1657 1374 1766 1397 sacer-

1063 1416 1171 1453 dotes,
1193 1414 1276 1446 item
1308 1413 1470 1452 Velledas,
1488 1412 1657 1443 Auriniam
1681 1413 1768 1441 teste

1063 1458 1184 1491 Tacito
1201 1459 1246 1490 H.
1263 1462 1295 1496 4,
1314 1460 1368 1489 61.
1381 1459 1434 1488 65.
1448 1462 1483 1488 et
1493 1455 1536 1487 G.
1550 1465 1584 1486 c.
1601 1456 1633 1485 8.

1112 1504 1225 1535 Rebus
1251 1503 1384 1534 Divinis
1407 1498 1561 1542 p'raeesse.
1605 1496 1658 1529 Sit
1685 1507 1767 1538 ergo

1067 1546 1126 1586 ita,
1138 1547 1186 1579 uti
1196 1546 1336 1578 Tacitus
1349 1545 1521 1584 (German.
1536 1554 1566 1574 c.
1587 1541 1654 1581 10.)
1669 1540 1770 1579 dixit,

1066 1592 1257 1623 sacerdotes
1271 1589 1419 1621 civitatis
1435 1586 1586 1629 publicis
1605 1584 1770 1626 auspiciis

1065 1645 1208 1677 praeesse
1221 1646 1229 1672 3
1249 1640 1359 1665 tamen
1371 1632 1405 1663 hi
1418 1632 1611 1663 sacerdotes
1619 1639 1686 1660 non
1695 1628 1769 1660 fue-

1066 1684 1142 1710 runt
1154 1678 1303 1710 Druidae.
1321 1677 1364 1708 Et
1374 1676 1439 1707 hoc
1450 1672 1691 1706 Caesarvoluit.
1707 1672 1771 1704 Vi-

1064 1722 1290 1755 denturetiam
1298 1732 1348 1753 res
1356 1719 1487 1751 Divinae
1498 1719 1550 1749 h.l
1560 1716 1769 1748 .noniinatim

1063 1777 1136 1799 esse
1143 1764 1370 1803 sacrificia,ob
1379 1774 1429 1804 ea,
1438 1773 1513 1805 quae
1521 1766 1712 1803 sequuntur.
1723 1760 1771 1791 M.

1116 1812 1231 1852 Neque
1248 1810 1414 1849 sacrificiis
1428 1806 1571 1839 student.
1608 1804 1671 1836 His
1694 1814 1772 1835 ver-

1068 1854 1122 1886 bis
1145 1853 1289 1886 Caesaris
1315 1863 1380 1884 nou
1418 1850 1554 1887 dicitur,
1584 1848 1769 1880 Germanos

1070 1899 1168 1940 plane
1186 1896 1286 1929 nullis
1303 1895 1476 1928 sacrificiis
1490 1893 1541 1924 uti
1554 1893 1680 1932 soler03
1696 1892 1768 1930 sed,

1069 1953 1128 1973 eos
1158 1951 1227 1972 non
1263 1949 1467 1981 magnopere
1504 1935 1679 1968 sacrificiis
1709 1934 1772 1975 uti,

1070 1996 1135 2016 non
1150 1986 1295 2016 multum
1311 1994 1350 2014 ac
1367 1993 1457 2024 saepe
1474 1981 1669 2013 sacrificare.
1716 1978 1770 2010 Cf.

1071 2028 1161 2060 dicta
1186 2030 1228 2059 ad
1256 2039 1286 2059 c.
1315 2031 1368 2066 29,
1396 2026 1455 2058 ubi
1471 2026 1688 2068 ‹zyre'culcurae
1702 2034 1772 2055 non

1070 2073 1215 2111 studere,
1247 2082 1307 2114 per
1332 2071 1442 2112 ipsam
1471 2069 1519 2102 rei
1549 2074 1700 2100 naturam
1738 2071 1773 2098 et

1071 2115 1257 2155 historiam,
1269 2114 1373 2147 simili
1384 2115 1485 2146 modo
1496 2112 1699 2154 capiendum
1710 2116 1773 2149 est,

1071 2171 1130 2192 eos
1145 2170 1211 2191 non
1224 2169 1426 2200 magnopere
1442 2157 1575 2189 deditos
1588 2166 1661 2187 esse
1684 2154 1773 2195 agri-

1072 2205 1224 2235 culturae.
1271 2203 1357 2241 Quae
1387 2201 1552 2234 sacrificia
1582 2204 1616 2230 et
1645 2198 1772 2240 quibus

1072 2248 1194 2280 ritibus
1227 2246 1367 2278 fecerint
1391 2244 1497 2287 prisci
1521 2241 1692 2281 Germani,
1715 2252 1772 2273 ne-

1070 2292 1142 2324 scio
1157 2304 1164 2322 ε
1181 2292 1322 2323 fortasse
1334 2288 1556 2322 eucharistica
1571 2287 1688 2329 potius
1704 2286 1776 2317 fue-

1074 2341 1159 2373 runt,
1176 2342 1209 2367 et
1223 2335 1338 2366 oblata
1356 2334 1428 2365 Deo
1445 2341 1596 2370 munera,
1618 2335 1655 2362 ut
1666 2339 1772 2368 arma,

1073 2380 1208 2421 praedae,
1229 2384 1262 2410 et
1278 2376 1468 2420 hujusmodi
1493 2374 1644 2412 donaria,
1670 2383 1774 2416 quam

1073 2423 1235 2462 victimae,
1263 2424 1417 2454 Romano
1439 2420 1506 2452 ritu
1525 2430 1634 2451 caesae.
1681 2417 1774 2455 Quas

1074 2477 1153 2498 cum
1176 2467 1288 2498 Caesar
1308 2465 1394 2498 caedi
1417 2475 1482 2495 non
1498 2463 1647 2500 vidisset,
1664 2471 1772 2503 neque

1073 2511 1138 2549 lac,
1166 2510 1296 2549 vinum,
1320 2510 1404 2546 liba,
1427 2509 1543 2540 oleum
1560 2505 1671 2538 offerri
1686 2505 1773 2544 Diis,

1073 2554 1185 2593 (norat
1209 2560 1321 2585 autem
1338 2553 1410 2594 ipse
1435 2563 1453 2583 e
1479 2551 1587 2593 patria
1610 2548 1775 2591 religione

1074 2599 1146 2630 haec
1174 2597 1346 2640 praecipua
1367 2595 1614 2628 sacrificiorum
1637 2592 1774 2635 genera)

1076 2641 1326 2683 pronunciavit,
1361 2639 1562 2683 religionem
1589 2637 1773 2669 Germano-

1075 2696 1148 2717 rum
1163 2696 1228 2716 non
1244 2684 1366 2717 versari
1391 2693 1596 2727 magnopere
1615 2681 1649 2712 in
1672 2680 1773 2720 sacri-

1075 2729 1176 2767 ficiis,
1201 2740 1344 2770 eamque
1370 2726 1552 2760 aestimavit
1576 2736 1595 2757 e
1622 2725 1774 2756 Romana

1075 2773 1251 2814 religione.
1290 2773 1376 2805 Illud
1390 2783 1408 2803 e
1423 2771 1545 2803 Tacito
1560 2769 1692 2810 (Germ.
1708 2778 1737 2798 c.
1749 2769 1769 2798 9

1074 2823 1107 2848 et
1139 2818 1195 2857 39)
1226 2817 1364 2855 scimus,
1389 2816 1573 2848 Germanos
1601 2811 1774 2843 Mercurio

1074 2861 1173 2892 certis
1197 2861 1317 2893 diebus
1331 2860 1488 2892 homines
1501 2855 1705 2894 immolasse,
1727 2854 1772 2896 ab

1076 2903 1183 2946 iisque
1199 2916 1303 2938 caesas
1319 2915 1391 2936 esse
1406 2903 1560 2936 victimas
1577 2899 1680 2940 (ibid.
1696 2910 1773 2941 cap.

1075 2949 1123 2989 9).
1162 2948 1227 2983 Sed
1247 2950 1386 2984 fortasse
1403 2947 1469 2982 hoc
1486 2944 1626 2981 invaluit
1641 2948 1720 2988 post
1733 2953 1774 2986 ea
