<?xml version="1.0" encoding="UTF-8"?>
<!DOCTYPE html PUBLIC "-//W3C//DTD XHTML 1.0 Transitional//EN"
    "http://www.w3.org/TR/xhtml1/DTD/xhtml1-transitional.dtd">
<html xmlns="http://www.w3.org/1999/xhtml" xml:lang="en" lang="en">
 <head>
  <title>
</title>
<meta http-equiv="Content-Type" content="text/html;charset=utf-8" />
  <meta name='ocr-system' content='tesseract 3.04.00' />
  <meta name='ocr-capabilities' content='ocr_page ocr_carea ocr_par ocr_line ocrx_word'/>
</head>
<body>
  <div class='ocr_page' id='page_1' title='image "./commentariidebel00caesuoft_0413.png"; bbox 0 0 1946 3261; ppageno 0'>
   <div class='ocr_carea' id='block_1_1' title="bbox 0 0 3 816">
    <p class='ocr_par' dir='ltr' id='par_1_1' title="bbox 0 0 3 816">
     <span class='ocr_line' id='line_1_1' title="bbox 0 0 3 816; baseline 0 0"><span class='ocrx_word' id='word_1_1' title='bbox 0 0 3 816; x_wconf 95' lang='lat' dir='ltr'> </span> 
     </span>
    </p>
   </div>
   <div class='ocr_carea' id='block_1_2' title="bbox 0 2851 8 3205">
    <p class='ocr_par' dir='ltr' id='par_1_2' title="bbox 0 2851 8 3205">
     <span class='ocr_line' id='line_1_2' title="bbox 0 2851 8 3205; textangle 90"><span class='ocrx_word' id='word_1_2' title='bbox 0 3136 8 3205; x_wconf 54' lang='grc' dir='ltr'>,ῑτει</span> <span class='ocrx_word' id='word_1_3' title='bbox 0 2893 7 3095; x_wconf 25' lang='grc' dir='ltr'>,ἑᾶὶνῄ</span> <span class='ocrx_word' id='word_1_4' title='bbox 0 2874 1 2879; x_wconf 35' lang='grc' dir='ltr'><em>Α</em></span> <span class='ocrx_word' id='word_1_5' title='bbox 0 2851 2 2863; x_wconf 34' lang='grc' dir='ltr'>ἡ</span> 
     </span>
    </p>
   </div>
   <div class='ocr_carea' id='block_1_3' title="bbox 594 217 1686 269">
    <p class='ocr_par' dir='ltr' id='par_1_3' title="bbox 594 217 1686 269">
     <span class='ocr_line' id='line_1_3' title="bbox 594 217 1686 269; baseline 0.007 -8"><span class='ocrx_word' id='word_1_6' title='bbox 594 219 708 263; x_wconf 88' lang='lat' dir='ltr'>LIB.</span> <span class='ocrx_word' id='word_1_7' title='bbox 745 220 828 264; x_wconf 86' lang='lat' dir='ltr'>III.</span> <span class='ocrx_word' id='word_1_8' title='bbox 894 221 1032 265; x_wconf 87' lang='lat' dir='ltr'>CAP.</span> <span class='ocrx_word' id='word_1_9' title='bbox 1066 217 1265 266; x_wconf 60' lang='lat' dir='ltr'>41--44q</span> <span class='ocrx_word' id='word_1_10' title='bbox 1600 226 1686 269; x_wconf 82' lang='lat'>373</span> 
     </span>
    </p>
   </div>
   <div class='ocr_carea' id='block_1_4' title="bbox 185 342 1689 2526">
    <p class='ocr_par' dir='ltr' id='par_1_4' title="bbox 193 342 1686 468">
     <span class='ocr_line' id='line_1_4' title="bbox 196 342 1686 412; baseline 0.007 -27"><span class='ocrx_word' id='word_1_11' title='bbox 196 342 517 401; x_wconf 74' lang='lat' dir='ltr'><strong>Dyrrhachium</strong></span> <span class='ocrx_word' id='word_1_12' title='bbox 548 350 682 401; x_wconf 82' lang='lat' dir='ltr'>venit,</span> <span class='ocrx_word' id='word_1_13' title='bbox 719 366 853 408; x_wconf 89' lang='lat' dir='ltr'>quum</span> <span class='ocrx_word' id='word_1_14' title='bbox 884 351 1072 409; x_wconf 87' lang='lat' dir='ltr'>primum</span> <span class='ocrx_word' id='word_1_15' title='bbox 1105 366 1259 408; x_wconf 80' lang='lat' dir='ltr'>agmen</span> <span class='ocrx_word' id='word_1_16' title='bbox 1299 351 1494 412; x_wconf 89' lang='lat' dir='ltr'>Pompeii</span> <span class='ocrx_word' id='word_1_17' title='bbox 1528 354 1686 411; x_wconf 86' lang='lat' dir='ltr'>procul</span> 
     </span>
     <span class='ocr_line' id='line_1_5' title="bbox 193 408 1033 468; baseline 0.007 -25"><span class='ocrx_word' id='word_1_18' title='bbox 193 414 458 457; x_wconf 86' lang='lat' dir='ltr'>cerneretur,</span> <span class='ocrx_word' id='word_1_19' title='bbox 476 416 607 464; x_wconf 90' lang='lat' dir='ltr'>atque</span> <span class='ocrx_word' id='word_1_20' title='bbox 629 408 689 451; x_wconf 90' lang='lat' dir='ltr'>ibi</span> <span class='ocrx_word' id='word_1_21' title='bbox 711 418 851 451; x_wconf 89' lang='lat' dir='ltr'>castra</span> <span class='ocrx_word' id='word_1_22' title='bbox 872 409 1033 468; x_wconf 84' lang='lat' dir='ltr'><strong>posuit.</strong></span> 
     </span>
    </p>

    <p class='ocr_par' dir='ltr' id='par_1_5' title="bbox 185 461 1686 1638">
     <span class='ocr_line' id='line_1_6' title="bbox 251 461 1678 529; baseline 0.01 -28"><span class='ocrx_word' id='word_1_23' title='bbox 251 461 321 502; x_wconf 78' lang='lat'>42.</span> <span class='ocrx_word' id='word_1_24' title='bbox 375 464 617 523; x_wconf 90' lang='lat' dir='ltr'>Pompeius,</span> <span class='ocrx_word' id='word_1_25' title='bbox 663 468 918 510; x_wconf 86' lang='lat' dir='ltr'>interclusus</span> <span class='ocrx_word' id='word_1_26' title='bbox 953 467 1246 527; x_wconf 78' lang='lat' dir='ltr'>Dyrrhachio,</span> <span class='ocrx_word' id='word_1_27' title='bbox 1284 469 1362 511; x_wconf 90' lang='lat' dir='ltr'>ubi</span> <span class='ocrx_word' id='word_1_28' title='bbox 1400 470 1678 529; x_wconf 89' lang='lat' dir='ltr'>propositum</span> 
     </span>
     <span class='ocr_line' id='line_1_7' title="bbox 191 525 1683 587; baseline 0.008 -26"><span class='ocrx_word' id='word_1_29' title='bbox 191 527 336 563; x_wconf 90' lang='lat' dir='ltr'>tenere</span> <span class='ocrx_word' id='word_1_30' title='bbox 359 537 442 565; x_wconf 91' lang='lat' dir='ltr'>non</span> <span class='ocrx_word' id='word_1_31' title='bbox 465 526 626 581; x_wconf 88' lang='lat' dir='ltr'>potuit,</span> <span class='ocrx_word' id='word_1_32' title='bbox 661 526 848 569; x_wconf 88' lang='lat' dir='ltr'>secundo</span> <span class='ocrx_word' id='word_1_33' title='bbox 871 543 971 569; x_wconf 90' lang='lat' dir='ltr'>usus</span> <span class='ocrx_word' id='word_1_34' title='bbox 992 526 1182 576; x_wconf 90' lang='lat' dir='ltr'>consilio,</span> <span class='ocrx_word' id='word_1_35' title='bbox 1217 525 1334 568; x_wconf 86' lang='lat' dir='ltr'>edito</span> <span class='ocrx_word' id='word_1_36' title='bbox 1367 527 1480 580; x_wconf 91' lang='lat' dir='ltr'>loco,</span> <span class='ocrx_word' id='word_1_37' title='bbox 1511 530 1585 587; x_wconf 90' lang='lat' dir='ltr'>qui</span> <span class='ocrx_word' id='word_1_38' title='bbox 1607 530 1683 573; x_wconf 88' lang='lat' dir='ltr'>ad-</span> 
     </span>
     <span class='ocr_line' id='line_1_8' title="bbox 190 579 1681 647; baseline 0.008 -27"><span class='ocrx_word' id='word_1_39' title='bbox 190 579 384 637; x_wconf 88' lang='lat' dir='ltr'>pellatur</span> <span class='ocrx_word' id='word_1_40' title='bbox 410 582 557 633; x_wconf 87' lang='lat' dir='ltr'>Petra,</span> <span class='ocrx_word' id='word_1_41' title='bbox 594 583 848 641; x_wconf 81' lang='lat' dir='ltr'>aditumque</span> <span class='ocrx_word' id='word_1_42' title='bbox 886 585 1018 627; x_wconf 88' lang='lat' dir='ltr'>habet</span> <span class='ocrx_word' id='word_1_43' title='bbox 1051 585 1231 627; x_wconf 89' lang='lat' dir='ltr'>navibus</span> <span class='ocrx_word' id='word_1_44' title='bbox 1263 584 1523 630; x_wconf 84' lang='lat' dir='ltr'>mediocrem</span> <span class='ocrx_word' id='word_1_45' title='bbox 1545 597 1681 647; x_wconf 88' lang='lat' dir='ltr'>atque</span> 
     </span>
     <span class='ocr_line' id='line_1_9' title="bbox 190 639 1680 705; baseline 0.002 -26"><span class='ocrx_word' id='word_1_46' title='bbox 190 653 259 680; x_wconf 88' lang='lat' dir='ltr'>eas</span> <span class='ocrx_word' id='word_1_47' title='bbox 276 654 300 679; x_wconf 86' lang='lat' dir='ltr'>a</span> <span class='ocrx_word' id='word_1_48' title='bbox 329 639 590 696; x_wconf 89' lang='lat' dir='ltr'>quibusdam</span> <span class='ocrx_word' id='word_1_49' title='bbox 613 644 810 700; x_wconf 83' lang='lat' dir='ltr'>protegit</span> <span class='ocrx_word' id='word_1_50' title='bbox 838 643 993 694; x_wconf 85' lang='lat' dir='ltr'>ventis,</span> <span class='ocrx_word' id='word_1_51' title='bbox 1017 652 1156 685; x_wconf 88' lang='lat' dir='ltr'>castra</span> <span class='ocrx_word' id='word_1_52' title='bbox 1177 643 1427 686; x_wconf 88' lang='lat' dir='ltr'>communit.</span> <span class='ocrx_word' id='word_1_53' title='bbox 1491 646 1556 688; x_wconf 93' lang='lat' dir='ltr'>Eo</span> <span class='ocrx_word' id='word_1_54' title='bbox 1579 664 1680 705; x_wconf 69' lang='lat' dir='ltr'>par-</span> 
     </span>
     <span class='ocr_line' id='line_1_10' title="bbox 189 697 1682 762; baseline 0.007 -24"><span class='ocrx_word' id='word_1_55' title='bbox 189 704 275 738; x_wconf 91' lang='lat' dir='ltr'>tem</span> <span class='ocrx_word' id='word_1_56' title='bbox 297 697 471 740; x_wconf 89' lang='lat' dir='ltr'>navium</span> <span class='ocrx_word' id='word_1_57' title='bbox 492 699 723 757; x_wconf 84' lang='lat' dir='ltr'>longarum</span> <span class='ocrx_word' id='word_1_58' title='bbox 742 702 988 752; x_wconf 91' lang='lat' dir='ltr'>convenire,</span> <span class='ocrx_word' id='word_1_59' title='bbox 1011 702 1276 744; x_wconf 88' lang='lat' dir='ltr'>frumentum</span> <span class='ocrx_word' id='word_1_60' title='bbox 1304 711 1682 762; x_wconf 82' lang='lat' dir='ltr'>commeatumque</span> 
     </span>
     <span class='ocr_line' id='line_1_11' title="bbox 189 754 1684 820; baseline 0.007 -24"><span class='ocrx_word' id='word_1_61' title='bbox 189 754 246 797; x_wconf 89' lang='lat' dir='ltr'>ab</span> <span class='ocrx_word' id='word_1_62' title='bbox 269 756 371 798; x_wconf 83' lang='lat' dir='ltr'>Asia</span> <span class='ocrx_word' id='word_1_63' title='bbox 389 765 522 814; x_wconf 86' lang='lat' dir='ltr'>atque</span> <span class='ocrx_word' id='word_1_64' title='bbox 546 760 743 802; x_wconf 84' lang='lat' dir='ltr'>omnibus</span> <span class='ocrx_word' id='word_1_65' title='bbox 766 761 1032 818; x_wconf 77' lang='lat' dir='ltr'>regionibus,</span> <span class='ocrx_word' id='word_1_66' title='bbox 1056 777 1163 817; x_wconf 90' lang='lat' dir='ltr'>quas</span> <span class='ocrx_word' id='word_1_67' title='bbox 1183 760 1377 810; x_wconf 80' lang='lat' dir='ltr'>tenebat,</span> <span class='ocrx_word' id='word_1_68' title='bbox 1417 765 1684 820; x_wconf 88' lang='lat' dir='ltr'>comportari</span> 
     </span>
     <span class='ocr_line' id='line_1_12' title="bbox 187 812 1681 877; baseline 0.007 -23"><span class='ocrx_word' id='word_1_69' title='bbox 187 812 387 871; x_wconf 89' lang='lat' dir='ltr'>imperat.</span> <span class='ocrx_word' id='word_1_70' title='bbox 453 816 614 867; x_wconf 83' lang='lat' dir='ltr'>Caesar,</span> <span class='ocrx_word' id='word_1_71' title='bbox 639 818 808 877; x_wconf 82' lang='lat' dir='ltr'>longius</span> <span class='ocrx_word' id='word_1_72' title='bbox 830 819 996 862; x_wconf 90' lang='lat' dir='ltr'>bellum</span> <span class='ocrx_word' id='word_1_73' title='bbox 1017 820 1198 862; x_wconf 89' lang='lat' dir='ltr'>ductum</span> <span class='ocrx_word' id='word_1_74' title='bbox 1219 819 1272 861; x_wconf 90' lang='lat' dir='ltr'>iri</span> <span class='ocrx_word' id='word_1_75' title='bbox 1293 818 1538 862; x_wconf 85' lang='lat' dir='ltr'>existimans</span> <span class='ocrx_word' id='word_1_76' title='bbox 1559 829 1603 863; x_wconf 85' lang='lat' dir='ltr'>et</span> <span class='ocrx_word' id='word_1_77' title='bbox 1625 821 1681 864; x_wconf 89' lang='lat' dir='ltr'>de</span> 
     </span>
     <span class='ocr_line' id='line_1_13' title="bbox 186 871 1684 936; baseline 0.007 -23"><span class='ocrx_word' id='word_1_78' title='bbox 186 871 349 915; x_wconf 85' lang='lat' dir='ltr'>Italicis</span> <span class='ocrx_word' id='word_1_79' title='bbox 383 877 694 920; x_wconf 80' lang='lat' dir='ltr'>commeatibus</span> <span class='ocrx_word' id='word_1_80' title='bbox 727 878 976 936; x_wconf 87' lang='lat' dir='ltr'>desperans,</span> <span class='ocrx_word' id='word_1_81' title='bbox 1001 878 1117 935; x_wconf 87' lang='lat' dir='ltr'>quod</span> <span class='ocrx_word' id='word_1_82' title='bbox 1139 887 1261 920; x_wconf 88' lang='lat' dir='ltr'>tanta</span> <span class='ocrx_word' id='word_1_83' title='bbox 1289 877 1515 936; x_wconf 80' lang='lat' dir='ltr'>diligentia</span> <span class='ocrx_word' id='word_1_84' title='bbox 1537 881 1684 923; x_wconf 89' lang='lat' dir='ltr'>omnia</span> 
     </span>
     <span class='ocr_line' id='line_1_14' title="bbox 186 929 1682 995; baseline 0.007 -23"><span class='ocrx_word' id='word_1_85' title='bbox 186 929 316 974; x_wconf 89' lang='lat' dir='ltr'>litora</span> <span class='ocrx_word' id='word_1_86' title='bbox 333 949 358 974; x_wconf 87' lang='lat' dir='ltr'>a</span> <span class='ocrx_word' id='word_1_87' title='bbox 384 933 657 993; x_wconf 80' lang='lat' dir='ltr'>Pompeianis</span> <span class='ocrx_word' id='word_1_88' title='bbox 680 937 957 988; x_wconf 87' lang='lat' dir='ltr'>tenebantur,</span> <span class='ocrx_word' id='word_1_89' title='bbox 981 937 1220 994; x_wconf 82' lang='lat' dir='ltr'>classesque</span> <span class='ocrx_word' id='word_1_90' title='bbox 1236 937 1384 995; x_wconf 78' lang='lat' dir='ltr'>ipsius,</span> <span class='ocrx_word' id='word_1_91' title='bbox 1410 953 1517 993; x_wconf 89' lang='lat' dir='ltr'>quas</span> <span class='ocrx_word' id='word_1_92' title='bbox 1543 938 1682 982; x_wconf 92' lang='lat' dir='ltr'>hieme</span> 
     </span>
     <span class='ocr_line' id='line_1_15' title="bbox 188 988 1683 1055; baseline 0.007 -24"><span class='ocrx_word' id='word_1_93' title='bbox 188 988 231 1031; x_wconf 77' lang='lat' dir='ltr'>ln</span> <span class='ocrx_word' id='word_1_94' title='bbox 256 990 418 1043; x_wconf 82' lang='lat' dir='ltr'>Sicilia,</span> <span class='ocrx_word' id='word_1_95' title='bbox 458 994 620 1046; x_wconf 88' lang='lat' dir='ltr'>Gallia,</span> <span class='ocrx_word' id='word_1_96' title='bbox 654 995 782 1038; x_wconf 81' lang='lat' dir='ltr'>Italia</span> <span class='ocrx_word' id='word_1_97' title='bbox 804 996 985 1048; x_wconf 85' lang='lat' dir='ltr'>fecerat,</span> <span class='ocrx_word' id='word_1_98' title='bbox 1019 997 1321 1047; x_wconf 87' lang='lat' dir='ltr'>morabantur,</span> <span class='ocrx_word' id='word_1_99' title='bbox 1346 996 1388 1038; x_wconf 91' lang='lat' dir='ltr'>in</span> <span class='ocrx_word' id='word_1_100' title='bbox 1411 996 1598 1055; x_wconf 89' lang='lat' dir='ltr'>Epirum</span> <span class='ocrx_word' id='word_1_101' title='bbox 1619 999 1683 1041; x_wconf 88' lang='lat' dir='ltr'>rei</span> 
     </span>
     <span class='ocr_line' id='line_1_16' title="bbox 188 1048 1685 1115; baseline 0.007 -26"><span class='ocrx_word' id='word_1_102' title='bbox 188 1048 482 1094; x_wconf 73' lang='lat' dir='ltr'>frumentariae</span> <span class='ocrx_word' id='word_1_103' title='bbox 519 1070 665 1096; x_wconf 81' lang='lat' dir='ltr'>caussa</span> <span class='ocrx_word' id='word_1_104' title='bbox 703 1055 757 1104; x_wconf 82' lang='lat' dir='ltr'>Q.</span> <span class='ocrx_word' id='word_1_105' title='bbox 798 1054 992 1097; x_wconf 92' lang='lat' dir='ltr'>Tullium</span> <span class='ocrx_word' id='word_1_106' title='bbox 1030 1065 1073 1097; x_wconf 91' lang='lat' dir='ltr'>et</span> <span class='ocrx_word' id='word_1_107' title='bbox 1113 1055 1163 1097; x_wconf 93' lang='lat' dir='ltr'>L.</span> <span class='ocrx_word' id='word_1_108' title='bbox 1192 1054 1453 1097; x_wconf 89' lang='lat' dir='ltr'>Canuleium</span> <span class='ocrx_word' id='word_1_109' title='bbox 1496 1055 1685 1115; x_wconf 77' lang='lat' dir='ltr'>Legatos</span> 
     </span>
     <span class='ocr_line' id='line_1_17' title="bbox 188 1108 1682 1172; baseline 0.006 -23"><span class='ocrx_word' id='word_1_110' title='bbox 188 1108 328 1151; x_wconf 82' lang='lat' dir='ltr'>misit:</span> <span class='ocrx_word' id='word_1_111' title='bbox 363 1111 571 1169; x_wconf 89' lang='lat' dir='ltr'>quodque</span> <span class='ocrx_word' id='word_1_112' title='bbox 594 1112 657 1155; x_wconf 79' lang='lat' dir='ltr'>hae</span> <span class='ocrx_word' id='word_1_113' title='bbox 678 1115 875 1172; x_wconf 82' lang='lat' dir='ltr'>regiones</span> <span class='ocrx_word' id='word_1_114' title='bbox 892 1115 1076 1157; x_wconf 87' lang='lat' dir='ltr'>aberant</span> <span class='ocrx_word' id='word_1_115' title='bbox 1098 1114 1284 1172; x_wconf 80' lang='lat' dir='ltr'>longius,</span> <span class='ocrx_word' id='word_1_116' title='bbox 1309 1114 1414 1157; x_wconf 89' lang='lat' dir='ltr'>locis</span> <span class='ocrx_word' id='word_1_117' title='bbox 1436 1115 1564 1157; x_wconf 89' lang='lat' dir='ltr'>certis</span> <span class='ocrx_word' id='word_1_118' title='bbox 1583 1115 1682 1158; x_wconf 90' lang='lat' dir='ltr'>hor-</span> 
     </span>
     <span class='ocr_line' id='line_1_18' title="bbox 188 1171 1681 1230; baseline 0.005 -21"><span class='ocrx_word' id='word_1_119' title='bbox 188 1183 262 1209; x_wconf 85' lang='lat' dir='ltr'>rea</span> <span class='ocrx_word' id='word_1_120' title='bbox 298 1171 541 1222; x_wconf 86' lang='lat' dir='ltr'>constituit,</span> <span class='ocrx_word' id='word_1_121' title='bbox 597 1182 886 1230; x_wconf 82' lang='lat' dir='ltr'>vecturasque</span> <span class='ocrx_word' id='word_1_122' title='bbox 929 1173 1138 1216; x_wconf 86' lang='lat' dir='ltr'>frumenti</span> <span class='ocrx_word' id='word_1_123' title='bbox 1180 1173 1387 1216; x_wconf 88' lang='lat' dir='ltr'>finitumis</span> <span class='ocrx_word' id='word_1_124' title='bbox 1426 1174 1681 1218; x_wconf 82' lang='lat' dir='ltr'>civitatibus</span> 
     </span>
     <span class='ocr_line' id='line_1_19' title="bbox 185 1226 1684 1291; baseline 0.006 -24"><span class='ocrx_word' id='word_1_125' title='bbox 185 1226 439 1286; x_wconf 88' lang='lat' dir='ltr'>descripsit;</span> <span class='ocrx_word' id='word_1_126' title='bbox 474 1230 578 1272; x_wconf 86' lang='lat' dir='ltr'>item</span> <span class='ocrx_word' id='word_1_127' title='bbox 598 1231 717 1274; x_wconf 85' lang='lat' dir='ltr'>Lisso</span> <span class='ocrx_word' id='word_1_128' title='bbox 742 1231 1046 1290; x_wconf 84' lang='lat' dir='ltr'>Parthinisque</span> <span class='ocrx_word' id='word_1_129' title='bbox 1068 1242 1112 1275; x_wconf 90' lang='lat' dir='ltr'>et</span> <span class='ocrx_word' id='word_1_130' title='bbox 1129 1233 1327 1275; x_wconf 87' lang='lat' dir='ltr'>omnibus</span> <span class='ocrx_word' id='word_1_131' title='bbox 1345 1233 1549 1284; x_wconf 85' lang='lat' dir='ltr'>castellis,</span> <span class='ocrx_word' id='word_1_132' title='bbox 1562 1234 1684 1291; x_wconf 89' lang='lat' dir='ltr'>quod</span> 
     </span>
     <span class='ocr_line' id='line_1_20' title="bbox 186 1286 1685 1350; baseline 0.005 -24"><span class='ocrx_word' id='word_1_133' title='bbox 186 1295 295 1328; x_wconf 87' lang='lat' dir='ltr'>esset</span> <span class='ocrx_word' id='word_1_134' title='bbox 328 1286 552 1339; x_wconf 89' lang='lat' dir='ltr'>frumenti,</span> <span class='ocrx_word' id='word_1_135' title='bbox 586 1290 783 1347; x_wconf 86' lang='lat' dir='ltr'>conquiri</span> <span class='ocrx_word' id='word_1_136' title='bbox 811 1292 950 1348; x_wconf 78' lang='lat' dir='ltr'>jussit.</span> <span class='ocrx_word' id='word_1_137' title='bbox 1016 1291 1068 1332; x_wconf 90' lang='lat' dir='ltr'>Id</span> <span class='ocrx_word' id='word_1_138' title='bbox 1087 1301 1181 1334; x_wconf 86' lang='lat' dir='ltr'>erat</span> <span class='ocrx_word' id='word_1_139' title='bbox 1210 1293 1512 1350; x_wconf 82' lang='lat' dir='ltr'>perexiguum,</span> <span class='ocrx_word' id='word_1_140' title='bbox 1547 1308 1685 1350; x_wconf 90' lang='lat' dir='ltr'>quum</span> 
     </span>
     <span class='ocr_line' id='line_1_21' title="bbox 189 1344 1686 1408; baseline 0.006 -23"><span class='ocrx_word' id='word_1_141' title='bbox 189 1344 321 1402; x_wconf 87' lang='lat' dir='ltr'>ipsius</span> <span class='ocrx_word' id='word_1_142' title='bbox 358 1346 451 1404; x_wconf 81' lang='lat' dir='ltr'>agri</span> <span class='ocrx_word' id='word_1_143' title='bbox 489 1356 660 1397; x_wconf 90' lang='lat' dir='ltr'>natura,</span> <span class='ocrx_word' id='word_1_144' title='bbox 697 1350 816 1406; x_wconf 87' lang='lat' dir='ltr'>quod</span> <span class='ocrx_word' id='word_1_145' title='bbox 849 1359 949 1391; x_wconf 89' lang='lat' dir='ltr'>sunt</span> <span class='ocrx_word' id='word_1_146' title='bbox 982 1350 1078 1392; x_wconf 87' lang='lat' dir='ltr'>loca</span> <span class='ocrx_word' id='word_1_147' title='bbox 1108 1364 1260 1408; x_wconf 84' lang='lat' dir='ltr'>aspera</span> <span class='ocrx_word' id='word_1_148' title='bbox 1294 1360 1338 1393; x_wconf 92' lang='lat' dir='ltr'>et</span> <span class='ocrx_word' id='word_1_149' title='bbox 1375 1360 1604 1394; x_wconf 81' lang='lat' dir='ltr'>montuosa</span> <span class='ocrx_word' id='word_1_150' title='bbox 1635 1368 1686 1394; x_wconf 85' lang='lat' dir='ltr'>ac</span> 
     </span>
     <span class='ocr_line' id='line_1_22' title="bbox 204 1403 1685 1466; baseline 0.005 -22"><span class='ocrx_word' id='word_1_151' title='bbox 204 1403 449 1461; x_wconf 66' lang='lat' dir='ltr'>sserumque</span> <span class='ocrx_word' id='word_1_152' title='bbox 468 1406 685 1449; x_wconf 85' lang='lat' dir='ltr'>frumento</span> <span class='ocrx_word' id='word_1_153' title='bbox 706 1416 894 1450; x_wconf 89' lang='lat' dir='ltr'>utuntur</span> <span class='ocrx_word' id='word_1_154' title='bbox 911 1409 1161 1466; x_wconf 88' lang='lat' dir='ltr'>inportato;</span> <span class='ocrx_word' id='word_1_155' title='bbox 1194 1417 1288 1450; x_wconf 91' lang='lat' dir='ltr'>tum</span> <span class='ocrx_word' id='word_1_156' title='bbox 1311 1409 1433 1465; x_wconf 91' lang='lat' dir='ltr'>quod</span> <span class='ocrx_word' id='word_1_157' title='bbox 1453 1410 1560 1452; x_wconf 90' lang='lat' dir='ltr'>Pom</span> <span class='ocrx_word' id='word_1_158' title='bbox 1594 1410 1685 1452; x_wconf 89' lang='lat' dir='ltr'>eius</span> 
     </span>
     <span class='ocr_line' id='line_1_23' title="bbox 189 1419 1686 1524; baseline 0.005 -21"><span class='ocrx_word' id='word_1_159' title='bbox 189 1419 279 1504; x_wconf 75' lang='lat' dir='ltr'>haec</span> <span class='ocrx_word' id='word_1_160' title='bbox 303 1464 557 1520; x_wconf 85' lang='lat' dir='ltr'>providerat</span> <span class='ocrx_word' id='word_1_161' title='bbox 578 1474 622 1505; x_wconf 86' lang='lat' dir='ltr'>et</span> <span class='ocrx_word' id='word_1_162' title='bbox 646 1465 946 1521; x_wconf 83' lang='lat' dir='ltr'>superioribus</span> <span class='ocrx_word' id='word_1_163' title='bbox 967 1467 1122 1509; x_wconf 87' lang='lat' dir='ltr'>diebus</span> <span class='ocrx_word' id='word_1_164' title='bbox 1144 1467 1299 1524; x_wconf 66' lang='lat' dir='ltr'>praedte</span> <span class='ocrx_word' id='word_1_165' title='bbox 1328 1468 1422 1508; x_wconf 88' lang='lat' dir='ltr'>loco</span> <span class='ocrx_word' id='word_1_166' title='bbox 1455 1466 1561 1508; x_wconf 87' lang='lat' dir='ltr'>Part</span> <span class='ocrx_word' id='word_1_167' title='bbox 1595 1468 1686 1510; x_wconf 89' lang='lat' dir='ltr'>inos</span> 
     </span>
     <span class='ocr_line' id='line_1_24' title="bbox 186 1519 1685 1580; baseline 0.005 -18"><span class='ocrx_word' id='word_1_168' title='bbox 186 1519 416 1571; x_wconf 82' lang='lat' dir='ltr'>habuerat,</span> <span class='ocrx_word' id='word_1_169' title='bbox 439 1522 793 1577; x_wconf 81' lang='lat' dir='ltr'>frumentumque</span> <span class='ocrx_word' id='word_1_170' title='bbox 816 1537 940 1564; x_wconf 86' lang='lat' dir='ltr'>omne</span> <span class='ocrx_word' id='word_1_171' title='bbox 961 1526 1268 1579; x_wconf 80' lang='lat' dir='ltr'>conquisitum,</span> <span class='ocrx_word' id='word_1_172' title='bbox 1291 1523 1488 1580; x_wconf 88' lang='lat' dir='ltr'>spoliatis</span> <span class='ocrx_word' id='word_1_173' title='bbox 1508 1525 1685 1569; x_wconf 86' lang='lat' dir='ltr'>effossis-</span> 
     </span>
     <span class='ocr_line' id='line_1_25' title="bbox 187 1579 1312 1638; baseline -0.001 -17"><span class='ocrx_word' id='word_1_174' title='bbox 187 1595 272 1636; x_wconf 88' lang='lat' dir='ltr'>que</span> <span class='ocrx_word' id='word_1_175' title='bbox 295 1595 445 1621; x_wconf 89' lang='lat' dir='ltr'>eorum</span> <span class='ocrx_word' id='word_1_176' title='bbox 469 1579 684 1629; x_wconf 83' lang='lat' dir='ltr'>domibus,</span> <span class='ocrx_word' id='word_1_177' title='bbox 708 1595 788 1637; x_wconf 82' lang='lat' dir='ltr'>per</span> <span class='ocrx_word' id='word_1_178' title='bbox 809 1580 978 1636; x_wconf 86' lang='lat' dir='ltr'>equites</span> <span class='ocrx_word' id='word_1_179' title='bbox 997 1588 1312 1638; x_wconf 65' lang='lat' dir='ltr'>comportarat.</span> 
     </span>
    </p>

    <p class='ocr_par' dir='ltr' id='par_1_6' title="bbox 187 1637 1689 2462">
     <span class='ocr_line' id='line_1_26' title="bbox 249 1637 1687 1698; baseline 0.004 -19"><span class='ocrx_word' id='word_1_180' title='bbox 249 1638 320 1679; x_wconf 75' lang='lat'>43.</span> <span class='ocrx_word' id='word_1_181' title='bbox 358 1638 529 1687; x_wconf 82' lang='lat' dir='ltr'>Quibus</span> <span class='ocrx_word' id='word_1_182' title='bbox 552 1637 681 1679; x_wconf 87' lang='lat' dir='ltr'>rebus</span> <span class='ocrx_word' id='word_1_183' title='bbox 703 1638 904 1694; x_wconf 75' lang='lat' dir='ltr'>cognitis,</span> <span class='ocrx_word' id='word_1_184' title='bbox 941 1638 1085 1680; x_wconf 80' lang='lat' dir='ltr'>Caesar</span> <span class='ocrx_word' id='word_1_185' title='bbox 1114 1638 1338 1681; x_wconf 89' lang='lat' dir='ltr'>consilium</span> <span class='ocrx_word' id='word_1_186' title='bbox 1367 1641 1486 1698; x_wconf 89' lang='lat' dir='ltr'>capit</span> <span class='ocrx_word' id='word_1_187' title='bbox 1521 1657 1574 1683; x_wconf 82' lang='lat' dir='ltr'>ex</span> <span class='ocrx_word' id='word_1_188' title='bbox 1601 1642 1687 1685; x_wconf 88' lang='lat' dir='ltr'>loci</span> 
     </span>
     <span class='ocr_line' id='line_1_27' title="bbox 190 1697 1685 1755; baseline 0.002 -15"><span class='ocrx_word' id='word_1_189' title='bbox 190 1706 359 1740; x_wconf 87' lang='lat' dir='ltr'>natura.</span> <span class='ocrx_word' id='word_1_190' title='bbox 424 1697 563 1738; x_wconf 90' lang='lat' dir='ltr'>Erant</span> <span class='ocrx_word' id='word_1_191' title='bbox 597 1697 708 1738; x_wconf 89' lang='lat' dir='ltr'>enim</span> <span class='ocrx_word' id='word_1_192' title='bbox 743 1697 905 1738; x_wconf 81' lang='lat' dir='ltr'>circuni</span> <span class='ocrx_word' id='word_1_193' title='bbox 940 1706 1081 1739; x_wconf 86' lang='lat' dir='ltr'>castra</span> <span class='ocrx_word' id='word_1_194' title='bbox 1118 1697 1314 1755; x_wconf 86' lang='lat' dir='ltr'>Pompeii</span> <span class='ocrx_word' id='word_1_195' title='bbox 1338 1700 1546 1755; x_wconf 89' lang='lat' dir='ltr'>permulti</span> <span class='ocrx_word' id='word_1_196' title='bbox 1580 1701 1685 1743; x_wconf 79' lang='lat' dir='ltr'>editi</span> 
     </span>
     <span class='ocr_line' id='line_1_28' title="bbox 191 1755 1687 1817; baseline 0.003 -20"><span class='ocrx_word' id='word_1_197' title='bbox 191 1764 324 1813; x_wconf 89' lang='lat' dir='ltr'>atque</span> <span class='ocrx_word' id='word_1_198' title='bbox 346 1756 488 1814; x_wconf 86' lang='lat' dir='ltr'>asperi</span> <span class='ocrx_word' id='word_1_199' title='bbox 512 1755 667 1798; x_wconf 85' lang='lat' dir='ltr'>colles:</span> <span class='ocrx_word' id='word_1_200' title='bbox 702 1755 779 1798; x_wconf 90' lang='lat' dir='ltr'>hos</span> <span class='ocrx_word' id='word_1_201' title='bbox 801 1756 993 1814; x_wconf 88' lang='lat' dir='ltr'>primum</span> <span class='ocrx_word' id='word_1_202' title='bbox 1016 1756 1227 1814; x_wconf 78' lang='lat' dir='ltr'>praesidiis</span> <span class='ocrx_word' id='word_1_203' title='bbox 1255 1758 1398 1799; x_wconf 89' lang='lat' dir='ltr'>tenuit</span> <span class='ocrx_word' id='word_1_204' title='bbox 1420 1759 1687 1817; x_wconf 89' lang='lat' dir='ltr'>castellaque</span> 
     </span>
     <span class='ocr_line' id='line_1_29' title="bbox 188 1813 1686 1873; baseline 0.003 -17"><span class='ocrx_word' id='word_1_205' title='bbox 188 1813 251 1856; x_wconf 90' lang='lat' dir='ltr'>ibi</span> <span class='ocrx_word' id='word_1_206' title='bbox 284 1815 551 1857; x_wconf 87' lang='lat' dir='ltr'>communiit..</span> <span class='ocrx_word' id='word_1_207' title='bbox 619 1814 740 1864; x_wconf 81' lang='lat' dir='ltr'>Inde,</span> <span class='ocrx_word' id='word_1_208' title='bbox 780 1825 828 1857; x_wconf 86' lang='lat' dir='ltr'>ut</span> <span class='ocrx_word' id='word_1_209' title='bbox 867 1815 949 1857; x_wconf 93' lang='lat' dir='ltr'>loci</span> <span class='ocrx_word' id='word_1_210' title='bbox 979 1816 1188 1873; x_wconf 84' lang='lat' dir='ltr'>cujusque</span> <span class='ocrx_word' id='word_1_211' title='bbox 1221 1825 1379 1858; x_wconf 82' lang='lat' dir='ltr'>natura</span> <span class='ocrx_word' id='word_1_212' title='bbox 1410 1817 1597 1869; x_wconf 84' lang='lat' dir='ltr'>ferebat,</span> <span class='ocrx_word' id='word_1_213' title='bbox 1632 1835 1686 1861; x_wconf 81' lang='lat' dir='ltr'>ex</span> 
     </span>
     <span class='ocr_line' id='line_1_30' title="bbox 190 1873 1689 1933; baseline 0.003 -18"><span class='ocrx_word' id='word_1_214' title='bbox 190 1875 368 1916; x_wconf 87' lang='lat' dir='ltr'>castello</span> <span class='ocrx_word' id='word_1_215' title='bbox 388 1875 431 1916; x_wconf 91' lang='lat' dir='ltr'>in</span> <span class='ocrx_word' id='word_1_216' title='bbox 449 1873 675 1917; x_wconf 87' lang='lat' dir='ltr'>castellum</span> <span class='ocrx_word' id='word_1_217' title='bbox 695 1873 911 1933; x_wconf 88' lang='lat' dir='ltr'>perducta</span> <span class='ocrx_word' id='word_1_218' title='bbox 930 1876 1184 1925; x_wconf 90' lang='lat' dir='ltr'>munitione,</span> <span class='ocrx_word' id='word_1_219' title='bbox 1207 1875 1537 1919; x_wconf 75' lang='lat' dir='ltr'>circumvallare</span> <span class='ocrx_word' id='word_1_220' title='bbox 1561 1877 1689 1920; x_wconf 90' lang='lat' dir='ltr'>Pom-</span> 
     </span>
     <span class='ocr_line' id='line_1_31' title="bbox 192 1932 1688 1992; baseline 0.003 -18"><span class='ocrx_word' id='word_1_221' title='bbox 192 1933 338 1990; x_wconf 88' lang='lat' dir='ltr'>peium</span> <span class='ocrx_word' id='word_1_222' title='bbox 362 1933 572 1976; x_wconf 89' lang='lat' dir='ltr'>instituit:</span> <span class='ocrx_word' id='word_1_223' title='bbox 608 1932 694 1975; x_wconf 79' lang='lat' dir='ltr'>haec</span> <span class='ocrx_word' id='word_1_224' title='bbox 727 1943 943 1992; x_wconf 90' lang='lat' dir='ltr'>spectans,</span> <span class='ocrx_word' id='word_1_225' title='bbox 980 1950 1069 1990; x_wconf 89' lang='lat' dir='ltr'>quo</span> <span class='ocrx_word' id='word_1_226' title='bbox 1102 1943 1285 1991; x_wconf 74' lang='lat' dir='ltr'>angusta</span> <span class='ocrx_word' id='word_1_227' title='bbox 1319 1950 1366 1976; x_wconf 91' lang='lat' dir='ltr'>re</span> <span class='ocrx_word' id='word_1_228' title='bbox 1400 1935 1688 1978; x_wconf 88' lang='lat' dir='ltr'>frumentaria</span> 
     </span>
     <span class='ocr_line' id='line_1_32' title="bbox 190 1992 1686 2050; baseline 0.003 -17"><span class='ocrx_word' id='word_1_229' title='bbox 190 1992 417 2043; x_wconf 87' lang='lat' dir='ltr'>utebatur,</span> <span class='ocrx_word' id='word_1_230' title='bbox 454 1993 660 2050; x_wconf 85' lang='lat' dir='ltr'>quodque</span> <span class='ocrx_word' id='word_1_231' title='bbox 697 1992 929 2050; x_wconf 90' lang='lat' dir='ltr'>Pompeius</span> <span class='ocrx_word' id='word_1_232' title='bbox 962 1993 1244 2036; x_wconf 76' lang='lat' dir='ltr'>multitudine</span> <span class='ocrx_word' id='word_1_233' title='bbox 1265 1993 1462 2050; x_wconf 89' lang='lat' dir='ltr'>equitum</span> <span class='ocrx_word' id='word_1_234' title='bbox 1492 1994 1686 2045; x_wconf 88' lang='lat' dir='ltr'>valebat,</span> 
     </span>
     <span class='ocr_line' id='line_1_33' title="bbox 190 2051 1685 2111; baseline 0.003 -20"><span class='ocrx_word' id='word_1_235' title='bbox 190 2066 279 2107; x_wconf 91' lang='lat' dir='ltr'>quo</span> <span class='ocrx_word' id='word_1_236' title='bbox 319 2051 484 2093; x_wconf 91' lang='lat' dir='ltr'>minore</span> <span class='ocrx_word' id='word_1_237' title='bbox 529 2051 727 2109; x_wconf 88' lang='lat' dir='ltr'>periculo</span> <span class='ocrx_word' id='word_1_238' title='bbox 764 2051 960 2108; x_wconf 85' lang='lat' dir='ltr'>undique</span> <span class='ocrx_word' id='word_1_239' title='bbox 998 2052 1264 2094; x_wconf 85' lang='lat' dir='ltr'>frumentum</span> <span class='ocrx_word' id='word_1_240' title='bbox 1307 2061 1685 2111; x_wconf 86' lang='lat' dir='ltr'>commeatumque</span> 
     </span>
     <span class='ocr_line' id='line_1_34' title="bbox 191 2108 1684 2169; baseline 0.003 -18"><span class='ocrx_word' id='word_1_241' title='bbox 191 2109 404 2151; x_wconf 84' lang='lat' dir='ltr'>exercitui</span> <span class='ocrx_word' id='word_1_242' title='bbox 439 2110 700 2167; x_wconf 86' lang='lat' dir='ltr'>subportare</span> <span class='ocrx_word' id='word_1_243' title='bbox 738 2120 907 2168; x_wconf 87' lang='lat' dir='ltr'>posset;</span> <span class='ocrx_word' id='word_1_244' title='bbox 947 2111 1091 2161; x_wconf 87' lang='lat' dir='ltr'>simul,</span> <span class='ocrx_word' id='word_1_245' title='bbox 1126 2111 1191 2152; x_wconf 93' lang='lat' dir='ltr'>uti</span> <span class='ocrx_word' id='word_1_246' title='bbox 1232 2108 1514 2169; x_wconf 85' lang='lat' dir='ltr'>pabulatione</span> <span class='ocrx_word' id='word_1_247' title='bbox 1557 2112 1684 2155; x_wconf 93' lang='lat' dir='ltr'>Pom-</span> 
     </span>
     <span class='ocr_line' id='line_1_35' title="bbox 192 2168 1686 2228; baseline 0.003 -18"><span class='ocrx_word' id='word_1_248' title='bbox 192 2168 338 2226; x_wconf 89' lang='lat' dir='ltr'>peium</span> <span class='ocrx_word' id='word_1_249' title='bbox 358 2168 611 2226; x_wconf 87' lang='lat' dir='ltr'>prohiberet</span> <span class='ocrx_word' id='word_1_250' title='bbox 630 2169 964 2227; x_wconf 87' lang='lat' dir='ltr'>equitatumque</span> <span class='ocrx_word' id='word_1_251' title='bbox 986 2170 1076 2227; x_wconf 79' lang='lat' dir='ltr'>ejus</span> <span class='ocrx_word' id='word_1_252' title='bbox 1097 2170 1151 2212; x_wconf 90' lang='lat' dir='ltr'>ad</span> <span class='ocrx_word' id='word_1_253' title='bbox 1174 2185 1264 2212; x_wconf 90' lang='lat' dir='ltr'>rem</span> <span class='ocrx_word' id='word_1_254' title='bbox 1287 2171 1519 2228; x_wconf 86' lang='lat' dir='ltr'>gerendam</span> <span class='ocrx_word' id='word_1_255' title='bbox 1554 2170 1686 2215; x_wconf 90' lang='lat' dir='ltr'>inuti-</span> 
     </span>
     <span class='ocr_line' id='line_1_36' title="bbox 187 2227 1685 2289; baseline 0.003 -19"><span class='ocrx_word' id='word_1_256' title='bbox 187 2227 273 2270; x_wconf 86' lang='lat' dir='ltr'>lem</span> <span class='ocrx_word' id='word_1_257' title='bbox 291 2228 507 2276; x_wconf 78' lang='lat' dir='ltr'>efficeret3</span> <span class='ocrx_word' id='word_1_258' title='bbox 542 2228 689 2278; x_wconf 89' lang='lat' dir='ltr'>tertio,</span> <span class='ocrx_word' id='word_1_259' title='bbox 714 2237 765 2270; x_wconf 90' lang='lat' dir='ltr'>ut</span> <span class='ocrx_word' id='word_1_260' title='bbox 786 2229 1107 2279; x_wconf 87' lang='lat' dir='ltr'>auctoritatem,</span> <span class='ocrx_word' id='word_1_261' title='bbox 1140 2245 1227 2286; x_wconf 89' lang='lat' dir='ltr'>qua</span> <span class='ocrx_word' id='word_1_262' title='bbox 1248 2228 1321 2271; x_wconf 90' lang='lat' dir='ltr'>ille</span> <span class='ocrx_word' id='word_1_263' title='bbox 1351 2230 1535 2272; x_wconf 87' lang='lat' dir='ltr'>maxime</span> <span class='ocrx_word' id='word_1_264' title='bbox 1565 2233 1685 2289; x_wconf 89' lang='lat' dir='ltr'>apud</span> 
     </span>
     <span class='ocr_line' id='line_1_37' title="bbox 190 2286 1684 2349; baseline 0.003 -21"><span class='ocrx_word' id='word_1_265' title='bbox 190 2295 360 2329; x_wconf 86' lang='lat' dir='ltr'>exteras</span> <span class='ocrx_word' id='word_1_266' title='bbox 397 2287 589 2330; x_wconf 88' lang='lat' dir='ltr'>nationes</span> <span class='ocrx_word' id='word_1_267' title='bbox 616 2287 695 2329; x_wconf 91' lang='lat' dir='ltr'>niti</span> <span class='ocrx_word' id='word_1_268' title='bbox 728 2286 976 2337; x_wconf 80' lang='lat' dir='ltr'>videbatur,</span> <span class='ocrx_word' id='word_1_269' title='bbox 1010 2288 1249 2337; x_wconf 51' lang='lat' dir='ltr'>minuerem</span> <span class='ocrx_word' id='word_1_270' title='bbox 1281 2303 1415 2345; x_wconf 90' lang='lat' dir='ltr'>quum</span> <span class='ocrx_word' id='word_1_271' title='bbox 1460 2289 1572 2332; x_wconf 89' lang='lat' dir='ltr'>fama</span> <span class='ocrx_word' id='word_1_272' title='bbox 1605 2307 1684 2349; x_wconf 89' lang='lat' dir='ltr'>per</span> 
     </span>
     <span class='ocr_line' id='line_1_38' title="bbox 189 2346 1684 2407; baseline 0.002 -19"><span class='ocrx_word' id='word_1_273' title='bbox 189 2346 341 2388; x_wconf 89' lang='lat' dir='ltr'>orbem</span> <span class='ocrx_word' id='word_1_274' title='bbox 364 2354 579 2389; x_wconf 87' lang='lat' dir='ltr'>terrarum</span> <span class='ocrx_word' id='word_1_275' title='bbox 604 2346 935 2405; x_wconf 88' lang='lat' dir='ltr'>percrebuisset,</span> <span class='ocrx_word' id='word_1_276' title='bbox 970 2347 1093 2390; x_wconf 89' lang='lat' dir='ltr'>illum</span> <span class='ocrx_word' id='word_1_277' title='bbox 1110 2364 1134 2390; x_wconf 89' lang='lat' dir='ltr'>a</span> <span class='ocrx_word' id='word_1_278' title='bbox 1159 2348 1326 2391; x_wconf 79' lang='lat' dir='ltr'>Caesare</span> <span class='ocrx_word' id='word_1_279' title='bbox 1347 2347 1534 2391; x_wconf 86' lang='lat' dir='ltr'>obsideri</span> <span class='ocrx_word' id='word_1_280' title='bbox 1545 2364 1684 2407; x_wconf 87' lang='lat' dir='ltr'>neque</span> 
     </span>
     <span class='ocr_line' id='line_1_39' title="bbox 187 2404 765 2462; baseline -0.002 -15"><span class='ocrx_word' id='word_1_281' title='bbox 187 2404 348 2447; x_wconf 81' lang='lat' dir='ltr'>audere</span> <span class='ocrx_word' id='word_1_282' title='bbox 368 2405 525 2462; x_wconf 88' lang='lat' dir='ltr'>proelio</span> <span class='ocrx_word' id='word_1_283' title='bbox 546 2405 765 2448; x_wconf 88' lang='lat' dir='ltr'>dimicare.</span> 
     </span>
    </p>

    <p class='ocr_par' dir='ltr' id='par_1_7' title="bbox 249 2463 1681 2526">
     <span class='ocr_line' id='line_1_40' title="bbox 249 2463 1681 2526; baseline 0.003 -21"><span class='ocrx_word' id='word_1_284' title='bbox 249 2463 322 2505; x_wconf 68' lang='lat'>44.</span> <span class='ocrx_word' id='word_1_285' title='bbox 359 2464 589 2523; x_wconf 90' lang='lat' dir='ltr'>Pompeius</span> <span class='ocrx_word' id='word_1_286' title='bbox 609 2481 750 2523; x_wconf 88' lang='lat' dir='ltr'>neque</span> <span class='ocrx_word' id='word_1_287' title='bbox 770 2481 794 2507; x_wconf 90' lang='lat' dir='ltr'>a</span> <span class='ocrx_word' id='word_1_288' title='bbox 816 2466 925 2508; x_wconf 90' lang='lat' dir='ltr'>mari</span> <span class='ocrx_word' id='word_1_289' title='bbox 945 2464 1309 2526; x_wconf 80' lang='lat' dir='ltr'>Dyrrhachioque</span> <span class='ocrx_word' id='word_1_290' title='bbox 1330 2465 1552 2510; x_wconf 86' lang='lat' dir='ltr'>discedere</span> <span class='ocrx_word' id='word_1_291' title='bbox 1565 2467 1681 2510; x_wconf 85' lang='lat' dir='ltr'>vole-</span> 
     </span>
    </p>
   </div>
   <div class='ocr_carea' id='block_1_5' title="bbox 237 2576 1677 2620">
    <p class='ocr_par' dir='ltr' id='par_1_8' title="bbox 237 2576 1677 2620">
     <span class='ocr_line' id='line_1_41' title="bbox 237 2576 1677 2620; baseline 0.001 -13"><span class='ocrx_word' id='word_1_292' title='bbox 237 2577 498 2615; x_wconf 59' lang='lat' dir='ltr'>Dywlmchium</span> <span class='ocrx_word' id='word_1_293' title='bbox 516 2579 615 2608; x_wconf 68' lang='lat' dir='ltr'>venit.</span> <span class='ocrx_word' id='word_1_294' title='bbox 648 2576 771 2608; x_wconf 78' lang='lat' dir='ltr'>Clarke</span> <span class='ocrx_word' id='word_1_295' title='bbox 789 2576 833 2608; x_wconf 64' lang='lat' dir='ltr'>acl</span> <span class='ocrx_word' id='word_1_296' title='bbox 851 2578 900 2608; x_wconf 90' lang='lat' dir='ltr'>D.</span> <span class='ocrx_word' id='word_1_297' title='bbox 975 2578 1126 2609; x_wconf 69' lang='lat' dir='ltr'>Tullium</span> <span class='ocrx_word' id='word_1_298' title='bbox 1150 2577 1297 2620; x_wconf 83' lang='lat' dir='ltr'>praetulit</span> <span class='ocrx_word' id='word_1_299' title='bbox 1323 2577 1413 2609; x_wconf 86' lang='lat' dir='ltr'>oud.</span> <span class='ocrx_word' id='word_1_300' title='bbox 1441 2578 1489 2610; x_wconf 88' lang='lat' dir='ltr'>sic</span> <span class='ocrx_word' id='word_1_301' title='bbox 1506 2583 1620 2610; x_wconf 87' lang='lat' dir='ltr'>contra</span> <span class='ocrx_word' id='word_1_302' title='bbox 1635 2579 1677 2610; x_wconf 91' lang='lat' dir='ltr'>ad</span> 
     </span>
    </p>
   </div>
   <div class='ocr_carea' id='block_1_6' title="bbox 191 2620 1679 2926">
    <p class='ocr_par' dir='ltr' id='par_1_9' title="bbox 191 2620 1677 2709">
     <span class='ocr_line' id='line_1_42' title="bbox 191 2620 1677 2654; baseline 0.001 -3"><span class='ocrx_word' id='word_1_303' title='bbox 191 2630 232 2652; x_wconf 83' lang='lat' dir='ltr'>ex</span> <span class='ocrx_word' id='word_1_304' title='bbox 249 2620 323 2651; x_wconf 81' lang='lat' dir='ltr'>MS.</span> <span class='ocrx_word' id='word_1_305' title='bbox 341 2620 479 2651; x_wconf 82' lang='lat' dir='ltr'>Norvic.</span> <span class='ocrx_word' id='word_1_306' title='bbox 970 2622 1062 2653; x_wconf 90' lang='lat' dir='ltr'>Suet.</span> <span class='ocrx_word' id='word_1_307' title='bbox 1086 2621 1172 2654; x_wconf 70' lang='lat' dir='ltr'>Caes.</span> <span class='ocrx_word' id='word_1_308' title='bbox 1189 2633 1220 2653; x_wconf 90' lang='lat' dir='ltr'>c.</span> <span class='ocrx_word' id='word_1_309' title='bbox 1238 2625 1292 2654; x_wconf 79' lang='lat'>82.</span> <span class='ocrx_word' id='word_1_310' title='bbox 1310 2621 1439 2654; x_wconf 84' lang='lat' dir='ltr'>mavult</span> <span class='ocrx_word' id='word_1_311' title='bbox 1469 2624 1606 2654; x_wconf 78' lang='lat' dir='ltr'>Tillium</span> <span class='ocrx_word' id='word_1_312' title='bbox 1620 2622 1677 2654; x_wconf 86' lang='lat' dir='ltr'>vel</span> 
     </span>
     <span class='ocr_line' id='line_1_43' title="bbox 239 2665 1413 2709; baseline 0.001 -14"><span class='ocrx_word' id='word_1_313' title='bbox 239 2666 278 2699; x_wconf 79' lang='lat' dir='ltr'>Q.</span> <span class='ocrx_word' id='word_1_314' title='bbox 302 2665 464 2696; x_wconf 75' lang='lat' dir='ltr'>Tullium.</span> <span class='ocrx_word' id='word_1_315' title='bbox 483 2665 556 2695; x_wconf 86' lang='lat' dir='ltr'>Hoc</span> <span class='ocrx_word' id='word_1_316' title='bbox 573 2674 696 2697; x_wconf 81' lang='lat' dir='ltr'>nomen</span> <span class='ocrx_word' id='word_1_317' title='bbox 714 2666 790 2696; x_wconf 84' lang='lat' dir='ltr'>edd.</span> <span class='ocrx_word' id='word_1_318' title='bbox 804 2668 899 2709; x_wconf 75' lang='lat' dir='ltr'>vulg.</span> <span class='ocrx_word' id='word_1_319' title='bbox 973 2666 1108 2698; x_wconf 74' lang='lat' dir='ltr'>Tilium.</span> <span class='ocrx_word' id='word_1_320' title='bbox 1146 2667 1257 2698; x_wconf 90' lang='lat' dir='ltr'>Codd.</span> <span class='ocrx_word' id='word_1_321' title='bbox 1273 2667 1413 2698; x_wconf 73' lang='lat' dir='ltr'>variant.</span> 
     </span>
    </p>

    <p class='ocr_par' dir='ltr' id='par_1_10' title="bbox 192 2708 1676 2754">
     <span class='ocr_line' id='line_1_44' title="bbox 192 2708 1676 2754; baseline 0.003 -16"><span class='ocrx_word' id='word_1_322' title='bbox 192 2708 387 2739; x_wconf 83' lang='lat' dir='ltr'>omiserant.</span> <span class='ocrx_word' id='word_1_323' title='bbox 411 2709 529 2740; x_wconf 75' lang='lat' dir='ltr'>Exstat</span> <span class='ocrx_word' id='word_1_324' title='bbox 546 2709 579 2739; x_wconf 87' lang='lat' dir='ltr'>in</span> <span class='ocrx_word' id='word_1_325' title='bbox 595 2710 691 2741; x_wconf 86' lang='lat' dir='ltr'>Leid.</span> <span class='ocrx_word' id='word_1_326' title='bbox 707 2710 829 2750; x_wconf 87' lang='lat' dir='ltr'>primo,</span> <span class='ocrx_word' id='word_1_327' title='bbox 840 2712 899 2754; x_wconf 87' lang='lat' dir='ltr'>qui</span> <span class='ocrx_word' id='word_1_328' title='bbox 1017 2712 1202 2753; x_wconf 78' lang='lat' dir='ltr'>Inportato.</span> <span class='ocrx_word' id='word_1_329' title='bbox 1240 2711 1341 2742; x_wconf 79' lang='lat' dir='ltr'>Malit</span> <span class='ocrx_word' id='word_1_330' title='bbox 1366 2710 1524 2741; x_wconf 90' lang='lat' dir='ltr'>Oudend.</span> <span class='ocrx_word' id='word_1_331' title='bbox 1551 2716 1583 2741; x_wconf 87' lang='lat' dir='ltr'>et</span> <span class='ocrx_word' id='word_1_332' title='bbox 1598 2710 1676 2743; x_wconf 90' lang='lat' dir='ltr'>heic</span> 
     </span>
    </p>

    <p class='ocr_par' dir='ltr' id='par_1_11' title="bbox 192 2753 1675 2797">
     <span class='ocr_line' id='line_1_45' title="bbox 192 2753 1675 2797; baseline 0.003 -14"><span class='ocrx_word' id='word_1_333' title='bbox 192 2758 240 2783; x_wconf 82' lang='lat' dir='ltr'>est</span> <span class='ocrx_word' id='word_1_334' title='bbox 256 2753 419 2794; x_wconf 85' lang='lat' dir='ltr'>optimus,</span> <span class='ocrx_word' id='word_1_335' title='bbox 437 2759 472 2784; x_wconf 87' lang='lat' dir='ltr'>ut</span> <span class='ocrx_word' id='word_1_336' title='bbox 490 2753 522 2784; x_wconf 88' lang='lat' dir='ltr'>in</span> <span class='ocrx_word' id='word_1_337' title='bbox 538 2754 658 2784; x_wconf 83' lang='lat' dir='ltr'>ceteris</span> <span class='ocrx_word' id='word_1_338' title='bbox 670 2754 767 2785; x_wconf 83' lang='lat' dir='ltr'>codd.</span> <span class='ocrx_word' id='word_1_339' title='bbox 786 2762 900 2797; x_wconf 81' lang='lat' dir='ltr'>aperta</span> <span class='ocrx_word' id='word_1_340' title='bbox 968 2756 1182 2797; x_wconf 71' lang='lat' dir='ltr'>inportatilio.</span> <span class='ocrx_word' id='word_1_341' title='bbox 1209 2760 1245 2785; x_wconf 88' lang='lat' dir='ltr'>ut</span> <span class='ocrx_word' id='word_1_342' title='bbox 1261 2755 1330 2786; x_wconf 84' lang='lat' dir='ltr'>Afr.</span> <span class='ocrx_word' id='word_1_343' title='bbox 1348 2757 1400 2786; x_wconf 81' lang='lat'>20.</span> <span class='ocrx_word' id='word_1_344' title='bbox 1420 2754 1473 2784; x_wconf 88' lang='lat' dir='ltr'>Cf.</span> <span class='ocrx_word' id='word_1_345' title='bbox 1489 2759 1523 2785; x_wconf 85' lang='lat' dir='ltr'>et</span> <span class='ocrx_word' id='word_1_346' title='bbox 1540 2754 1580 2785; x_wconf 90' lang='lat' dir='ltr'>G.</span> <span class='ocrx_word' id='word_1_347' title='bbox 1598 2758 1630 2788; x_wconf 86' lang='grc'>4.</span> <span class='ocrx_word' id='word_1_348' title='bbox 1644 2760 1675 2787; x_wconf 78' lang='grc'>2.</span> 
     </span>
    </p>

    <p class='ocr_par' dir='ltr' id='par_1_12' title="bbox 192 2797 1679 2838">
     <span class='ocr_line' id='line_1_46' title="bbox 192 2797 1679 2838; baseline 0.004 -11"><span class='ocrx_word' id='word_1_349' title='bbox 192 2802 269 2827; x_wconf 82' lang='lat' dir='ltr'>sunt</span> <span class='ocrx_word' id='word_1_350' title='bbox 298 2797 441 2837; x_wconf 74' lang='lat' dir='ltr'>vestigia</span> <span class='ocrx_word' id='word_1_351' title='bbox 469 2799 612 2828; x_wconf 83' lang='lat' dir='ltr'>duorum</span> <span class='ocrx_word' id='word_1_352' title='bbox 644 2798 836 2838; x_wconf 82' lang='lat' dir='ltr'>nominum,</span> <span class='ocrx_word' id='word_1_353' title='bbox 865 2807 902 2832; x_wconf 78' lang='lat' dir='ltr'>ut</span> <span class='ocrx_word' id='word_1_354' title='bbox 1014 2801 1159 2832; x_wconf 74' lang='lat' dir='ltr'>Cas-tella</span> <span class='ocrx_word' id='word_1_355' title='bbox 1177 2801 1220 2830; x_wconf 68' lang='lat' dir='ltr'>iba·</span> <span class='ocrx_word' id='word_1_356' title='bbox 1233 2800 1442 2830; x_wconf 74' lang='lat' dir='ltr'>communiit.</span> <span class='ocrx_word' id='word_1_357' title='bbox 1468 2798 1519 2829; x_wconf 84' lang='lat' dir='ltr'>De</span> <span class='ocrx_word' id='word_1_358' title='bbox 1529 2800 1679 2833; x_wconf 82' lang='lat' dir='ltr'>castellis</span> 
     </span>
    </p>

    <p class='ocr_par' dir='ltr' id='par_1_13' title="bbox 196 2842 1358 2882">
     <span class='ocr_line' id='line_1_47' title="bbox 196 2842 1358 2882; baseline -0.001 -8"><span class='ocrx_word' id='word_1_359' title='bbox 196 2842 236 2874; x_wconf 85' lang='lat' dir='ltr'>Q.</span> <span class='ocrx_word' id='word_1_360' title='bbox 267 2842 403 2879; x_wconf 69' lang='lat' dir='ltr'>Titium,</span> <span class='ocrx_word' id='word_1_361' title='bbox 436 2843 647 2881; x_wconf 65' lang='lat' dir='ltr'>Quintilium,</span> <span class='ocrx_word' id='word_1_362' title='bbox 676 2845 714 2878; x_wconf 82' lang='lat' dir='ltr'>Q.</span> <span class='ocrx_word' id='word_1_363' title='bbox 751 2844 898 2876; x_wconf 66' lang='lat' dir='ltr'>Tillium.</span> <span class='ocrx_word' id='word_1_364' title='bbox 968 2855 998 2874; x_wconf 84' lang='lat' dir='ltr'>v.</span> <span class='ocrx_word' id='word_1_365' title='bbox 1013 2845 1055 2875; x_wconf 83' lang='lat' dir='ltr'>de</span> <span class='ocrx_word' id='word_1_366' title='bbox 1072 2844 1110 2875; x_wconf 89' lang='lat' dir='ltr'>B.</span> <span class='ocrx_word' id='word_1_367' title='bbox 1125 2846 1166 2877; x_wconf 86' lang='lat' dir='ltr'>G.</span> <span class='ocrx_word' id='word_1_368' title='bbox 1183 2846 1214 2882; x_wconf 82' lang='lat'>7,</span> <span class='ocrx_word' id='word_1_369' title='bbox 1230 2845 1284 2874; x_wconf 80' lang='lat'>69.</span> <span class='ocrx_word' id='word_1_370' title='bbox 1309 2844 1358 2874; x_wconf 84' lang='lat' dir='ltr'>M.</span> 
     </span>
    </p>

    <p class='ocr_par' dir='ltr' id='par_1_14' title="bbox 196 2884 1584 2926">
     <span class='ocr_line' id='line_1_48' title="bbox 196 2884 1584 2926; baseline 0.003 -11"><span class='ocrx_word' id='word_1_371' title='bbox 196 2884 262 2916; x_wconf 88' lang='lat' dir='ltr'>Sed</span> <span class='ocrx_word' id='word_1_372' title='bbox 292 2884 339 2916; x_wconf 78' lang='lat' dir='ltr'>ita</span> <span class='ocrx_word' id='word_1_373' title='bbox 366 2885 467 2917; x_wconf 81' lang='lat' dir='ltr'>etiam</span> <span class='ocrx_word' id='word_1_374' title='bbox 514 2887 655 2926; x_wconf 56' lang='lat' dir='ltr'>Lemnos</span> <span class='ocrx_word' id='word_1_375' title='bbox 683 2887 897 2920; x_wconf 79' lang='lat' dir='ltr'>scribendum</span> <span class='ocrx_word' id='word_1_376' title='bbox 1015 2889 1083 2921; x_wconf 71' lang='lat' dir='ltr'>Nica?</span> <span class='ocrx_word' id='word_1_377' title='bbox 1098 2888 1284 2920; x_wconf 70' lang='lat' dir='ltr'>ridebatur.</span> <span class='ocrx_word' id='word_1_378' title='bbox 1321 2885 1392 2920; x_wconf 87' lang='lat' dir='ltr'>Alii</span> <span class='ocrx_word' id='word_1_379' title='bbox 1406 2887 1468 2919; x_wconf 78' lang='lat' dir='ltr'>uli.</span> <span class='ocrx_word' id='word_1_380' title='bbox 1485 2887 1584 2920; x_wconf 86' lang='lat' dir='ltr'>male.</span> 
     </span>
    </p>
   </div>
   <div class='ocr_carea' id='block_1_7' title="bbox 194 2928 895 2965">
    <p class='ocr_par' dir='ltr' id='par_1_15' title="bbox 194 2928 895 2965">
     <span class='ocr_line' id='line_1_49' title="bbox 194 2928 895 2965; baseline 0.01 -7"><span class='ocrx_word' id='word_1_381' title='bbox 194 2928 267 2960; x_wconf 82' lang='lat' dir='ltr'>erit.</span> <span class='ocrx_word' id='word_1_382' title='bbox 299 2930 351 2962; x_wconf 83' lang='lat' dir='ltr'>M.</span> <span class='ocrx_word' id='word_1_383' title='bbox 407 2930 568 2962; x_wconf 84' lang='lat' dir='ltr'>Omnino.</span> <span class='ocrx_word' id='word_1_384' title='bbox 597 2937 745 2964; x_wconf 79' lang='lat' dir='ltr'>ceterum</span> <span class='ocrx_word' id='word_1_385' title='bbox 774 2938 810 2964; x_wconf 84' lang='lat' dir='ltr'>ut</span> <span class='ocrx_word' id='word_1_386' title='bbox 840 2933 895 2965; x_wconf 81' lang='lat' dir='ltr'>hic</span> 
     </span>
    </p>
   </div>
  </div>
 </body>
</html>
