1946 3261
263 241 348 284 436
495 238 550 281 A.
586 232 783 278 HIRTII
817 231 900 275 DE
932 229 1131 273 BELLO
1165 229 1479 270 ALEXAND.

264 363 371 411 fore,
393 359 510 418 quod
530 358 701 408 accidit,
729 357 981 415 suspicatuS‚
1002 369 1087 394 sese
1108 368 1161 394 ex
1181 352 1351 409 navigio
1368 352 1492 410 ejecit
1511 358 1642 409 atque
1662 352 1715 394 a'd

263 436 349 467 eaS‚
384 434 479 474 quae
510 416 679 468 longius
711 415 1002 462 constiterant,
1031 425 1155 451 naves
1186 410 1417 452 adnatavit.
1489 410 1602 452 Hinc
1634 409 1716 451 suis

263 476 557 519 laborantibus
574 468 762 516 subsidio
782 470 952 526 scaphas
969 467 1158 516 mittens,
1180 467 1405 510 nonnullos
1425 467 1716 515 conservavit;

264 533 480 591 navigium
509 531 683 589 quidem
703 531 808 586 ejus,
842 525 1112 568 multitudine
1136 526 1383 583 depressum
1402 525 1604 574 militum,
1634 538 1719 566 una

265 607 364 633 cum
403 590 642 633 hominibus
684 586 860 628 interiit.
942 583 1039 626 Hoc
1080 584 1233 641 proelio
1269 583 1497 626 desiderati
1533 591 1631 625 sunt
1656 597 1720 624 vex

263 664 445 691 numero
467 645 795 705 legionariorum
816 641 999 684 militnm
1017 641 1186 684 circiter
1199 641 1499 699 quadringenti
1517 649 1559 683 et
1574 638 1722 699 paullo

266 706 387 748 ultra
419 721 519 748 eum
550 717 772 746 numerum
804 700 1000 743 classiarii
1031 709 1074 741 et
1105 700 1297 756 remiges.
1361 699 1639 742 Alexandrini
1669 712 1720 740 eo

262 763 361 806 loco
380 762 601 805 castellum
621 759 781 817 magnis
800 757 1105 800 munitionibus
1132 757 1361 814 multisque
1385 756 1605 800 tormentis
1625 771 1721 799 con-

263 820 546 862 firmaverunt
571 827 717 875 atque,
739 816 890 874 egestis
909 832 961 858 ex
985 816 1089 858 mari
1119 815 1349 875 lapidibus,
1381 816 1515 858 libere
1536 822 1635 857 sunt
1657 813 1720 856 usi

262 885 415 935 postea
433 877 489 919 ad
509 876 714 919 mittenda
733 875 914 932 navigia.

325 936 397 977 22.
433 934 530 976 Hoc
562 933 819 976 detrimento
850 933 1002 975 milites
1037 933 1170 974 nostri
1207 940 1372 975 tantum
1407 931 1639 974 abfuerunt
1674 937 1724 972 uz

264 1000 318 1035 ut
342 992 719 1050 perturbarentur,
754 1000 804 1032 ut
830 991 985 1032 incensi
1047 991 1158 1032 otius
1189 999 1320 1048 atque
1353 989 1519 1032 incitati
1553 1003 1725 1045 magnas

265 1050 519 1093 accessiones
539 1049 716 1091 fecerint
737 1048 779 1090 in
797 1048 999 1105 operibus
1015 1007 1200 1089 iiostium
1217 1047 1526 1105 expugnandis,
1551 1047 1594 1088 in
1614 1058 1726 1103 proe-

264 1108 334 1151 liis
350 1107 622 1165 quotidianis,
640 1107 993 1162 quandocumque
1012 1108 1099 1148 fors
1116 1106 1352 1153 obtulerat,
1370 1104 1723 1162 procurrentibus

265 1174 312 1208 et
340 1164 663 1222 erumpentibus
698 1163 1031 1205 Alexandrinis*
1048 1165 1068 1186 ἧς
1089 1178 1258 1204 manum
1287 1162 1590 1220 comprehendi
1617 1162 1726 1204 mul-

267 1232 361 1265 tum
382 1222 600 1279 operibus,
629 1229 674 1262 et
703 1221 952 1263 ardentibus
975 1220 1122 1262 studiis
1147 1220 1354 1262 militum:
1399 1235 1474 1261 nec
1504 1219 1728 1276 divulgata

269 1281 446 1323 Caesaris
475 1279 663 1321 hortatio
695 1279 897 1334 subsequi
926 1278 1144 1334 legionum
1177 1286 1251 1318 aut
1283 1278 1487 1325 laborem,
1518 1285 1595 1320 aut
1618 1293 1727 1335 pug-

266 1338 394 1381 nandi
427 1345 601 1395 poterat
634 1335 940 1393 cupiditatem:
977 1344 1022 1376 ut
1054 1335 1216 1392 magnis
1248 1335 1490 1377 deterrendi
1522 1344 1565 1378 et
1595 1336 1727 1378 conti-

318 1480 427 1511 Nares
443 1476 629 1509 adnotavit.
674 1478 724 1508 Eo
744 1482 902 1516 tempore,
927 1482 962 1506 ut

272 1522 472 1553 Plutarchus
503 1521 536 1551 in
563 1520 647 1551 Caes.
673 1531 704 1550 c.
733 1522 786 1553 49,
814 1519 963 1560 Appi-an.

273 1566 314 1596 C.
331 1569 363 1603 2,
379 1566 432 1596 90.
456 1576 490 1605 p.
512 1567 547 1595 48
557 1567 581 1602 t,
605 1563 781 1594 Suetonius
797 1563 829 1593 in
847 1563 917 1593 Jul.
934 1573 964 1592 c.

276 1610 330 1646 64,
355 1608 422 1638 Dio
445 1607 580 1638 Cassius
603 1609 655 1643 42,
683 1608 722 1637 40
742 1611 882 1643 narrant,
904 1605 965 1635 hnc

271 1651 378 1682 animi
391 1650 562 1691 praesentia
573 1650 686 1680 Caesar
698 1649 770 1686 fuit,
783 1655 818 1679 ut
831 1659 966 1679 manum

273 1695 392 1725 laevam
425 1693 509 1724 inter
540 1693 716 1723 natandum
755 1693 888 1730 levaret,
925 1702 965 1721 nc

275 1737 396 1774 libelli,
433 1747 517 1776 quos
554 1736 702 1767 tenebat.
741 1735 967 1766 madefierent.

278 1780 394 1811 Verbo
412 1779 482 1811 haec
499 1784 671 1808 monuerat
689 1778 852 1809 Brantius.
897 1776 969 1807 Etsi

278 1834 360 1855 vero
389 1821 565 1853 Suetonius
589 1826 699 1862 negat,
727 1832 802 1851 eum
836 1821 972 1861 paluda-

278 1872 427 1898 mentum
445 1865 631 1906 abjecisse:
661 1870 770 1895 tamen
798 1863 972 1904 Appianus

279 1916 314 1941 et
341 1909 408 1940 Dio
438 1909 501 1939 hoc
540 1908 746 1945 confirmant,
783 1908 972 1948 adduntque

279 1953 376 1990 adeo,
410 1951 652 1982 Alexandrinos
688 1950 771 1981 illud
810 1950 975 1981 sublatum

278 2002 410 2036 tropaeo
426 1994 589 2025 adfixisse.
624 1994 774 2024 Fortasse
786 1993 974 2030 Suetonius,

280 2039 406 2080 quippe
424 2039 608 2075 Romanus,
624 2036 678 2068 cui
694 2036 777 2067 talia
791 2044 880 2067 certo
898 2047 977 2076 eog-

284 2082 355 2112 nita
371 2092 441 2112 esse
459 2086 621 2121 poterant,
638 2079 766 2110 disertis
785 2079 898 2110 verbis
920 2080 978 2110 ad-

286 2124 383 2161 didit,
409 2134 473 2154 non
501 2123 672 2153 dimissum
702 2133 772 2153 esse
802 2134 820 2154 a
850 2123 977 2156 Caesare

287 2167 572 2208 paludamentum,
592 2173 629 2195 ut
644 2176 820 2203 rumorem,
836 2177 874 2196 ca
892 2167 930 2196 dc
948 2176 980 2195 re.

288 2212 373 2242 inter
388 2216 517 2239 exteros
531 2219 694 2248 sparsum,
717 2219 775 2239 sua
790 2209 980 2240 narratione

287 2252 446 2294 obposita
459 2251 614 2282 vanitatis
630 2258 791 2291 argueret.
825 2252 980 2283 Usserius

289 2302 400 2328 tamen
415 2295 550 2333 (Annal.
567 2305 601 2334 p.
618 2296 696 2333 471)
711 2300 893 2326 ceterorum
909 2306 981 2326 nar-

289 2340 451 2372 rationem
466 2337 676 2369 Suetonianae
693 2339 832 2378 pra‘felt.
858 2340 905 2369 M.

338 2384 446 2415 Paulo
459 2383 551 2413 ultra
562 2391 590 2411 e.
605 2391 695 2412 num.
743 2381 825 2411 Vera
841 2387 889 2412 est
904 2383 986 2412 duo-

291 2437 364 2458 rum
375 2426 471 2456 codd.
482 2424 594 2461 lectio‚
602 2435 701 2465 prope
715 2434 789 2453 eum
801 2435 818 2454 n
827 2435 937 2455 temeret
943 2436 985 2456 m.

293 2471 329 2501 Si
346 2468 401 2500 cui
417 2468 513 2499 aliter
529 2467 671 2504 videtur,
689 2466 716 2496 is
731 2477 749 2496 e
762 2467 858 2497 variis
871 2467 987 2499 lectio-

294 2512 397 2544 nibus
411 2512 529 2553 (pmdo
544 2516 614 2551 post
629 2520 705 2540 eum
720 2520 904 2548 numerum,
922 2512 985 2548 vel,

289 2557 394 2597 paulo
418 2565 493 2586 eum
515 2563 705 2589 numerum,
730 2552 781 2583 vel
804 2564 822 2583 e
846 2554 987 2593 vulgata,

292 2600 396 2640 paulo
413 2599 505 2629 ultra
515 2607 544 2627 e.
555 2597 668 2632 num.)
684 2595 857 2626 meliorem
874 2597 987 2637 eligat.

347 2685 494 2716 Tantum
511 2683 688 2722 abfuerum
695 2682 888 2723 --fecerint.
912 2682 938 2712 C
944 2693 990 2713 re-

298 2727 355 2765 do,
372 2727 457 2758 hanc
470 2737 542 2756 esse
565 2726 774 2766 probabilem
797 2725 989 2760 lectionem.

296 2771 375 2810 quia
389 2781 439 2801 res
457 2769 529 2810 ipsa
543 2770 644 2800 talem
667 2779 798 2800 sensum
822 2770 965 2809 postulat
983 2782 989 2798 :

297 2813 431 2845 codices
456 2819 563 2844 tamen
603 2813 697 2843 valde
729 2812 927 2853 discrepant,
958 2819 990 2842 et

1031 1476 1129 1507 miras
1150 1476 1311 1507 lectiones
1333 1477 1505 1514 exhibent,
1534 1489 1575 1508 ex
1604 1478 1728 1519 quibus

1031 1520 1101 1551 erui
1120 1519 1242 1560 poterit
1258 1520 1321 1550 tale
1338 1520 1417 1560 quid
1434 1533 1441 1550 :
1470 1522 1543 1551 Hoc
1558 1522 1642 1553 dan:
1660 1533 1726 1554 ace.

1033 1565 1103 1594 mll.
1121 1565 1221 1594 nostri
1233 1565 1368 1594 minime
1379 1568 1455 1595 sunt
1467 1566 1660 1604 perturbati,
1674 1566 1732 1597 sed

1034 1609 1167 1643 incensi,
1182 1612 1280 1647 alque
1291 1617 1433 1645 masmae
1448 1609 1731 1650 accesst‘onesfece-

1034 1655 1228 1680 νιιηΙ---.
1255 1650 1300 1680 JI.
1347 1651 1512 1681 Hactenus
1527 1661 1640 1682 sensus
1662 1652 1729 1682 cla-

1036 1703 1101 1723 rus.
1112 1699 1241 1724 tantum
1253 1693 1432 1733 abfuerunt
1445 1704 1466 1724 α
1473 1695 1731 1734 perturbatione,

1035 1741 1184 1766 ut—--.

1082 1779 1103 1797 *
1116 1778 1135 1798 *
1154 1778 1451 1809 Manum—Locus
1466 1786 1662 1820 conruptus,
1675 1781 1730 1812 cui

1037 1833 1056 1852 a
1071 1821 1201 1851 nemine
1217 1822 1324 1852 adhuc
1341 1821 1510 1853 medicina
1523 1822 1653 1855 inventa
1668 1830 1730 1854 est.

1043 1866 1163 1896 ίέίῖιιν.
1219 1864 1387 1895 ΤοΠρῃάεε
1414 1865 1541 1896 lacunae
1565 1866 1631 1905 legi
1663 1868 1734 1899 vult

1041 1908 1059 1938 J
1066 1908 1148 1938 urin.
1165 1919 1170 1936 :
1219 1909 1290 1939 Hm,¹
1305 1926 1349 1929 —
1362 1906 1645 1948 perturbarentur,
1682 1913 1734 1941 ’ἰη-

1041 1953 1125 1982 censi
1135 1968 1177 1971 —
1189 1954 1382 1981 mean-iones
1397 1985 1400 1990 1
1416 1958 1545 1982 <acerum
1568 1955 1603 1983 in.
1625 1965 1675 1994 op.
1698 1955 1732 1985 h.

1041 2004 1158 2034 0172219.
1183 1998 1217 2023 in
1244 1995 1429 2034 proeliisqne
1460 1995 1581 2034 quotiael.
1610 1997 1735 2036 quaml.

1041 2047 1129 2078 proc.
1163 2042 1192 2068 ec
1213 2048 1342 2077 orcamp.
1370 2038 1460 2067 Alere.
1485 2038 1556 2077 fors
1575 2039 1737 2071 obtulerat

1043 2090 1178 2110 nummu
1201 2080 1388 2119 eati-ferendi
1400 2081 1598 2120 famulantem
1618 2084 1738 2114 arden—

1045 2124 1126 2154 tibus·
1154 2124 1266 2153 studiis-
1290 2125 1439 2154 militum.
1493 2124 1582 2155 Mihi
1611 2125 1739 2157 videtur

1045 2166 1092 2196 sic
1111 2166 1194 2195 bene
1217 2166 1373 2197 constitui
1395 2166 1501 2204 loeus,
1529 2178 1636 2207 neque
1660 2179 1738 2199 vero

1048 2220 1179 2239 necesse
1194 2220 1276 2245 esse,
1300 2215 1334 2239 ut
1357 2209 1444 2239 istud
1460 2215 1496 2240 ut
1515 2211 1739 2251 subprimatur

1049 2258 1081 2282 et
1095 2252 1379 2292 verbumfeem4nt
1395 2258 1547 2283 mutetur.
1623 2284 1626 2285 γ

1096 2297 1265 2336 Subseqni.
1311 2296 1385 2326 Iloc
1402 2305 1465 2326 non
1491 2296 1653 2337 intelligO,
1674 2296 1739 2329 fas-

1049 2349 1168 2378 susque
1191 2343 1239 2368 est
1262 2337 1528 2379 Oudendorpius,
1551 2351 1586 2371 se
1609 2350 1740 2372 nonas-

1050 2382 1142 2422 sequi
1158 2392 1301 2412 sensum.
1339 2382 1457 2413 Multis
1473 2383 1580 2413 modis
1594 2384 1740 2422 tentavi;

1052 2426 1108 2455 sed
1126 2424 1221 2460 nihil,
1243 2426 1332 2464 quod
1348 2435 1528 2465 repereani,
1552 2432 1620 2457 erat
1637 2426 1668 2457 in
1686 2426 1739 2457 his

1053 2468 1182 2498 verbis:
1221 2467 1302 2498 illud
1331 2479 1432 2499 unum
1463 2469 1635 2500 videbatur
1665 2469 1740 2500 ferri

1055 2522 1165 2551 posse,
1183 2511 1209 2541 si
1225 2512 1375 2552 snbwqui
1388 2517 1472 2542 esset
1486 2515 1629 2553 assequi,
1644 2513 1739 2555 quasi

1054 2555 1149 2584 labor
1164 2562 1195 2585 et
1210 2554 1378 2594 cupiditas
1399 2555 1445 2585 ita
1467 2555 1685 2594 festinassent,
1707 2561 1741 2586 ut

1055 2597 1200 2628 hortatio
1225 2598 1281 2635 (ne
1304 2598 1370 2628 sibi
1395 2604 1550 2629 nocerent
1574 2598 1687 2629 labore
1709 2604 1741 2628 et

1054 2640 1255 2680 cupiditate)
1283 2651 1347 2671 non
1376 2647 1487 2681 posset
1514 2651 1572 2671 cos
1599 2643 1741 2681 assequi,

1055 2683 1134 2713 satis
1159 2689 1284 2713 mature
1307 2685 1349 2714 ad
1372 2694 1431 2714 eos
1452 2683 1635 2724 pervenire.
1679 2684 1742 2714 Sed

1056 2727 1139 2757 soret
1155 2726 1209 2756 hic
1226 2737 1338 2757 sensus
1352 2727 1447 2757 valde
1462 2731 1639 2758 contortus.
1665 2727 1713 2757 M.

1105 2771 1147 2799 Er,
1162 2771 1355 2801 continendi.
1380 2770 1441 2802 hoc
1458 2781 1497 2801 ex
1513 2769 1591 2799 edit.
1611 2769 1744 2800 Davisii

1055 2818 1085 2843 et
1103 2812 1179 2843 aliis
1193 2813 1370 2844 exciderat.
