1946 3261
634 164 752 215 LlB.
788 169 919 216 VIII.
983 167 1124 212 CAP.
1157 164 1347 213 50-52.
1629 168 1719 212 253

221 291 457 340 labantur:
492 297 700 350 ‚tricliniis
730 299 877 342 stratis
903 297 998 340 fora
1026 295 1281 353 templaque
1302 292 1648 351 occupabantur,
1672 302 1722 336 ut

220 354 292 397 vel
329 358 684 416 exspectatissimi
716 357 929 416 triumphi
961 355 1116 398 laetitia
1145 354 1322 412 praecipi
1357 361 1515 412 posset.
1579 352 1721 395 Tanta

220 422 316 481 erat
351 416 671 476 magnificentia
698 418 817 477 apud
844 415 1157 476 opulentiores,
1191 413 1410 472 cupiditas
1437 412 1555 472 apud
1581 411 1722 455 humi-

220 472 362 517 liores.

281 533 354 576 52.
390 535 538 584 Quum
560 551 704 578 omnes
723 536 919 579 reo-iones
942 532 1099 576 Galliae
1118 530 1301 588 Togatae
1324 531 1469 574 Caesar
1490 546 1724 590 percucur-

220 591 361 643 risset,
399 609 564 636 summa
594 611 693 637 cum
728 574 954 638 celeritate
985 592 1041 635 ad
1074 590 1314 633 exercitum
1355 590 1724 634 Nemetocennam

222 651 376 694 rediit:
401 652 734 711 legionibusque
752 670 806 696 ex
823 653 1022 696 omnibus
1034 649 1227 693 hibernis
1246 648 1301 691 ad
1317 647 1421 691 fines
1438 649 1725 693 Trevirorum

220 711 423 761 evocatis,
448 727 499 753 eo
521 713 746 771 profectus
766 722 830 755 est
852 713 1002 769 ibique
1022 708 1263 753 exercitum
1285 707 1506 750 lustravit.
1568 709 1621 750 T.
1643 710 1725 751 La-

222 769 400 812 bienum
424 771 581 814 Galliae
603 771 785 830 Togatae
807 771 1020 830 praefecit,
1052 785 1141 828 quo
1162 768 1328 827 majore
1351 766 1724 810 commendatione

224 829 533 874 conciliaretur
553 831 607 874 ad
638 832 903 875 Consulatus
932 829 1201 888 petitionem.
1267 826 1366 885 Ipse
1397 835 1571 869 tantum
1603 826 1726 869 itine-

223 903 320 931 rum
356 889 560 939 faciebat,
591 900 807 948 quantum
839 889 942 933 satis
974 905 1061 931 esse
1093 887 1149 931 ad
1185 886 1473 929 mutationem
1510 885 1724 934 locorum,

224 956 406 1006 propter
444 949 763 1001 salubritatem,
799 949 1090 993 existimabat.
1155 945 1223 989 Ibi
1262 961 1529 1004 quamquam
1571 945 1727 988 crebro

219 1006 444 1057 audiebat,
479 1008 718 1052 Labienum
748 1010 804 1052 ab
841 1008 1020 1052 inimicis
1052 1007 1138 1050 suis
1175 1005 1427 1053 sollicitari;
1474 1005 1727 1062 certiorque

221 1065 374 1118 fiebat,
397 1067 441 1110 id
463 1068 534 1127 agi
557 1085 798 1127 paucorum
824 1067 1025 1117 consiliis,
1049 1075 1116 1115 ut,
1141 1065 1398 1123 interposita
1423 1065 1610 1107 Senatus
1630 1080 1730 1106 auc-

222 1126 421 1177 toritate,
443 1128 589 1186 aliqua
610 1138 736 1186 parte
757 1127 975 1170 exercitus
992 1126 1259 1185 spoliaretur
1277 1140 1286 1173 ;
1329 1133 1473 1167 tamen
1501 1139 1642 1182 neque
1671 1123 1728 1166 de

225 1184 420 1229 Labieno
439 1187 627 1231 credidit
646 1187 908 1246 quidquam,
940 1202 1096 1244 neque,
1133 1193 1287 1227 contra
1319 1185 1505 1227 Senatus
1537 1182 1728 1226 auctori-

224 1253 361 1287 tatem
399 1255 449 1289 ut
484 1247 653 1304 aliquid
692 1249 874 1296 faceret,
913 1245 1062 1304 potuit.
1099 1243 1283 1293 adduci;
1328 1242 1557 1301 judicabat
1597 1243 1727 1292 enim,

222 1302 372 1347 liberis
387 1307 609 1348 sententiis
623 1316 798 1364 patrum
808 1305 1158 1363 conscriptorum
1174 1319 1365 1345 caussam
1378 1318 1497 1345 suam
1513 1302 1638 1345 facile
1654 1302 1729 1344 ob-

223 1363 368 1406 tineri.
434 1365 551 1408 Nam
573 1366 625 1408 C.
649 1365 804 1413 Curio,
828 1365 1050 1406 Tribunus
1072 1363 1229 1421 plebiS‚
1251 1378 1387 1419 quum
1410 1362 1590 1404 Caesaris
1611 1378 1728 1404 caus-

227 1439 317 1465 sam
348 1424 696 1483 dignitatemque
729 1423 1049 1466 defendendam
1079 1422 1348 1479 suscepisset,
1378 1436 1491 1478 saepe
1521 1430 1617 1463 erat
1650 1422 1728 1464 Se-

225 1483 349 1525 natui
372 1483 610 1541 pollicitus,
633 1484 664 1525 si
688 1500 813 1541 quern
838 1483 969 1525 timor
991 1497 1212 1524 armorum
1238 1479 1417 1522 Caesaris
1440 1479 1634 1530 laederet,
1667 1489 1728 1530 et,

225 1543 430 1599 quoniam
467 1543 664 1601 Pompeii
698 1542 937 1584 dominatio
966 1549 1100 1597 atque
1134 1555 1253 1582 arma
1283 1554 1367 1581 non
1391 1538 1611 1581 minimum
1641 1548 1727 1582 ter-

225 1617 367 1643 rorem
384 1602 480 1644 foro
497 1603 726 1651 inferrent,
745 1600 990 1643 discederet
1007 1609 1193 1656 uterque
1206 1598 1262 1640 ab
1280 1597 1409 1640 armis
1426 1598 1728 1655 exercitusque

221 1659 483 1710 dimitteret,
506 1662 598 1703 fore
622 1677 673 1703 eo
693 1662 808 1703 facto
831 1659 1013 1702 liberam
1031 1666 1074 1700 et
1092 1658 1158 1700 sui
1174 1657 1281 1714 juris
1297 1657 1535 1699 civitatem.
1573 1657 1730 1714 Neque

224 1718 303 1762 hoc
343 1729 515 1762 tantum
553 1719 775 1778 pollicitus
812 1727 900 1762 est:
958 1717 1033 1761 sed
1073 1717 1202 1759 etiam
1242 1731 1320 1774 per
1358 1733 1400 1758 sc
1433 1716 1727 1759 discessionem

223 1779 366 1822 facere
409 1780 573 1839 coepit:
619 1779 759 1838 (quod
787 1795 838 1822 ne
873 1778 1012 1827 fieret,
1052 1776 1262 1820 Consules
1292 1775 1503 1833 amicique
1536 1775 1730 1834 Pompeii

219 1838 479 1896 jusserunt,)
499 1848 631 1898 atque
656 1840 716 1882 ita
738 1855 829 1883 rem
847 1836 1109 1881 moderando
1129 1835 1433 1878 discesserunt.

276 1970 500 2001 Humilinrt’s.
523 1968 584 2000 alii
602 1969 764 2000 meliores.

276 2016 361 2045 (sum
378 2015 555 2045 celeritate.
583 2013 669 2044 bene
691 2013 752 2044 sic.
776 2011 838 2044 alii
859 2020 944 2053 prm·

228 2058 435 2100 posrtioucni
453 2057 623 2089 omittunt.

277 2104 504 2135 Nemetocenn.
558 2102 658 2133 Cont'.
682 2112 759 2143 cap.
784 2103 838 2132 46.
860 2107 944 2132 extr.

274 2193 518 2223 (unciam-etur
545 2190 679 2222 civibus
712 2190 878 2222 Romanis
910 2189 943 2220 in

227 2236 355 2273 Gallia,
377 2234 596 2277 suffrag-iijus
614 2234 832 2266 habentibus.
866 2234 945 2265 Mo-

227 2281 301 2312 nuit
317 2280 492 2312 Davisius.
524 2281 575 2311 M.
618 2280 720 2311 Cous.
741 2278 816 2310 Cic.
840 2279 942 2319 epist.

228 2326 270 2357 ad
292 2324 395 2356 Attic.
416 2328 443 2363 l,
464 2327 491 2356 1.

276 2370 414 2401 Labien.
431 2371 614 2401 sollicitari.
662 2369 705 2400 Et
723 2367 814 2399 stetit
826 2374 944 2408 postea

231 2424 250 2445 a
268 2413 425 2455 Pompeii
445 2414 610 2455 partibus.
662 2414 839 2444 Fellarius.

277 2459 492 2500 Spoliaretur.
521 2458 623 2489 Coni'.
639 2468 714 2498 cap.
732 2459 784 2489 54.
800 2456 858 2487 ubi
877 2456 941 2487 hoc

233 2508 397 2533 narratur.
454 2503 489 2533 ln
519 2502 639 2543 paucis
671 2502 726 2539 iis,
753 2503 794 2531 (ie
815 2501 943 2542 quibus

230 2547 265 2577 h.
288 2547 312 2577 l.
338 2557 451 2577 sermo
476 2553 538 2583 est,
563 2547 734 2588 praecipuc
758 2545 945 2577 Marcellus

227 2591 357 2622 Consul
374 2591 452 2622 fuit.
479 2591 529 2621 M.

277 2636 437 2667 obtineri.
461 2634 607 2666 subaudi
622 2645 726 2675 posse.

278 2681 392 2711 Curio.
440 2680 501 2710 Ille
517 2685 580 2716 est,
595 2679 636 2709 ad
648 2689 750 2720 quem
765 2677 946 2709 Ciceronis

228 2724 385 2766 epistolae
400 2723 524 2762 (libe)
534 2729 675 2754 exstant.
687 2723 788 2754 Coni'.
801 2722 942 2753 Sueton.

229 2770 355 2800 Caesar.
380 2772 435 2806 29,
460 2770 513 2799 36.
557 2768 734 2799 Cellctrc'us.
759 2766 847 2797 Add.
875 2767 945 2807 Ap-

229 2812 325 2854 piari.
341 2812 420 2844 Civ.
436 2816 468 2851 ⁸2,
482 2814 535 2842 26.
550 2821 626 2853 pag.
641 2814 718 2842 444.
733 2810 944 2851 editsteph.

230 2857 310 2890 Dio.
326 2858 422 2890 Cass.
439 2858 493 2895 40,
511 2858 564 2888 6⁴2.
628 2855 756 2886 Vellei.
772 2855 944 2886 Patercul.

230 2905 263 2939 2,
281 2905 337 2938 48.
351 2901 413 2945 qui
431 2911 544 2935 mores
566 2899 726 2933 Curionis
747 2899 941 2932 adumbrat.

1015 1964 1136 2006 Attigit
1168 1964 1271 1995 etiam
1301 1963 1501 1996 Plutarchus
1535 1962 1567 1994 in
1599 1962 1725 1994 (fa‘sar.

1013 2021 1090 2051 cap.
1110 2012 1166 2040 30.
1190 2009 1241 2040 M.
1718 2018 1722 2019 ⁷

1061 2056 1418 2095 Quum—maerepixvel.
1436 2050 1573 2091 Magnis
1583 2050 1726 2082 Caesaris

1013 2097 1254 2140 largitionibus
1268 2099 1374 2129 (¹urio
1394 2098 1427 2129 in
1442 2097 1516 2140 ejus
1534 2101 1644 2137 partes
1660 2101 1727 2126 tra-

1013 2145 1138 2174 ductus
1152 2149 1217 2173 est.
1242 2143 1292 2173 M.

1061 2189 1111 2219 Eo
1121 2188 1225 2228 facto.
1242 2187 1288 2218 al.
1306 2198 1340 2218 en
1353 2193 1460 2229 pacto.

1060 2233 1129 2263 Pm-
1144 2242 1177 2263 se
1192 2231 1300 2272 (ipse)
1317 2232 1430 2272 disus.
1445 2240 1524 2272 coep.
1573 2227 1725 2267 Rogavit

1014 2277 1184 2315 Senatum,
1211 2286 1292 2307 num
1310 2276 1471 2317 placeret,
1500 2279 1535 2304 ut
1559 2279 1591 2304 ct
1615 2274 1728 2304 Caesar

1012 2328 1044 2352 ct
1080 2320 1266 2362 Pompeius
1292 2319 1459 2351 exercitus
1493 2317 1723 2349 dimitterent:

1012 2365 1110 2396 multi
1127 2365 1217 2396 enim
1235 2376 1277 2396 eo
1298 2375 1364 2395 reni
1380 2362 1569 2401 trahebant,
1583 2368 1617 2393 ut
1633 2362 1726 2392 solus

1013 2410 1128 2441 (⁷'aesar
1150 2410 1194 2441 ab
1217 2408 1321 2441 arinis
1341 2408 1538 2439 discederet.
1576 2405 1725 2447 Appian.

1012 2454 1090 2485 siv.
1112 2458 1144 2492 ⁶2,
1171 2456 1213 2485 97
1242 2464 1312 2495 seq.
1337 2463 1412 2494 pag.
1439 2453 1516 2483 446.
1562 2451 1725 2482 Ceterum

1012 2498 1191 2540 ingeniosa
1216 2503 1266 2529 est
1293 2495 1489 2528 emendatio
1520 2494 1652 2529 Faerni,
1680 2493 1726 2524 ab

1011 2543 1135 2574 Ursino
1153 2542 1325 2574 indicata:
1351 2541 1407 2573 sed
1429 2543 1531 2572 etiam
1557 2541 1591 2569 S.
1613 2540 1650 2569 C.
1666 2549 1728 2577 pm·

1009 2588 1238 2619 discessionem
1261 2586 1376 2627 facere
1403 2587 1506 2626 cmpit.
1539 2584 1590 2614 M.
1646 2582 1727 2613 Sca-

1012 2632 1098 2673 liger
1124 2632 1195 2663 ita:
1229 2631 1287 2661 sed
1311 2633 1415 2661 eliam
1435 2640 1496 2670 per
1519 2638 1552 2659 se
1582 2628 1726 2658 Senatus

1011 2677 1237 2708 discessionem
1250 2674 1367 2715 fucere
1383 2675 1490 2714 roepit.

1060 2721 1155 2755 Quod
1166 2730 1208 2750 ne
1216 2721 1537 2760 fieret—-J'ztsserunt,
1561 2716 1586 2748 i.
1603 2727 1634 2747 e.
1657 2716 1726 2748 hoc

1011 2764 1272 2807 prohibuerunt.
1320 2762 1384 2793 Sed
1405 2760 1527 2802 partim
1544 2771 1611 2792 nnn
1627 2766 1725 2802 pote-

1012 2815 1063 2841 rat
1077 2808 1251 2840 Tribunus
1267 2806 1378 2848 plebis
1391 2805 1592 2847 simpliciter
1608 2805 1726 2847 prohi-

1011 2853 1124 2885 hendo
1138 2850 1311 2893 impediri,
1327 2849 1451 2892 partim
1466 2849 1635 2881 dubitavit
1653 2849 1726 2880 Ou-

1011 2896 1236 2939 dendorpius,
1259 2906 1302 2928 an
1326 2895 1489 2928 Latinum
1506 2895 1592 2928 satis
1607 2894 1650 2927 sit
1665 2897 1727 2938 ju-
