1946 3261
623 188 741 232 LIB.
775 190 860 237 III.
924 191 1062 232 CAP.
1095 192 1169 240 45,
1201 192 1277 233 46.
1627 196 1714 240 375

223 308 382 358 Caesar,
412 314 463 351 ut
489 322 620 364 quam
652 305 949 363 angustissime
980 305 1239 362 Pompeium
1268 308 1537 358 contineret3
1577 310 1707 356 Pom..

218 368 359 426 peius,
390 375 440 410 ut
459 369 591 424 quam
610 364 824 423 plurimos
855 363 983 406 colles
1003 377 1133 418 quam
1154 363 1338 407 maximo
1369 365 1556 410 circuitu
1583 385 1709 414 occu-

217 435 369 485 paret:
414 425 657 482 crebraque
685 423 741 465 ob
775 438 868 466 eam
901 435 1089 464 caussam
1121 422 1276 478 proelia
1308 423 1485 469 fiebant.
1557 425 1608 471 In
1643 429 1708 475 his

217 501 355 543 quum
389 484 503 542 legio
539 482 718 526 Caesaris
746 497 858 524 nona
888 479 1135 539 praesidium
1168 481 1387 538 quoddam
1407 487 1707 545 occupavisset

214 553 259 586 et
296 543 466 587 munire
497 542 722 608 coepisset3
753 540 852 582 huic
885 540 980 584 loco
1013 538 1311 598 propinquum
1350 550 1394 583 et
1436 547 1707 594 contrarium

213 602 371 646 collem
404 602 636 658 Pompeius
667 599 900 657 occupavit
929 607 1184 656 nostrosque
1218 614 1351 656 opere
1372 602 1603 656 prohibere
1624 624 1708 652 coe.

214 662 305 719 pit:
341 669 399 711 et,
422 675 560 716 quum
592 674 678 701 una
708 674 761 701 ex
794 666 920 716 parte
951 673 1091 716 prope
1123 672 1295 715 aequum
1316 657 1486 702 aditum
1506 662 1705 720 haberet,

211 720 401 778 primum
432 718 667 776 sagittariis
686 717 1072 775 funditoribusque
1100 716 1402 776 circumjectis,
1434 729 1583 776 postea
1602 724 1710 768 levis

210 785 443 827 armaturae
474 793 630 836 magna
661 776 943 820 multitudine
975 776 1114 828 missa,
1154 777 1469 836 tormentisque
1509 780 1707 836 prolatis,

210 837 468 882 munitiones
486 837 755 895 inpediebat:
790 853 930 894 neque
942 845 1053 887 erat,
1076 835 1200 879 facile
1220 836 1394 888 nostris,
1408 853 1496 880 uno
1510 847 1708 899 tempore

210 912 492 956 propugnare
523 905 568 939 et
600 897 781 939 munire.
847 897 1008 947 Caesar,
1037 911 1174 953 quum
1195 912 1294 939 suos
1313 912 1367 939 ex
1387 896 1586 942 omnibus
1607 916 1707 957 par-

209 956 329 1000 tibus
360 956 581 999 vulnerari
614 956 799 1006 videret,
834 956 1026 1013 recipere
1059 971 1101 998 se
1130 955 1257 1014 jussit
1288 964 1333 998 et
1365 955 1461 1001 loco
1481 959 1702 1003 excedere.

209 1015 321 1058 Erat
351 1031 431 1073 per
461 1015 628 1059 declive
662 1024 887 1074 receptus:
923 1015 987 1058 illi
1018 1024 1165 1058 autem
1186 1013 1267 1057 hoc
1295 1015 1435 1059 acrius
1468 1017 1704 1073 instabant,

208 1090 350 1133 neque
382 1075 551 1134 regredi
585 1084 754 1123 nostros
789 1075 1086 1132 patiebantur,
1120 1074 1240 1132 quod
1264 1074 1420 1118 timore
1438 1076 1620 1120 adducti
1642 1078 1705 1123 lo-

208 1150 309 1179 cum
339 1134 588 1192 relinquere
620 1134 899 1178 videbantur.
965 1134 1144 1176 Dicitur
1176 1150 1227 1177 eo
1270 1143 1469 1194 tempore
1509 1136 1702 1195 glorians

210 1193 331 1252 apud
361 1210 458 1239 suos
488 1193 718 1252 Pompeius
738 1193 908 1245 dixisse,
946 1199 975 1218 ‘⁶
999 1209 1084 1237 non
1105 1209 1301 1236 recusare
1322 1211 1380 1246 se,
1416 1195 1523 1253 quin
1544 1197 1704 1243 nullius

209 1258 239 1277 ‘⁶
264 1269 363 1295 usus
396 1252 640 1312 Imperator
671 1253 1006 1302 existimaretur,
1040 1253 1072 1296 si
1103 1253 1190 1296 sine
1211 1253 1398 1298 maximo
1432 1255 1698 1300 detrimento

210 1312 450 1370 “legiones
484 1312 665 1356 Caesaris
697 1329 785 1356 sese
817 1313 1073 1371 recepissent
1104 1311 1220 1362 inde,
1252 1328 1340 1370 quo
1372 1322 1536 1358 temere
1562 1324 1704 1360 essent

211 1378 240 1397 “
260 1374 547 1431 progressae.’'

266 1430 337 1473 46.
373 1432 535 1482 Caesar,
568 1430 762 1490 receptui
786 1445 963 1474 suorum
998 1429 1168 1480 timens,
1205 1438 1344 1474 crates
1378 1431 1433 1475 ad
1454 1441 1701 1477 extremum

205 1490 426 1534 tumulum
461 1500 615 1534 contra
645 1490 810 1534 hostem
843 1489 1033 1548 proferri
1076 1499 1120 1532 et
1155 1489 1359 1534 adversas
1391 1491 1553 1542 locari;
1585 1493 1702 1536 intra

205 1548 280 1592 has
301 1550 506 1594 mediocri
531 1550 764 1593 latitudine
788 1550 958 1599 fossam,
989 1549 1116 1592 tectis
1135 1549 1361 1600 militibus,
1391 1551 1550 1594 obduci
1574 1552 1703 1610 jussit

203 1607 434 1668 locumque
480 1611 522 1653 in
560 1625 706 1652 omnes
752 1618 901 1667 partes
940 1624 1072 1665 quam
1112 1609 1298 1652 maxime
1338 1609 1553 1667 inpediri;
1606 1611 1698 1669 ipse

202 1667 368 1712 idoneis
390 1668 493 1712 locis
516 1668 759 1711 funditores
788 1668 1011 1717 instruxit,
1035 1676 1084 1710 ut
1110 1668 1308 1726 praesidio
1335 1668 1494 1711 nostris
1514 1685 1558 1711 se
1591 1671 1681 1713 reci

234 1727 424 1771 ientibus
443 1737 594 1771 essent.
660 1727 741 1770 His
764 1728 895 1770 rebus
916 1727 1159 1785 completis,
1184 1727 1374 1786 legiones
1388 1727 1536 1770 reduci
1554 1728 1682 1786 jussit

201 1744 455 1846 gompeiani
477 1787 557 1830 hoc
580 1786 829 1830 insolentius
851 1796 985 1843 atque
1008 1786 1215 1829 audacius
1236 1796 1406 1830 nostros
1431 1803 1629 1845 premere
1651 1796 1700 1831 et

199 1845 360 1895 instare
380 1856 605 1905 coeperunt
625 1856 868 1902 cratesque,
902 1861 982 1903 pro
1000 1846 1237 1888 munitione
1260 1846 1468 1904 objectas,
1489 1846 1697 1905 propule-

197 1915 320 1956 runt,
349 1915 400 1948 ut
421 1906 551 1949 fossas
571 1904 936 1948 transcenderent.
1002 1904 1132 1954 Quod
1162 1921 1297 1962 quum
1318 1905 1695 1949 animadvertisset

200 1965 362 2014 Caesar,
384 1966 564 2014 veritus,
588 1980 640 2006 ne
661 1980 746 2006 non
764 1963 950 2012 reducti,
973 1963 1048 2006 sed
1073 1964 1221 2023 rejecti
1244 1963 1515 2013 viderentur,
1538 1964 1693 2023 majus-

197 2040 281 2082 que
295 2023 603 2066 detrimentum
616 2032 862 2081 caperetur‚
876 2039 900 2065 a
915 2022 1058 2066 medio
1072 2023 1162 2066 fere
1180 2023 1322 2081 spatio
1341 2037 1439 2064 suos
1452 2038 1531 2080 per
1550 2024 1688 2067 Anto-

197 2084 333 2133 nium,
355 2083 431 2140 qui
452 2083 490 2124 ei
512 2082 672 2141 legioni
693 2091 893 2140 praeerat,
916 2081 1185 2131 cohortatus,
1201 2082 1310 2124 tuba
1324 2081 1494 2140 signum
1511 2081 1608 2126 dari
1622 2090 1686 2125 at-

197 2158 284 2200 que
300 2142 342 2184 in
356 2143 498 2185 hostes
514 2141 710 2200 inpetum
725 2141 816 2183 fieri
835 2141 975 2199 jussit.
1013 2141 1177 2182 Milites
1198 2140 1378 2198 legionis
1396 2155 1518 2183 nonae
1539 2141 1687 2186 subito

194 2201 431 2261 conspirati
464 2201 553 2260 pila
593 2201 871 2260 conjecerunt
911 2209 972 2250 et,
1010 2215 1064 2242 ex
1101 2199 1305 2242 inferiore
1346 2199 1441 2243 loco
1480 2199 1686 2245 adversus

242 2332 397 2373 Recipere
409 2332 565 2370 sejussit.
589 2330 625 2361 In
643 2327 784 2370 optimis
797 2326 897 2358 MSS.

197 2377 355 2415 estjzzssit
365 2388 380 2413 ;
401 2375 505 2416 vulgo
520 2376 650 2407 statuit.
698 2373 762 2404 Sed
789 2372 903 2403 Caesar

196 2431 263 2452 non
280 2419 407 2457 statuit,
429 2430 464 2451 se
481 2418 642 2461 recipere.
665 2418 718 2449 M.
766 2416 901 2448 Primus

196 2466 264 2497 hoc
282 2463 364 2496 vidit
383 2463 555 2496 Davisius.

246 2511 350 2541 Tectis
374 2508 507 2550 (pluteo
531 2512 564 2539 et
586 2506 704 2546 vinea)
729 2503 903 2542 militibus,

193 2554 253 2597 qui
268 2554 391 2585 fossam
408 2552 583 2584 ducebant.
607 2552 657 2583 M.

243 2600 310 2631 His
340 2599 436 2631 rebus
457 2597 634 2638 completis.
680 2593 899 2626 Marclandus

195 2642 231 2675 in
260 2642 394 2684 Explic.
422 2647 501 2672 vett.
529 2646 620 2671 auct.
654 2651 687 2681 p.
713 2640 778 2669 273
806 2637 900 2669 malit

195 2688 357 2729 confectis,
372 2696 473 2727 quem
491 2695 622 2726 sequor.
646 2684 698 2715 Μ.

242 2732 402 2772 Leyiones
416 2730 544 2762 reduci.
588 2728 743 2760 Jurinius
764 2725 897 2758 mavult

192 2777 353 2819 kyionem
367 2774 441 2806 scil.
458 2783 594 2811 nonam,
609 2773 652 2804 de
668 2782 735 2814 qua
747 2781 777 2802 c.
796 2774 851 2802 45.

241 2821 374 2861 ReJecu.
385 2819 445 2851 alii
461 2819 587 2858 dejecti.

240 2867 440 2906 Conspe‘ran,
454 2862 517 2902 (sic
531 2861 614 2894 boni
627 2860 764 2902 quidam
777 2859 895 2899 codd.)

193 2908 228 2948 in
254 2908 380 2942 arctius
405 2907 550 2951 spatium
578 2905 737 2944 conlecti,
764 2909 893 2938 utcum

968 2336 1104 2368 serpens
1131 2324 1317 2367 conligitur
1345 2325 1378 2357 in
1402 2326 1541 2368 spiram.
1587 2328 1677 2369 Ergo

971 2371 1110 2403 omnino
1142 2370 1309 2412 significat
1333 2376 1511 2410 coartatos,
1527 2374 1678 2404 conden-

969 2422 1072 2447 satos,
1105 2415 1262 2456 Reliquae
1308 2415 1473 2448 lectiones
1510 2423 1567 2448 aut
1602 2422 1678 2448 sunt

968 2459 1076 2498 falsae,
1106 2465 1142 2491 ut
1165 2461 1370 2502 con-spicati‚·
1393 2466 1452 2491 aut
1481 2459 1680 2502 interpreta-

968 2510 1090 2543 menta,
1108 2507 1145 2535 ut
1157 2506 1344 2546 complicati
1356 2509 1389 2536 et
1400 2507 1585 2544 constipat-i.
1619 2505 1672 2537 M.

967 2548 1109 2590 Proprie
1125 2549 1165 2580 de
1181 2554 1332 2590 serpente
1343 2554 1482 2590 usurpat
1498 2548 1616 2580 Victor
1628 2550 1670 2581 de

965 2592 1047 2625 viris
1064 2593 1115 2625 ill.
1133 2603 1208 2634 cap.
1225 2597 1280 2624 22.
1321 2592 1443 2633 Etymo
1459 2592 1563 2624 utitur
1577 2594 1618 2624 de
1635 2604 1670 2625 re

965 2637 1102 2670 militari
1118 2637 1252 2670 Ennius
1265 2637 1358 2678 apud
1381 2637 1535 2668 Festum.-
1557 2639 1669 2679 spiras

960 2682 1145 2722 temonibus
1160 2686 1299 2714 nexunt.
1340 2680 1467 2712 Probat
1480 2681 1572 2722 vulg.
1590 2692 1668 2713 con-

962 2728 1075 2768 stipati
1102 2727 1215 2758 Bentl.
1238 2731 1271 2757 et
1286 2725 1487 2766 indignatur,
1502 2724 1629 2757 Caesari
1645 2727 1667 2757 e'

961 2780 1059 2802 coeno
1112 2769 1258 2802 Victoris
1297 2769 1477 2800 lectionem
1511 2769 1664 2810 putidam

960 2815 1107 2847 obtrudi.
1125 2813 1353 2847 Contrasentit
1365 2813 1494 2847 Gudius
1505 2814 1548 2846 ad
1564 2814 1665 2847 Phae-

957 2859 1008 2892 dri
1019 2860 1091 2894 fab.
1109 2862 1139 2901 1,
1156 2864 1189 2891 2.
