1946 3261
0 1085 16 1391 “wse-

612 210 728 260 LIB.
762 214 845 259 III.
909 214 1048 259 CAP.
1080 214 1209 264 6—9.
1597 212 1660 257 65

242 340 286 384 8.
322 349 350 370 “
377 342 522 402 Hujus
541 343 728 388 civitatis
756 353 820 387 est
842 344 969 403 longe
991 342 1250 401 amplissima
1270 340 1506 385 auctoritas
1525 340 1665 384 omnis

185 406 213 425 “
237 415 322 444 orae
358 404 598 447 maritumae
639 405 864 462 regionum
896 417 1060 450 earum,
1101 401 1219 458 quod
1257 409 1301 443 et
1337 417 1464 444 naves
1497 399 1663 442 habent

182 465 210 483 ‘⁶
238 459 395 503 Veneti
409 461 630 519 plurimas,
649 463 806 519 quibus
818 463 860 504 in
875 460 1141 504 Britanniam
1158 460 1361 517 navigare
1378 466 1656 508 consuerunt,

183 524 212 542 “
237 526 281 560 et
309 519 482 561 scientia
510 529 642 578 atque
670 537 750 562 usu
782 520 1052 562 nauticarum
1084 533 1232 560 rerum
1268 517 1456 574 reliquos
1486 526 1656 560 antece-

183 583 212 601 “
235 575 347 618 dunt
366 585 411 619 et
429 578 472 619 in
492 594 648 636 magno
669 579 822 637 inpetu
851 579 977 620 maris
996 586 1129 634 atque
1152 583 1323 634 apert0‚
1354 576 1499 633 paucis
1522 576 1658 634 porti-

184 641 214 660 “
237 634 319 676 bus
350 635 601 694 interjectis,
664 652 740 678 uos
772 645 922 678 tenent
950 636 1045 694 ipsi,
1079 650 1223 677 omnes
1243 634 1350 682 fere,
1372 634 1447 689 qui
1469 649 1520 675 eo
1548 634 1657 677 mari

185 700 213 718 “
238 692 303 734 uti
335 703 611 744 consuerunt,
675 695 806 737 abent
843 694 1118 753 vectigales.'’
1177 692 1252 735 Ab
1289 692 1337 734 iis
1368 692 1451 733 fuit
1485 692 1656 735 initium

181 750 397 795 retinendi
429 752 524 794 Silii
554 761 688 810 atque
719 753 903 802 Velanii,
932 753 1049 810 quod
1081 767 1161 810 per
1190 766 1261 793 eos
1291 766 1387 793 suos
1406 766 1449 792 se
1471 749 1655 799 obsides,

179 824 287 866 quos
309 809 463 852 Crasso
479 810 712 861 dedissent,
742 820 1076 868 recuperaturos
1102 810 1418 852 existimabant.
1483 808 1656 851 Horum

180 868 441 910 auctoritate
469 869 652 910 finitumi
674 870 867 917 adducti,
890 869 958 923 (ut
978 876 1079 908 sunt
1110 868 1336 910 Gallorum
1357 867 1501 909 subita
1519 875 1563 909 et
1594 883 1659 909 re-

182 927 359 984 pentina
390 927 580 983 consilia)
611 927 762 968 eadem
790 927 843 968 de
877 941 1022 968 caussa
1043 925 1255 966 Trebium
1274 926 1657 982 Terrasidiumque

181 985 370 1027 retinent
391 994 450 1034 et,
469 985 670 1027 celeriter
690 985 822 1026 missis
840 984 1008 1042 legatis,
1028 999 1107 1042 per
1123 998 1219 1024 suos
1240 983 1461 1040 Principes
1481 983 1593 1025 inter
1614 999 1659 1025 se

181 1043 423 1102 conjurant,
456 1043 563 1085 nihil
594 1044 671 1085 nisi
699 1043 912 1085 communi
943 1042 1117 1084 consilio
1143 1049 1331 1089 acturos,
1373 1041 1659 1098 eumdemque

183 1102 316 1144 omnis
337 1103 521 1145 fortunae
543 1103 707 1144 exitum
736 1119 822 1144 esse
840 1102 1027 1143 laturos:
1061 1100 1336 1157 reliquasque
1355 1100 1550 1142 civitates
1577 1100 1660 1141 sol-

180 1159 363 1210 licitant,
383 1171 433 1203 ut
454 1162 495 1203 in
515 1177 565 1204 ea
585 1161 804 1210 libertate,
828 1176 958 1217 quam
974 1176 999 1202 a
1016 1159 1249 1217 majoribus
1269 1166 1542 1216 acceperant,
1561 1174 1660 1216 per-

184 1234 371 1269 manere,
415 1235 545 1277 quam
589 1219 884 1262 Romanorum
923 1219 1179 1261 servitutem
1227 1217 1423 1276 perferre
1464 1217 1658 1259 mallent.

187 1278 316 1320 Omni
344 1293 419 1320 ora
447 1278 660 1321 maritima
690 1278 889 1320 celeriter
916 1277 973 1320 ad
1000 1293 1119 1319 suam
1151 1276 1406 1318 sententiam
1428 1275 1658 1334 perducta,

183 1351 451 1379 communem
471 1337 729 1395 legationem
745 1337 800 1379 ad
824 1337 872 1378 P.
899 1337 1101 1378 Crassum
1119 1336 1315 1384 mittunt,
1339 1342 1367 1360 ‘⁶
1390 1335 1424 1377 si
1442 1334 1546 1376 velit
1563 1349 1661 1378 suos

185 1402 214 1421 “
236 1395 446 1453 recipere,
469 1395 638 1438 obsides
654 1395 734 1437 sibi
752 1395 989 1437 remittat.'’

243 1453 284 1495 9.
320 1454 490 1503 Quibus
518 1453 572 1496 de
603 1453 733 1496 rebus
756 1453 899 1496 Caesar
919 1453 976 1495 ab
1000 1453 1152 1495 Crasso
1172 1450 1330 1493 certior
1361 1450 1513 1499 factus,
1542 1449 1663 1508 quod

184 1512 196 1554 i
233 1528 275 1554 se
296 1511 449 1554 aberat
469 1512 654 1570 longius,
684 1527 811 1554 naves
840 1512 1013 1553 interim
1031 1511 1178 1568 longas
1199 1509 1397 1552 aedificari
1419 1508 1461 1549 in
1483 1508 1662 1551 flumine

187 1528 350 1628 ffigeri,
373 1570 490 1628 quod
512 1570 653 1612 influit
675 1570 718 1611 in
742 1570 979 1618 Oceanum,
1004 1569 1186 1626 remiges
1211 1583 1264 1609 ex
1289 1566 1517 1608 Provincia
1543 1567 1662 1609 insti-

183 1629 266 1678 tui,
305 1638 455 1671 nautas
491 1628 893 1686 gubernatoresque
928 1626 1169 1685 comparari
1200 1625 1341 1684 jubet.
1407 1624 1489 1666 His
1531 1625 1662 1667 rebus

184 1687 385 1730 celeriter
410 1686 733 1736 administratis,
755 1686 862 1745 ipse,
892 1702 1028 1743 quum
1083 1685 1240 1727 rimum
1269 1700 1348 1742 per
1369 1683 1467 1725 anni
1489 1692 1662 1742 tempus

184 1746 348 1804 potuit,
379 1745 435 1788 ad
475 1746 714 1788 exercitum
755 1745 990 1787 contendit.
1079 1743 1212 1786 'eneti
1253 1742 1517 1799 reliquaeque
1556 1742 1662 1785 item

183 1804 396 1854 civitates,
417 1804 591 1871 cognito
610 1804 788 1847 Caesaris
807 1804 1013 1852 adventu,
1027 1802 1154 1846 simul
1171 1801 1303 1859 quod,
1322 1809 1533 1858 quantum
1554 1800 1596 1843 in
1617 1817 1661 1843 se

182 1862 345 1906 facinus
373 1863 670 1914 admississent,
705 1863 1034 1922 intellegebant,
1065 1862 1263 1920 (legatos,
1293 1859 1412 1918 quod
1433 1874 1585 1902 nomen
1605 1859 1663 1902 ad

1001 2008 1254 2042 E.v‹:seimabant.
1284 2005 1464 2038 Consentit
1481 2004 1548 2036 Dio
1564 2004 1662 2037 Cass.

231 2011 362 2052 [npetu.
406 2011 585 2052 Perplacet
612 2010 722 2053 Lipsii
751 2011 888 2053 conjec-

955 2057 1008 2092 39,
1025 2056 1079 2085 40.
1103 2059 1137 2084 et
1154 2051 1311 2092 adsignat
1330 2051 1395 2081 hoc
1423 2049 1553 2081 bellum
1569 2059 1660 2080 anno

185 2059 273 2092 tura,
303 2055 440 2093 ambitu,
477 2061 513 2086 ut
551 2056 638 2086 adeo
675 2055 887 2096 intelligatur

185 2107 328 2139 magnus
360 2104 393 2129 et
430 2105 566 2140 apertus
592 2100 744 2131 ambitus
774 2099 887 2130 maris.

185 2141 271 2173 Nam
285 2141 314 2172 si
330 2142 385 2173 vel
400 2143 548 2174 maxime
570 2145 605 2174 in
619 2155 740 2185 mayno
764 2145 887 2184 impetu

184 2187 289 2217 maris
301 2185 481 2227 significet,
499 2191 532 2218 in
548 2189 720 2229 impetuoso
736 2189 834 2225 mari,
850 2192 886 2217 ut

185 2228 447 2271 Oudendorpius
460 2231 669 2271 explicavit:
691 2238 802 2262 tamen
819 2240 885 2261 non

183 2272 297 2306 video.
321 2284 381 2305 cur
402 2274 523 2306 Veneti
548 2274 736 2316 vectigales
758 2274 887 2305 habue—

180 2315 247 2347 rint
261 2317 348 2348 alios
372 2320 408 2349 in
421 2321 593 2360 impetuoso
608 2321 707 2357 mari,
729 2329 807 2349 cum
823 2318 887 2349 im-

187 2366 286 2401 petus
308 2361 408 2392 maris
437 2368 471 2393 et
500 2362 721 2403 vectigalium
748 2362 885 2393 exactio

184 2403 270 2434 mihi
298 2404 435 2444 quidem
463 2407 557 2438 nullo
589 2416 675 2437 nexu
705 2407 887 2448 conjuncta

182 2446 372 2486 videantur,
387 2455 446 2483 aut
460 2450 532 2482 ullo
549 2451 649 2481 modo
665 2451 707 2481 ad
722 2461 756 2481 se
766 2450 887 2481 relata.

185 2491 236 2522 M.
295 2490 432 2532 Lipsius
467 2493 606 2525 omnino
641 2504 759 2525 verum
788 2493 888 2524 vidit.

185 2544 264 2565 mox
278 2535 324 2565 al.
341 2537 516 2577 portubus.
533 2543 712 2578 utrumque
727 2536 864 2578 legitur.

231 2580 360 2620 Aperta,
382 2580 450 2611 late
478 2581 619 2621 patenti.
643 2582 688 2612 cf.
712 2592 743 2612 c.
769 2585 801 2620 9,
818 2578 887 2617 ,ubi

182 2622 382 2654 conclusum
392 2633 484 2654 mare
497 2624 807 2663 (Mediterraneum,
819 2634 888 2665 quo

186 2666 332 2697 Romani
363 2667 558 2706 utebantur)
592 2674 625 2699 et
652 2668 888 2710 apertissimus

186 2709 355 2748 Oceanus,
387 2722 487 2752 quem
519 2710 642 2743 Veneti
669 2712 889 2749 accolebant,

183 2761 411 2794 opponuntur.
457 2757 508 2787 M.

231 2798 312 2830 Fuit
324 2800 468 2831 initium.
513 2798 566 2830 Sic
584 2800 683 2831 codd.
700 2799 821 2840 aliifit.

233 2842 306 2872 Silii
328 2848 428 2884 atque
449 2844 585 2875 Vehmii.
629 2844 738 2886 Codd.
761 2843 889 2874 addunt

185 2889 216 2915 et
239 2886 266 2915 st·
289 2896 368 2927 quos
390 2889 576 2929 intercipere
587 2892 777 2928 potuerunt.
823 2886 887 2917 Sed

188 2928 261 2959 haec
277 2939 337 2978 nec
353 2930 471 2965 Celsus
486 2941 547 2964 nec
575 2931 711 2965 Graecus
728 2931 889 2973 interpres

184 2979 353 3018 agnoscit.

954 2099 997 2129 U.
1021 2098 1062 2129 C.
1089 2098 1163 2134 698,
1188 2094 1391 2126 Marcellino
1428 2099 1463 2125 et
1495 2093 1659 2134 Philippo

951 2142 1049 2173 Coss.
1086 2141 1135 2171 M.

999 2186 1110 2215 Omnis
1133 2183 1279 2223 fortunae
1303 2187 1371 2213 etc.
1420 2182 1531 2213 Omnis
1558 2190 1662 2212 accu-
1692 2214 1696 2218 ,

954 2229 1047 2260 sandi
1063 2238 1145 2259 casu
1162 2226 1310 2268 ponitur.

999 2274 1211 2313 Acceperant.
1236 2271 1320 2309 Imo,
1334 2270 1523 2312 acceperint.
1548 2273 1584 2300 ut
1601 2268 1661 2300 Ci-

952 2315 1117 2348 accontus
1132 2314 1277 2346 monuit.
1323 2315 1373 2345 M.

998 2361 1151 2392 Mallem.
1196 2358 1280 2400 Leg.
1301 2359 1430 2396 malint,
1452 2368 1470 2388 e
1491 2357 1569 2389 cod.
1587 2355 1658 2388 Ox-

951 2414 1007 2435 on.
1055 2404 1105 2434 M.

996 2448 1120 2488 Liqeri.
1156 2444 1224 2477 Alii
1242 2445 1370 2487 Liyere,
1389 2444 1528 2486 [ἐρεῖ-εἱς.

999 2488 1046 2523 Jn‘
1063 2492 1238 2522 Oceanum.
1284 2489 1354 2521 Alii
1372 2487 1547 2520 Oceanum.

1001 2536 1112 2570 Quum
1124 2536 1285 2577 primum.
1331 2532 1481 2573 Scaliger
1492 2536 1526 2562 et
1537 2538 1657 2571 sequa‘

952 2589 1009 2611 ces
1022 2580 1285 2620 quamprimum.

999 2623 1275 2664 Reliquae—civit.
1331 2619 1464 2651 Addunt
1492 2617 1589 2649 codd.
1623 2622 1658 2647 et

953 2665 1035 2698 edit.
1057 2667 1212 2707 quaedam
1223 2662 1469 2704 certioresfacti,
1481 2661 1572 2702 quod
1587 2669 1655 2691 non

952 2710 1113 2752 displicet
1153 2706 1409 2747 Oudendorpio,
1433 2704 1656 2745 adgnoscenti

953 2753 1138 2795 synthesin,
1164 2758 1199 2782 ut
1214 2752 1305 2792 apud
1322 2750 1402 2780 Sall.
1437 2748 1514 2779 Cat.
1527 2751 1559 2786 5,
1575 2748 1655 2788 Jug.

957 2799 1008 2830 14.
1046 2798 1170 2829 Juven.
1191 2797 1242 2834 14,
1257 2796 1334 2825 240.
1364 2791 1441 2824 htv.
1458 2794 1511 2831 38,
1526 2794 1577 2824 29.
1595 2792 1655 2823 ubi

953 2853 988 2874 v.
1003 2842 1154 2873 Gronov.

1001 2882 1335 2921 Qaantum-admis.
1377 2885 1540 2924 quantum
1587 2878 1655 2911 sibi

951 2929 1162 2963 nocuissent.
1207 2926 1256 2960 M.

1457 3013 1483 3053 F
