1946 3261
217 154 306 202 120
619 151 707 192 DE
737 148 941 189 BELLO
973 146 1272 190 GALLICO.

269 278 345 323 37,
380 275 583 328 Sabinus,
619 285 727 326 quos
753 268 798 312 in
830 268 1058 328 praesentia
1079 269 1296 315 Tribunos
1315 270 1504 315 militum
1526 271 1688 316 circum

212 355 259 383 se
278 336 470 381 habebat
489 340 537 376 et
561 327 799 387 primorum
818 326 1018 372 ordinum
1039 328 1340 383 Centuriones,
1360 346 1402 372 se
1422 330 1545 388 sequi
1560 331 1690 389 jubet

213 404 277 450 et,
310 407 448 453 quum
479 385 656 449 propius
684 385 984 445 Ambiorigem
1000 388 1255 442 accessisset,
1273 388 1415 446 jussus
1436 404 1555 432 arma
1584 389 1692 448 abji-

216 469 329 507 cere,
365 450 626 507 imperatum
655 444 776 499 facit,
812 446 1000 502 suisque,
1032 453 1082 488 ut
1113 446 1230 489 idem
1269 446 1446 497 faciant,
1488 446 1690 505 imperat.

217 508 413 560 Interim,
452 503 558 546 dum
588 503 644 547 de
675 504 998 548 conditionibus
1027 504 1142 547 inter
1176 521 1221 548 se
1257 513 1395 564 agunt
1434 505 1693 564 longiorque

217 567 415 612 consulto
432 562 491 606 ab
511 562 768 621 Ambiorige
796 563 1039 606 instituitur
1070 579 1223 615 sermo,
1256 563 1489 623 paullatim
1513 565 1692 608 circum-

217 633 374 670 ventus
392 620 663 665 interficitur.
725 622 840 665 Tum
868 637 973 665 vero
1007 637 1085 665 suo
1115 638 1233 666 more
1262 622 1490 667 victoriam
1527 623 1693 667 concla-

217 689 338 728 mant
365 688 499 738 atque
528 681 748 724 ululatum
777 681 956 734 tollunt,
992 679 1233 740 inpetuque
1273 681 1316 725 in
1356 689 1523 724 nostros
1560 682 1695 732 facto,

216 740 389 784 ordines
421 739 696 798 perturbant.
758 738 827 783 Ibi
864 739 915 781 L.
941 740 1074 782 Cotta
1103 755 1300 799 pugnans
1321 739 1579 783 interficitur
1598 756 1697 783 cum

217 798 405 844 maxima
432 806 557 856 parte
588 798 789 850 militum,
819 798 977 855 reliqui
1003 815 1048 841 se
1084 798 1127 841 in
1152 807 1293 841 castra
1313 797 1543 855 recipiunt,
1579 798 1697 842 unde

217 865 345 902 erant
383 856 561 914 egressi:
601 873 656 899 ex
694 857 853 914 quibus
897 857 947 899 L.
992 856 1258 900 Petrosidius
1293 856 1512 914 aquilifer,
1560 871 1700 914 quum

215 931 374 975 magna
392 914 674 959 multitudine
699 915 890 959 hostium
918 924 1204 974 premeretur,
1233 914 1425 973 aliquam
1456 915 1569 958 intra
1609 915 1701 959 val-

219 975 316 1018 lum
333 974 531 1034 projecit,
560 974 652 1032 ipse
685 990 765 1033 pro
787 975 936 1017 castris
973 974 1199 1018 fortissime
1233 989 1432 1033 pugnans
1468 972 1699 1017 occiditur.

220 1033 296 1076 Illi
331 1048 446 1091 aegre
480 1033 536 1075 ad
574 1041 746 1076 noctem
783 1033 1153 1092 obpugnationem
1188 1032 1424 1075 sustinent:
1471 1040 1601 1074 noctu
1644 1031 1702 1074 ad

218 1107 358 1135 unum
379 1106 539 1144 omnes,
562 1091 793 1150 desperata
812 1092 969 1145 salute,
991 1109 1035 1135 se
1058 1091 1139 1151 ipsi
1156 1090 1434 1134 interficiunt.
1498 1089 1632 1133 Pauci
1648 1106 1703 1134 ex

220 1149 379 1208 proelio
399 1151 550 1208 elapsi,
583 1150 757 1193 incertis
790 1149 1016 1194 itineribus
1039 1166 1118 1209 per
1149 1150 1277 1193 silvas
1307 1149 1362 1192 ad
1384 1149 1436 1191 T.
1461 1148 1704 1192 Labienum

224 1208 443 1267 Legatum
464 1209 508 1251 in
529 1208 710 1252 hiberna
738 1209 999 1267 perveniunt
1033 1218 1165 1266 atque
1198 1224 1296 1251 eum
1319 1207 1373 1251 de
1405 1208 1535 1250 rebus
1573 1207 1704 1265 gestis

220 1267 452 1311 certiorem
473 1267 655 1310 faciunt.

281 1325 354 1367 38.
389 1325 487 1367 Hac
507 1325 692 1368 victoria
711 1325 910 1367 sublatus
933 1323 1177 1376 Ambiorix,
1214 1322 1364 1366 statim
1384 1338 1483 1366 cum
1503 1322 1707 1380 equitatu

221 1382 268 1426 in
290 1383 558 1436 Advatucos,
597 1383 675 1440 qui
709 1391 835 1425 erant
871 1382 962 1440 ejus
994 1397 1129 1440 regno
1160 1380 1362 1434 finitumi,
1391 1381 1707 1440 proficiscitur;

220 1456 363 1497 neque
387 1448 557 1483 noctem
578 1456 719 1498 neque
742 1439 856 1483 diem
877 1441 1127 1484 intermittit
1148 1440 1481 1499 peditatumque
1502 1457 1545 1484 se
1562 1441 1710 1484 subse-

221 1499 300 1557 qui
316 1498 461 1557 jubet.
525 1499 592 1542 Re
629 1500 940 1549 demonstrata,
979 1499 1306 1557 Advatucisque
1343 1499 1580 1552 concitatis,
1614 1515 1710 1557 pos-

220 1557 333 1601 terio
355 1556 425 1599 die
448 1557 492 1600 in
513 1558 703 1600 Nervios
722 1558 921 1615 pervenit
942 1556 1247 1615 hortaturque,
1281 1562 1310 1583 ‘⁶
1332 1573 1384 1600 ne
1404 1557 1470 1600 sui
1493 1557 1536 1600 in
1556 1573 1710 1616 perpe-

224 1620 256 1641 “
279 1623 406 1657 tuum
442 1615 658 1658 liberandi
693 1624 826 1672 atque
864 1615 1097 1658 ulciscendi
1132 1616 1363 1668 Romanos,
1398 1631 1479 1674 pro
1513 1616 1577 1669 iis,
1601 1631 1710 1673 quas

225 1679 257 1699 “
277 1672 539 1730 acceperint,
563 1673 744 1731 injuriis,
779 1674 1044 1717 occasionem
1071 1673 1320 1722 dimittant;
1352 1674 1601 1717 interfectos
1622 1690 1712 1717 esse

227 1736 256 1756 ‘⁶
283 1731 470 1788 Legatos
506 1729 597 1772 duo
629 1746 919 1788 magnamque
950 1740 1120 1788 partem
1153 1732 1368 1775 exercitus
1389 1732 1608 1775 interisse''
1638 1732 1712 1775 de-

223 1796 466 1837 monstrat3
499 1792 528 1813 “
549 1788 656 1831 nihil
683 1804 771 1831 esse
792 1788 972 1847 negotii,
995 1790 1158 1838 subito,
1197 1805 1445 1847 oppressam
1482 1790 1712 1849 legionem,

226 1853 258 1873 ‘⁶
281 1862 379 1904 quae
416 1862 515 1890 cum
551 1847 761 1889 Cicerone
792 1847 966 1899 hiemet,
1001 1846 1206 1896 interfici;
1238 1862 1281 1889 se
1305 1848 1360 1891 ad
1381 1864 1477 1891 eam
1498 1864 1590 1892 rem
1612 1865 1712 1907 pro-

228 1911 261 1931 “
283 1906 436 1948 fitetur
483 1903 775 1963 adjutorem.”
857 1905 1001 1949 Facile
1042 1906 1123 1950 hac
1163 1905 1358 1950 oratione
1403 1907 1581 1950 Nerviis
1617 1924 1713 1966 per-

229 1963 396 2006 suadet.

288 2022 360 2065 39.
394 2020 569 2078 Itaque,
593 2021 818 2065 confestim
848 2021 1028 2065 dimissis
1050 2022 1213 2065 nunciis
1234 2023 1291 2066 ad
1315 2023 1572 2074 Ceutrones,
1598 2023 1715 2066 Gru-

233 2079 343 2130 dios,
367 2079 572 2134 Levacos,
601 2080 891 2133 Pleumoxios,
913 2081 1155 2134 Geidunos,
1189 2082 1267 2139 qui
1289 2097 1434 2126 omnes
1454 2082 1536 2125 sub
1566 2097 1718 2126 eorum

234 2137 419 2196 imperio
439 2146 555 2190 sunt,
593 2154 725 2195 quam
762 2140 967 2182 maximas
999 2156 1150 2183 manus
1185 2149 1381 2199 possunt,
1413 2148 1578 2198 cogunt
1598 2148 1644 2183 et
1663 2141 1718 2184 de

235 2195 473 2256 improviso
504 2197 560 2239 ad
598 2196 817 2240 Ciceronis
856 2198 1037 2242 hiberna
1068 2199 1289 2252 advolant,
1320 2198 1512 2243 nondum
1543 2198 1600 2242 ad
1618 2213 1719 2242 eum

294 2341 464 2372 Ululatum
491 2340 622 2374 tollunt.
660 2339 758 2373 More
786 2352 860 2373 suo,
895 2342 949 2374 Cf.
1065 2344 1113 2376 Re
1139 2343 1374 2382 demonstrata,
1412 2346 1590 2384 postquam
1625 2351 1722 2374 suam

246 2384 324 2417 Liv.
335 2388 367 2422 5,
384 2386 424 2416 37
439 2389 472 2415 et
485 2386 538 2415 39-
1014 2387 1196 2419 victoriam
1210 2390 1400 2426 narraverat
1411 2392 1455 2425 et,
1463 2385 1547 2428 quid
1559 2386 1593 2417 in
1603 2385 1720 2419 animo

296 2430 390 2460 Cotta
416 2430 620 2469 interfim'tur.
652 2428 744 2459 Suet.
768 2427 838 2460 Jul.
863 2440 893 2461 c.
916 2431 948 2461 4.
1019 2431 1168 2468 haberet,
1182 2436 1395 2472 exposuerat.
1444 2431 1492 2462 M.

251 2472 285 2504 in
302 2471 426 2503 finibus
442 2472 684 2503 Germanorum
699 2471 867 2504 accidisse
885 2474 954 2505 cla·
1066 2477 1155 2508 Duo.
1181 2474 1224 2506 V.
1240 2480 1311 2506 not.
1323 2475 1366 2506 ad
1382 2476 1414 2512 7,
1427 2475 1481 2505 33.

251 2517 328 2547 dem
356 2514 487 2547 scribit.
513 2515 594 2547 Scil.
624 2525 722 2557 supra
750 2518 782 2553 2,
811 2519 829 2548 3
856 2522 889 2547 et
920 2519 953 2547 4.
1068 2518 1333 2552 Ceutrones—Hi
1364 2527 1481 2550 omnes
1510 2522 1586 2550 sunt
1615 2516 1723 2559 ignoti

251 2560 379 2600 Belgae,
400 2558 433 2589 in
462 2559 589 2600 quibus
615 2559 807 2598 Eburones,
835 2560 955 2592 adcen-
1024 2563 1157 2604 populi.
1194 2563 1246 2594 M.
1291 2561 1383 2593 Oud.
1412 2572 1454 2593 ex
1493 2562 1593 2594 codd.
1631 2560 1726 2593 dedit

255 2608 366 2634 sentur
381 2603 571 2635 Germanis.
1026 2609 1201 2640 Ceutrones
1219 2612 1253 2637 et
1272 2607 1480 2638 Pleumoxios
1491 2617 1506 2644 ;
1538 2611 1589 2637 ast
1616 2605 1726 2637 D’An-

305 2648 362 2679 Illi
382 2645 457 2688 (qui
483 2646 518 2678 in
546 2652 654 2679 castra
684 2657 721 2679 se
749 2649 958 2689 receperant)
1022 2650 1105 2681 ville
1139 2661 1174 2691 p.
1193 2651 1269 2682 357.
1297 2654 1404 2682 servat
1433 2651 1623 2686 Ceutrones,
1647 2647 1724 2689 ipse

257 2692 558 2729 more—sustinent.
597 2691 633 2722 In
656 2691 730 2722 edd.
755 2691 957 2733 quibusdam
1023 2700 1134 2726 tamen
1151 2694 1285 2735 ignarus
1301 2693 1383 2732 loci,
1397 2703 1497 2734 quern
1514 2692 1723 2734 occuparint.

255 2734 316 2763 alii
332 2743 393 2774 pro
419 2734 470 2764 illi
497 2733 631 2775 legitur,
658 2735 747 2776 quod
775 2741 826 2767 est
856 2735 958 2768 idem.
1030 2738 1192 2770 Geizlunos
1214 2736 1300 2776 (sive
1333 2738 1518 2774 Gordunos,
1544 2741 1582 2767 ut
1606 2735 1726 2767 invitis

261 2775 313 2806 De
336 2777 452 2807 dolore
477 2776 619 2810 Caesaris
651 2789 694 2810 ex
723 2778 785 2810 hac
803 2780 897 2811 clade
924 2791 958 2811 v.
1025 2782 1125 2812 codd.
1142 2782 1243 2823 vulgo
1270 2781 1406 2822 legitur)
1432 2780 1465 2812 in
1480 2789 1540 2812 ora
1553 2777 1725 2811 maritima

261 2818 398 2868 Sueton..
424 2819 493 2852 Jul.
518 2832 548 2852 c.
579 2823 632 2853 67.
672 2823 721 2854 Μ.
752 2824 805 2855 Eo
832 2823 960 2865 signifi·
1027 2826 1131 2863 locat,
1155 2826 1248 2867 quod
1271 2834 1396 2856 nomen
1420 2823 1569 2856 indicare
1583 2822 1728 2854 videtur.

255 2867 335 2893 catu
363 2872 420 2894 Vix
444 2862 478 2911 ⁷?
500 2867 559 2897 alic·
581 2870 631 2898 est
653 2865 825 2901 Latinum.
869 2869 961 2902 Bene
1031 2870 1174 2902 Grudios
1195 2869 1325 2901 invenit
1349 2868 1439 2900 idem
1465 2868 1499 2900 in
1517 2867 1540 2900 't
1553 2866 1636 2899 land
1658 2876 1728 2898 van

259 2916 341 2949 ergo
355 2906 510 2940 Clarkius
524 2909 669 2943 restituit
681 2912 740 2943 illi.
1033 2913 1164 2953 Graede,
1199 2912 1262 2949 ubi
1305 2912 1477 2949 Cat-sand.
1524 2911 1731 2948 Levaoerum
