1946 3261
714 163 832 216 LIB.
896 171 1034 215 CAP.
1066 171 1106 221 1,
1127 172 1171 214 2.
1628 170 1710 213 541

224 298 345 341 bant.
410 297 478 342 Ex
499 299 659 358 quibus
680 299 715 342 si
735 316 822 357 qua
850 299 1015 358 oppida
1033 299 1076 342 vi
1106 306 1300 366 ceperat,
1324 313 1458 356 quum
1481 296 1640 355 aliquis
1661 313 1714 339 ex

222 373 274 400 ea
294 357 472 400 civitate
485 359 648 417 optime
666 359 718 401 de
738 360 819 402 Cn.
844 359 1052 426 Pompeio
1065 359 1244 401 melitus
1263 358 1369 401 civis
1384 364 1508 407 esset,
1529 364 1714 415 propter

223 417 415 475 pecuniae
432 418 775 484 magnitudinem
795 418 956 483 aliqua
961 418 1000 459 ei
1021 417 1131 459 infer
1135 417 1295 459 ebatur
1317 432 1478 465 caussa,
1501 425 1568 465 ut,
1591 432 1643 458 eo
1659 414 1714 457 de

224 474 368 519 medio
388 476 577 528 sublato,
608 493 661 518 ex
685 493 777 534 eJus
802 474 987 534 pecunia
1008 475 1227 518 latronum
1247 475 1422 532 largitio
1443 475 1580 518 fier-et
1644 473 1714 516 lta

222 535 369 591 paucis
399 535 632 578 commodis
662 534 785 577 hoste
818 534 1014 584 hortato,
1045 533 1228 600 majoies
1258 534 1535 590 augebantur
1561 532 1712 600 copiae.

227 592 301 634 Ob
325 593 406 636 hoc
439 593 600 635 crebris
634 593 798 635 nunciis
825 593 869 635 in
899 592 1072 636 Italiam
1092 591 1242 641 missis,
1271 592 1467 634 civitates
1487 591 1716 635 contrariae

226 650 435 710 Pompeio
455 652 617 694 auxilia
638 652 718 694 sibi
740 651 1097 709 depostulabant.

283 710 326 752 2.
361 710 414 752 0.
440 710 585 753 Caesar
608 710 813 753 Dictator
836 710 923 760 ΙΙΙ,
946 711 1194 769 designatus
1216 708 1301 759 IV,
1323 709 1470 752 multis
1491 709 1715 753 itineribus

225 776 325 810 ante
351 769 572 819 confectis,
603 785 740 826 quum
768 769 899 811 celeri
925 770 1199 812 festinatione
1228 767 1285 810 ad
1305 767 1469 810 bellum
1491 768 1717 812 conficien-

224 826 370 870 dum
360 844 405 870 111
438 827 692 887 Hispaniam
723 828 924 878 venisset,
957 828 1090 885 legati
1122 827 1442 877 Cordubenses,
1473 827 1549 884 qui
1580 843 1605 868 a
1631 828 1713 870 011.

227 885 438 952 Pompeio
459 887 757 936 discesserant,
779 887 939 930 Caesari
962 887 1135 930 obviam
1152 886 1356 929 veniunt:
1390 902 1416 928 a
1432 886 1592 944 quibus
1610 901 1717 928 nun-

222 943 439 996 ciabatur,
465 954 493 972 ‘⁴
514 956 728 990 nocturno
744 955 938 1004 tempore
957 945 1188 1012 oppidum
1192 945 1445 988 Cordubam
1461 945 1558 1011 capi
1579 961 1717 1011 posse,

225 1010 253 1029 “
278 1004 397 1062 quod
435 1020 514 1048 nec
549 1005 829 1064 opinantibus
861 1005 1119 1048 adversariis
1151 1004 1242 1061 ejus
1282 1004 1515 1072 provinciae
1554 1004 1718 1062 potitus

225 1068 256 1089 ‘⁶
278 1072 403 1113 esset,
425 1065 638 1122 simulque
661 1064 881 1108 tabellarii
903 1064 1021 1122 capti
1043 1072 1198 1113 essent,
1232 1064 1308 1120 qui
1339 1079 1365 1106 a
1397 1063 1479 1106 011.
1507 1063 1718 1121 Pompeio

227 1126 257 1148 “
280 1122 481 1191 dispositi
514 1123 713 1166 omnibus
746 1122 849 1164 locis
884 1132 1039 1172 essent,
1074 1139 1162 1180 quo
1199 1122 1431 1165 certiorem
1470 1122 1553 1165 Cn.
1593 1121 1720 1164 Pom-

225 1186 256 1207 “
281 1181 426 1240 peium
463 1181 518 1225 de
555 1181 736 1225 Caesaiis
770 1181 962 1224 adventu
998 1182 1234 1224 facerent?
1318 1181 1467 1223 Multa
1507 1189 1721 1239 praeterea

225 1241 472 1284 verisimilia
519 1241 838 1301 proponebant.
940 1241 1110 1291 Quibus
1159 1241 1288 1285 rebus
1341 1239 1477 1282 adduc
1468 1248 1566 1290 ·tus,
1612 1256 1721 1298 quos

1012 1371 1135 1402 Consul
1164 1371 1236 1401 JV.-
1269 1376 1302 1402 et
1334 1370 1398 1402 hoc
1424 1369 1601 1402 confirmat
1628 1370 1723 1402 locus

1012 1414 1186 1445 Plutarchi
1216 1413 1249 1445 in
1278 1414 1365 1445 Caes.
1398 1424 1473 1455 cap.
1495 1415 1547 1445 56.
1574 1414 1623 1445 M.
1669 1413 1723 1445 Cf.

1011 1457 1175 1507 Pighium
1203 1459 1246 1489 ad
1276 1467 1309 1489 a.
1344 1460 1418 1489 708.
1442 1463 1475 1489 et
1503 1468 1625 1489 numos
1645 1458 1721 1489 Cae-

1010 1512 1106 1533 saris.

227 1364 348 1401 contra
376 1380 396 1401 a
422 1371 536 1412 vulgg.
583 1370 647 1402 Sed
670 1371 715 1402 cf.
743 1381 773 1401 c.
800 1372 853 1401 27.
891 1371 943 1401 M.

233 1412 396 1445 Restituit
412 1426 430 1446 e
447 1416 548 1446 codd.
571 1415 705 1447 Clarke.
753 1415 816 1445 Sed
841 1425 944 1455 supc-

230 1456 300 1489 rius
322 1464 437 1491 contra
460 1464 549 1490 recte
571 1459 616 1491 ab
649 1457 839 1490 editoiibus
866 1457 941 1499 qui-

231 1500 374 1534 busdam
417 1514 490 1535 esse
526 1503 700 1545 rejectum.
737 1503 809 1533 11111
850 1502 939 1533 Oud.

232 1544 312 1577 Mea
334 1551 483 1589 quoque]
500 1558 584 1589 pace
610 1547 660 1579 ibi
690 1546 801 1578 omitti
827 1552 942 1587 posset

229 1596 346 1622 contra
370 1594 518 1629 (istum).
584 1592 765 1624 Clmlebaut
784 1590 940 1631 Scalig.e

230 1635 305 1665 cod.
320 1647 382 1667 suo
398 1641 431 1668 et
444 1635 572 1675 Ursini.

278 1679 391 1714 Quum
407 1681 532 1722 aliquis
545 1691 588 1711 ριι·
598 1691 637 1711 ea
651 1682 791 1711 civitate.
807 1677 942 1710 etiamsi

230 1722 309 1763 quis
323 1724 366 1754 de
379 1723 443 1756 Cn.
461 1726 584 1766 Pomp.
599 1723 726 1765 (patre)
738 1723 825 1754 bene
840 1722 945 1754 meri-

228 1771 282 1798 tus
301 1772 402 1799 esset.
426 1769 476 1799 M.
539 1768 659 1800 Potius
678 1768 720 1799 de
745 1768 783 1799 C.
809 1769 943 1799 Caesare

230 1809 411 1852 legendum
449 1819 544 1855 putat
576 1812 732 1844 Oudend.
764 1811 820 1842 cui
850 1817 943 1842 totus

229 1863 335 1888 nexus
350 1857 451 1888 favet.

275 1900 638 1942 lifferebaturcaussa.
674 1899 808 1932 Phaedr.
824 1899 892 1931 sab.
917 1902 944 1932 l.

217 1945 334 1984 Juryii
347 1956 505 1977 cazas-sam.
520 1948 644 1978 intulit.

279 1989 335 2020 Ita
361 1992 480 2031 paucis
518 1989 710 2022 commodis.

232 2032 329 2064 haud
341 2035 457 2074 paucis
472 2034 650 2065 commodis
665 2035 679 2063 .’
713 2033 762 2063 M.

280 2077 386 2109 Hoste
399 2079 540 2110 hortata.
570 2075 735 2117 Quisquis
751 2082 822 2107 erat
838 2076 946 2107 hostis

231 2119 388 2159 Caesaris,
410 2121 640 2153 adliciebatur
666 2119 720 2152 his
742 2120 946 2158 commodis,

227 2172 264 2203 111
302 2176 337 2196 38
376 2165 596 2207 Pompeianis
633 2169 837 2206 aggregaret.
889 2164 939 2195 ῘΙῙ.

227 2209 428 2241 Barbariem
473 2210 506 2241 in
549 2211 677 2241 hot-tato
716 2209 938 2249 adgnoscunt.

227 2253 353 2286 Contra
374 2253 474 2286 sentit
495 2253 626 2285 Gellius
657 2255 707 2291 15,
738 2254 790 2284 13.
836 2251 886 2283 Cf.
910 2257 943 2282 81

780 1989 845 2020 An.
886 1990 943 2020 Ila

232 2297 376 2330 Vossius
391 2299 433 2330 de
450 2298 593 2339 Analog.
612 2302 643 2336 3,
659 2299 691 2328 6.
716 2296 938 2328 Nulladel'en—

227 2341 324 2373 sione
339 2343 478 2384 dignum
490 2342 625 2385 judicat
640 2340 824 2380 Bentleius.

277 2387 324 2417 Ob
338 2387 398 2418 hoc
416 2387 545 2429 recepit
566 2386 656 2417 Oud.
672 2385 752 2427 quia
770 2384 802 2415 in
822 2385 942 2415 Petav.

231 2430 307 2461 cod.
343 2430 390 2462 sic
430 2438 492 2469 est,
525 2441 559 2462 111
589 2430 667 2462 31113
707 2434 834 2460 1311111111
873 2430 942 2460 hoe.

233 2473 347 2516 Vulgo
363 2455 515 2517 ideoque.
541 2476 591 2507 M.

277 2519 414 2550 Num-iis
435 2521 472 2550 in
497 2519 638 2552 Italiam
659 2520 777 2551 missis.
823 2517 944 2559 Legati

231 2562 386 2600 Caesaris,
401 2562 434 2593 in
447 2562 650 2604 Hispaniam
661 2561 826 2603 praemissi
841 2561 944 2601 (c.2),

231 2617 310 2638 eum
332 2606 528 2645 monebant,
555 2613 591 2638 ut
614 2607 797 2638 adventum
813 2605 945 2637 accele-

231 2656 330 2683 raret.
376 2651 442 2682 Dio
458 2650 554 2682 Cass.
568 2654 622 2690 43,
639 2653 693 2683 31.
718 2651 768 2681 M.

278 2697 481 2738 Desiqnatus
505 2695 570 2726 IV.
617 2694 745 2726 Omnes
767 2694 870 2725 codd.
889 2694 947 2726 tle-

229 2742 384 2781 siynatus
416 2741 572 2771 Dictator
598 2740 621 2770 J
628 2740 666 2777 V,
696 2743 820 2780 praeter
848 2739 948 2770 Peta-

235 2783 387 2822 vianum,
403 2783 436 2815 in
447 2794 515 2825 quo
531 2783 764 2814 tantummodo
781 2784 818 2814 C.
833 2784 947 2815 Caesar

236 2829 397 2860 Dictator
416 2828 474 2860 IV
487 2827 621 2869 legitur.
645 2827 736 2858 Oud.
750 2826 883 2858 videtur
897 2827 946 2858 le-

230 2873 398 2913 gendum:
441 2873 595 2905 Dictator
629 2871 708 2910 III,
748 2871 943 2914 clesiqnatecs

1056 1547 1172 1578 Multis
1189 1546 1360 1578 itiner-ihm
1369 1563 1414 1568 —-
1423 1548 1571 1578 venieset.
1602 1545 1723 1577 Lectio

1010 1589 1081 1621 haec
1098 1600 1165 1621 non
1182 1596 1233 1620 831
1249 1590 1330 1622 satis
1356 1597 1460 1629 certa,
1482 1596 1515 1621 et
1537 1590 1610 1631 ejus
1634 1595 1723 1622 tanta

1009 1634 1162 1670 varietas,
1174 1639 1264 1664 utne
1280 1633 1442 1666 constitui
1452 1633 1590 1675 quidem
1606 1633 1722 1675 possit.

1011 1678 1081 1710 Ros
1096 1683 1145 1709 ost
1163 1677 1249 1718 haec,
1274 1684 1310 1710 ut
1327 1677 1392 1708 Dio
1409 1678 1504 1709 Cass.
1530 1679 1584 1716 43,
1609 1680 1664 1708 32.
1690 1684 1723 1709 et

1010 1722 1186 1764 Appianus
1208 1721 1247 1753 C.
1272 1727 1304 1761 2,
1333 1724 1405 1754 108.
1430 1733 1464 1763 p.
1488 1723 1563 1754 492.
1578 1723 1726 1759 tradunt,

1010 1772 1078 1798 tam
1115 1766 1311 1798 inusitatem
1346 1766 1477 1798 itineris
1516 1766 1724 1798 celeritatem

1010 1810 1123 1849 fuisse,
1152 1816 1189 1841 ut
1219 1810 1345 1849 Cacsar,
1384 1810 1504 1841 relicta
1539 1809 1573 1842 in
1605 1809 1726 1842 itinere

1013 1862 1116 1904 parte
1143 1854 1324 1889 exer-,citus
1360 1854 1596 1895 longissimam
1634 1854 1724 1886 viam

1012 1899 1178 1931 1188311110
1196 1899 1343 1939 septimo
1359 1898 1416 1929 die
1432 1898 1551 1930 absolx
1555 1905 1638 1935 eret,
1652 1910 1725 1930 om-

1011 1943 1199 1984 nibusque
1193 1954 1308 1984 inprox
1316 1954 1381 1974 13113
1393 1943 1535 1974 adesset.
1552 1943 1604 1974 M.
1633 1941 1723 1974 Con-

1007 1987 1083 2029 jicit
1109 1988 1200 2018 Oud.
1225 1989 1338 2018 multis
1360 1989 1393 2018 in
1421 1988 1501 2018 urbe
1526 1987 1622 2018 rebus
1647 1993 1725 2018 ame

1011 2031 1172 2072 confectis.
1209 2031 1317 2062 Codd.
1332 2032 1480 2062 venisset.
1519 2029 1631 2072 Vulgo
1647 2041 1725 2063 con-

1011 2077 1160 2107 venisset.

1058 2121 1300 2159 Discesserant,
1314 2118 1514 2150 defecerant.
1539 2119 1591 2150 M.

1054 2164 1138 2203 Eius
1147 2166 1340 2205 prot-incise.
1387 2163 1442 2194 Sic
1459 2163 1560 2194 codd.
1608 2162 1721 2205 Vulgo

1007 2209 1202 2250 provincia.

1057 2253 1232 2294 Simulque
1246 2257 1358 2293 captos
1372 2252 1580 2290 tabellario-e,
1596 2253 1721 2293 qai—.

1010 2295 1065 2327 Sic
1083 2295 1174 2327 Oud.
1221 2296 1283 2327 Sed
1302 2296 1438 2334 vellem,
1461 2301 1626 2327 servasset
1650 2296 1718 2326 lec-

1009 2340 1138 2371 tionem
1151 2341 1250 2372 codd.
1273 2339 1376 2372 Norv.
1394 2345 1427 2371 81
1446 2341 1562 2371 Petav.
1577 2350 1652 2380 quae
1671 2345 1721 2370 est

1013 2383 1084 2415 haec
1103 2396 1110 2414 ε
1138 2386 1306 2426 simulque
1321 2385 1488 2416 tabellarii
1504 2385 1592 2425 capti
1607 2388 1722 2421 ment,

1013 2430 1074 2470 qui
1084 2445 1128 2452 -—
1139 2429 1258 2471 dispar.
1272 2433 1380 2465 erant,
1397 2433 1431 2460 ut
1447 2432 1526 2459 cert.
1571 2427 1635 2458 Sed
1650 2426 1726 2458 vul-

1011 2477 1103 2513 gata,
1124 2474 1306 2514 simulque,
1330 2472 1421 2514 qnod
1437 2473 1604 2504 tabellarii
1619 2481 1641 2502 α
1661 2472 1725 2503 Cn.

1015 2517 1057 2548 P.
1072 2530 1117 2538 —
1129 2534 1173 2539 -
1186 2518 1262 2549 locis
1277 2521 1394 2555 essent,
1419 2518 1489 2557 qui,
1512 2520 1546 2546 et
1560 2525 1677 2546 manca
1691 2520 1725 2545 et

1013 2570 1109 2592 sensu
1139 2560 1300 2592 destituta
1327 2566 1388 2591 est.
1428 2559 1478 2591 M.
1524 2558 1723 2590 Lectionem

1013 2604 1112 2636 istam
1141 2605 1240 2636 codd.
1267 2604 1407 2645 recepi;
1438 2613 1500 2634 nec
1524 2613 1565 2633 83
1590 2607 1723 2634 mutata

1011 2655 1081 2681 erat
1094 2659 1193 2690 opus.
1226 2649 1375 2689 Vulgata
1391 2647 1541 2688 ineptam
1555 2646 1722 2678 rationem

1012 2694 1079 2731 dat,
1106 2703 1167 2724 cur
1192 2691 1355 2724 Corduba
1382 2691 1458 2732 capi
1481 2696 1609 2732 posset,
1635 2691 1723 2733 quod

1011 2738 1181 2769 tabellarii
1195 2740 1300 2768 essent
1325 2736 1484 2777 dispositi,
1511 2737 1570 2776 qai
1590 2735 1630 2766 de
1650 2736 1721 2767 Cae-

1009 2784 1095 2814 saris
1110 2781 1257 2814 adventa
1272 2781 1471 2822 Pompeium
1478 2779 1634 2822 facerent
1650 2790 1720 2811 cer-

1013 2828 1140 2859 tiorem.
