1946 3261
725 282 1094 330 LATINITATI
1101 287 1148 329 S.

187 409 416 452 Necessitates,
438 413 477 445 C.
498 415 584 452 1,17

186 456 410 496 Necessitudo,
436 457 543 499 gratia
571 462 604 489 et
628 457 793 496 amicitia,
816 469 893 499 quae

225 499 370 532 alterum
385 501 488 533 nobis
504 502 698 543 obstringit,
714 506 746 541 8,
763 504 803 534 53

185 542 325 582 Necubi,
337 555 380 576 ne
393 545 540 584 alicubi,
557 548 588 584 7,
603 548 644 577 35

185 586 365 628 Neqliqere
379 591 536 629 inpurms,
551 600 618 620 non
635 599 702 630 pur·
708 589 766 628 ire,
783 592 811 627 1,
829 593 869 621 35

184 629 375 680 Neqoticrri,
389 633 430 663 de
444 633 629 674 Equitibus
648 634 748 664 Rom.
766 633 798 664 in
816 643 894 674 pro-

225 673 363 712 vinciis,
385 675 585 716 pecuniaria
601 686 636 707 re
657 682 826 716 quaestum
842 677 892 707 fa-

227 716 408 756 cientibus,
438 721 469 758 7,
492 721 524 749 3.
559 720 599 750 C.
620 721 650 757 3,
676 722 748 751 103.
794 720 892 750 Unde

225 763 414 802 neqotiator
415 772 460 801 es,
486 761 572 794 ibid.
596 768 630 794 et
654 763 710 794 Af.
735 765 788 794 36.
839 763 894 795 Cf.

224 804 361 836 Ernesti
378 805 467 847 disp.
483 807 524 837 de
538 806 807 848 negotiatoribus
820 807 892 838 Ro-

225 848 395 887 manis,in
409 850 484 891 ejus
499 860 619 891 opusc.
636 850 758 892 philol.
773 851 892 882 eterit.

183 891 466 933 Neqotium,no71
487 899 533 926 est
555 895 746 936 quidquam
761 897 896 937 neqotii,

225 945 293 968 non
319 942 368 968 est
392 937 545 976 difficile,
567 941 668 977 2,17.
691 949 818 981 maqno
835 949 893 971 ne-

225 984 328 1021 qotio,
341 981 447 1012 multa
464 992 544 1013 cum
561 982 772 1019 difficultate,
794 984 834 1015 A.
850 985 870 1013 8

184 1022 301 1064 Neque
314 1041 360 1047 —
374 1031 415 1063 et,
429 1028 461 1064 4,
477 1027 532 1057 29.
550 1028 651 1065 5,19.
682 1028 722 1057 A.
739 1028 792 1058 38.
838 1027 892 1058 Cf.

225 1067 264 1098 C.
281 1070 311 1106 3,
326 1071 381 1107 28,
398 1070 439 1100 60

143 1122 146 1125 ·
184 1110 440 1153 Nequidquam,
462 1114 594 1153 frustra,
619 1116 650 1152 8,
677 1116 717 1145 19

184 1153 303 1192 Nervi,
326 1162 512 1196 potestates
532 1158 615 1199 ejus,
637 1158 695 1198 qui
720 1158 753 1189 in
773 1167 895 1199 magna

224 1199 433 1232 auctoritate
453 1207 517 1240 est,
544 1205 570 1240 l,
587 1204 627 1232 20

185 1240 364 1281 Neumeu,
378 1254 441 1285 pro
456 1255 498 1276 ne
513 1246 581 1284 vel,
593 1246 659 1283 vel,
675 1247 706 1283 7,
725 1247 760 1276 14

183 1285 274 1324 Nisi,
287 1289 328 1325 si,
348 1289 375 1325 l,
387 1290 441 1319 31.
488 1290 716 1321 Siredundat.

183 1328 277 1360 Node
290 1340 431 1363 ormam
455 1339 531 1364 sunt
555 1344 597 1364 eo
620 1333 710 1371 Ιοοο,
731 1343 801 1374 quo
816 1332 897 1363 arti-

226 1373 297 1404 (uli
334 1376 411 1407 nexi
444 1382 531 1416 sunt,
562 1377 623 1418 qui
657 1376 765 1408 veluti
803 1378 893 1408 nodo

222 1416 333 1457 juncti
348 1419 519 1458 videntur,
535 1423 567 1459 6,
582 1423 637 1452 27.
682 1420 798 1452 Etiam
814 1431 894 1452 cau-

225 1459 313 1492 lium
335 1463 416 1494 nodi
440 1470 530 1503 sunt,
556 1476 627 1506 quo
647 1465 727 1496 loco
745 1465 893 1506 plurium

226 1505 382 1537 valorum
408 1508 530 1548 plexus
546 1515 579 1540 et
592 1508 755 1550 ganglion
777 1515 838 1547 est,
862 1514 897 1539 et

226 1549 303 1581 duae
320 1556 430 1591 partes
444 1553 534 1584 nodo
551 1552 710 1594 conjungi
727 1552 895 1584 videntur.

185 1593 317 1625 Nomen
334 1595 428 1634 dore,
441 1595 611 1635 (militiae.)
633 1596 720 1634 C.3,
740 1599 801 1627 110

184 1637 409 1678 Nominatim,
448 1640 646 1672 nominibus
683 1639 895 1681 singulorum

227 1681 362 1722 positis.
383 1685 410 1721 1,
424 1684 468 1714 29

187 1725 266 1757 Νοη
289 1727 385 1758 modo
410 1727 522 1766 (non),
546 1729 601 1759 secl
624 1738 666 1759 ne
689 1727 838 1769 quidem,
866 1732 898 1766 2,

231 1771 281 1801 17.
301 1772 331 1808 3,
345 1773 378 1801 4.
400 1773 432 1809 8,
449 1774 490 1801 33

183 1813 292 1845 Notus
308 1816 466 1854 remam-,3
487 1814 618 1854 peritus
632 1815 794 1864 regionis,
806 1816 849 1846 H.
866 1818 895 1846 3.

227 1856 318 1898 Ergo
331 1861 430 1888 notus
445 1857 479 1888 h.
494 1858 516 1889 1.
533 1863 594 1894 est,
607 1869 668 1898 qui
685 1859 793 1889 novit.

185 1900 300 1932 Novus
315 1900 492 1939 adventus,
506 1900 717 1942 inopinatus,
738 1901 777 1933 C.
794 1904 826 1940 3,
842 1904 897 1933 63.

225 1947 446 1976 novissimum
476 1944 668 1983 (ultimum)
699 1956 834 1986 aymen,
867 1949 896 1984 1,

229 1989 281 2019 15.
303 1989 394 2019 unde
410 1990 590 2027 novissimi,
610 1990 637 2025 1,
651 1992 694 2019 25

185 2031 328 2063 Nudam
354 2032 584 2072 defemoribus
605 2038 731 2070 castro,
752 2035 785 2071 2,
807 2034 839 2064 6.
865 2035 895 2071 3,

227 2078 259 2106 4.
293 2074 384 2106 Hinc
403 2086 462 2117 per
471 2074 610 2117 ellipsin
624 2077 758 2108 nudata
770 2081 894 2115 castra,

228 2122 260 2158 2,
275 2121 318 2150 23

184 2162 327 2195 Nudum
335 2172 466 2204 corpus,
474 2168 570 2195 scuto
582 2168 793 2204 nontectum,
810 2166 839 2201 1,
850 2166 893 2195 25

184 2207 378 2239 Numer-m:
415 2208 582 2238 obsidium
617 2218 772 2242 numero,
801 2207 837 2239 h.
862 2218 893 2238 e.

226 2250 316 2289 loco,
338 2255 368 2290 5,
383 2252 439 2281 27.
473 2252 619 2283 hostium
639 2262 792 2291 numero,
812 2254 844 2291 6,
864 2253 895 2283 6.

225 2295 415 2336 Zeyatmum
428 2305 582 2333 numero,
596 2296 635 2327 C.
650 2299 683 2334 2,
697 2299 740 2327 44

188 2339 330 2370 Nummi
345 2344 420 2370 sunt
435 2339 553 2378 iidem,
575 2339 633 2380 qui
649 2339 808 2379 sestertii,
830 2342 861 2379 8,
874 2343 893 2371 4

186 2382 307 2423 Nuper
321 2383 363 2413 de
380 2382 558 2415 intervallo
573 2383 702 2425 aliquot
715 2393 879 2416 annorum
884 2407 894 2422 ,

231 2427 260 2464 1,
278 2428 319 2458 40

185 2469 362 2502 Nutricius
371 2473 486 2512 pueri,
507 2470 563 2502 cui
589 2481 668 2503 cura
692 2471 789 2513 pueri
813 2473 897 2503 edu-

228 2513 326 2588 ffindi
340 2515 541 2546 demandata
555 2521 616 2554 est,
626 2516 666 2548 C.
679 2519 711 2555 3,
727 2518 801 2548 108.
819 2518 894 2548 112.

188 2688 375 2729 Oboeratus,
391 2689 542 2729 debitor,
569 2692 580 2721 1
589 2713 599 2728 ,
613 2692 633 2721 4

188 2733 360 2766 Obducere
366 2733 492 2775 fossam
508 2735 550 2766 ab
567 2735 683 2772 latere,
697 2737 729 2773 2,
743 2738 763 2765 8

189 2776 379 2818 Objectatio,
392 2778 624 2819 exprobratio,
648 2778 688 2809 C.
704 2781 735 2817 3,
753 2780 792 2810 60

189 2819 335 2861 Objz’cere
361 2822 531 2863 (jungere)
549 2825 710 2863 jumenta
735 2824 835 2860 turri,
858 2828 896 2854 ut

227 2865 352 2905 currui,
373 2866 472 2907 plane
489 2872 526 2896 ut
549 2866 581 2897 in
599 2871 714 2897 nostro
730 2875 897 2903 sermone,

231 2907 357 2982 leerde
381 2911 550 2952 vorteqen,
581 2911 622 2943 A.
646 2912 680 2950 2,
705 2919 895 2952 opponere,

249 2973 260 2989 ,
273 2954 319 2983 26

1587 284 1672 328 659

961 415 1154 447 obscuratio
1168 415 1314 453 nebuloe,
1337 413 1382 446 H.
1400 415 1421 444 6

961 459 1174 499 Obsequium,
1199 462 1238 490 A.
1258 461 1311 489 63.
1335 463 1369 489 et
1391 458 1616 500 obsequentia,
1637 457 1670 495 7,

1003 504 1057 532 29.
1082 509 1131 533 est
1154 503 1237 544 ejus,
1257 502 1317 543 qui
1340 502 1479 534 alterius
1500 500 1669 532 voluntati

1004 545 1228 586 consiliisque
1246 546 1345 577 facile
1369 557 1404 577 se
1419 545 1669 578 accommodat.

960 589 1146 621 Observare
1155 589 1168 627 (
1173 590 1335 628 revereri)
1344 591 1485 627 alterius,
1488 589 1670 629 judicium,

1003 641 1070 663 non
1086 634 1242 664 recedere
1256 633 1302 664 ab
1319 643 1373 671 eo,
1393 634 1486 674 quod
1497 631 1671 674 judicavit

1003 676 1099 715 alter,
1126 679 1155 715 l,
1172 680 1213 707 45

961 720 1127 751 Obstmate
1140 731 1279 761 neqare,
1296 723 1327 757 5,
1342 721 1361 750 6

961 764 1137 795 Obstruere
1148 769 1266 806 portas
1281 763 1465 804 cespitibus,
1490 766 1521 801 5,
1538 765 1576 794 51

960 807 1125 846 Obtectus,
1139 812 1260 845 tectus,
1284 806 1373 838 bene
1389 813 1572 849 protectus,
1585 807 1625 838 C.
1639 808 1671 845 3,

960 894 1125 931 ominem,
1141 893 1301 932 incolere,
1315 900 1442 933 tenere,
1459 896 1489 933 1,
1510 896 1538 925 1.
1556 894 1591 925 in
1609 904 1672 935 po-

1003 943 1120 968 testate
1135 938 1337 979 (perpetuo)
1350 945 1476 977 tenere,
1494 940 1523 976 1,
1542 940 1593 969 17.
1617 938 1674 970 ob-

1003 984 1107 1013 tinere
1132 982 1300 1024 Regnum,
1326 984 1354 1021 1,
1374 985 1403 1014 3.
1427 983 1517 1024 quod
1540 980 1672 1012 ibidem

1004 1031 1066 1064 est,
1089 1024 1226 1057 habere.
1253 1026 1299 1058 cf.
1329 1028 1357 1065 1,
1386 1028 1437 1057 18.
1462 1035 1672 1067 perseverare

1005 1069 1038 1099 in
1054 1071 1213 1109 tenendo,
1237 1070 1276 1101 C.
1295 1072 1327 1108 3,
1345 1071 1385 1100 17

961 1114 1128 1152 Occulta-s,
1143 1116 1179 1144 in
1195 1115 1330 1152 occulto,
1348 1116 1376 1153 l,
1394 1115 1448 1145 31.
1463 1123 1497 1144 v.
1511 1118 1584 1144 not.

961 1158 1132 1197 Occupare
1162 1158 1327 1199 Regnum,
1357 1157 1503 1198 Regiam
1526 1159 1676 1197 potesta-

1003 1205 1073 1231 tem
1090 1200 1158 1231 sibi
1174 1201 1358 1240 vindicare,
1384 1203 1412 1240 1,
1433 1203 1463 1231 3.
1488 1205 1674 1241 occupatur

1004 1244 1289 1285 (repletur)porta
1299 1244 1530 1282 multitudine,
1543 1242 1582 1274 C.
1592 1245 1624 1281 2,
1633 1244 1676 1274 35

961 1288 1155 1329 occupatio,
1176 1288 1216 1318 C.
1235 1291 1265 1326 3,
1280 1290 1323 1318 23

961 1332 1152 1371 Occupatus
1174 1337 1206 1363 et
1226 1332 1383 1363 sublatus
1404 1336 1461 1370 est,
1483 1330 1522 1361 C.
1543 1333 1576 1368 5,
1601 1330 1675 1361 109.

1005 1374 1073 1405 vid.
1090 1380 1163 1405 not.
1211 1375 1274 1406 Est
1294 1381 1407 1406 autem
1426 1385 1591 1415 occupare
1610 1373 1678 1405 ali-

1004 1429 1106 1460 quem
1124 1418 1226 1457 idem,
1247 1420 1340 1460 quod
1358 1418 1555 1460 praevenire,
1579 1417 1675 1448 ideo-

1004 1473 1069 1504 que
1094 1461 1195 1493 citius
1216 1463 1362 1503 agendo,
1389 1472 1494 1503 quam
1510 1461 1596 1493 alter
1614 1470 1676 1502 po-

1005 1512 1080 1541 test,
1092 1505 1262 1547 impediri.
1272 1517 1340 1547 quo
1355 1506 1466 1537 minus
1476 1505 1563 1537 alter
1574 1504 1678 1536 saciat

1005 1556 1063 1581 aut
1079 1551 1229 1591 patiatur
1249 1550 1391 1591 aliquid.
1439 1549 1518 1580 Nisi
1537 1559 1678 1590 occupa-

1005 1599 1079 1626 tum
1106 1594 1139 1625 h.
1157 1594 1180 1624 l.
1208 1593 1356 1625 velimus
1385 1598 1595 1634 correptum,
1623 1601 1679 1622 ar-

1005 1643 1138 1679 reptum
1162 1648 1183 1669 a
1207 1637 1277 1669 suis
1295 1637 1499 1679 intelligere,
1522 1647 1592 1678 quo
1623 1634 1675 1667 sui

1008 1681 1106 1723 potiti
1124 1687 1210 1713 sunt.

964 1726 1159 1762 Occurrere.
1182 1725 1338 1757 celeriter
1357 1726 1487 1763 adesse,
1501 1723 1676 1762 advolare,

1010 1772 1040 1809 3,
1055 1772 1087 1801 4.
1107 1772 1139 1808 7,
1156 1772 1209 1801 24.
1233 1771 1414 1811 suppetias,
1430 1768 1484 1800 Af.
1501 1770 1555 1799 66.
1570 1768 1680 1805 rebus,

1006 1823 1085 1845 casu
1103 1814 1134 1845 in
1148 1824 1206 1845 eas
1221 1813 1381 1851 incidere,
1397 1812 1516 1854 iisque,
1529 1811 1678 1853 negotiis

1007 1857 1195 1898 improviso
1228 1856 1401 1898 impediri,
1430 1859 1461 1895 3,
1493 1857 1523 1887 6.
1585 1855 1676 1886 Hinc

1005 1911 1178 1933 occurrere
1201 1902 1294 1939 bello,
1319 1911 1360 1931 eo
1387 1899 1571 1940 implicari,
1598 1902 1631 1936 4,
1644 1899 1680 1937 76,

1007 1948 1151 1977 occurrit
1170 1947 1212 1976 iis
1237 1945 1284 1975 ad
1301 1947 1471 1981 animum,
1499 1943 1594 1974 subit
1618 1952 1679 1973 eos

1003 1988 1183 2029 cogitatio,
1201 1988 1235 2019 in
1247 1987 1400 2019 animum
1417 1986 1459 2018 iis
1473 1985 1575 2025 venit,
1591 1987 1622 2024 7,
1634 1988 1676 2017 85

960 2033 1125 2063 Oceanus.
1148 2031 1194 2062 cf.
1217 2042 1328 2063 mare.

960 2075 1147 2113 Offendere,
1171 2085 1240 2106 non
1268 2084 1433 2116 prospere
1455 2084 1525 2105 rem
1549 2083 1677 2116 gerere,

1003 2118 1044 2149 C.
1063 2121 1095 2157 3,
1114 2121 1167 2150 72.
1191 2118 1381 2158 offenditur,
1407 2117 1526 2149 incidit
1540 2117 1674 2159 aliquid

1004 2163 1149 2200 adversi,
1174 2165 1206 2201 6,
1223 2164 1277 2193 36.
1303 2161 1466 2202 offendere
1485 2163 1526 2193 in
1547 2162 1675 2203 aliquo,

960 2250 1114 2290 Offensio,
1144 2250 1312 2282 infaustus
1343 2260 1532 2288 successus,
1558 2254 1674 2280 contra

1001 2305 1106 2336 quam
1152 2304 1418 2344 speraveramus,
1465 2293 1505 2324 C.
1547 2295 1577 2331 3,
1621 2294 1676 2330 47,

1004 2339 1135 2377 odium,
1160 2338 1194 2369 in
1217 2349 1287 2379 quo
1310 2338 1392 2390 quis
1411 2342 1473 2376 est,
1495 2337 1535 2368 C.
1561 2338 1592 2375 3,
1616 2338 1672 2367 60.

1004 2384 1047 2414 Α.
1063 2385 1117 2414 48.
1133 2381 1267 2422 offensio
1282 2384 1403 2420 cmimi,
1422 2383 1451 2419 1,
1469 2382 1507 2412 19

963 2426 1183 2468 Offerre,fors
1198 2425 1303 2465 offert,
1324 2429 1356 2463 2,
1372 2427 1410 2456 21

961 2470 1100 2511 Officere
1119 2471 1315 2507 eccm-sioni,
1329 2479 1405 2501 eam
1422 2467 1601 2511 impedire,
1616 2468 1674 2501 Af.

961 2558 1115 2607 Officium
1167 2560 1389 2596 maritimum,

1005 2601 1136 2640 classis,
1151 2602 1191 2632 C.
1203 2603 1235 2640 3,
1252 2605 1284 2633 5.
1321 2602 1403 2632 Esse
1416 2603 1454 2632 in
1467 2600 1582 2640 officio,
1596 2604 1628 2638 5,
1641 2601 1672 2631 3.

967 2663 970 2666 <
1004 2647 1097 2688 quod
1113 2645 1257 2683 ibidem,
1282 2655 1315 2676 c.
1332 2647 1365 2675 4.
1392 2649 1454 2683 est,
1475 2653 1675 2685 permanere

1003 2693 1040 2722 in
1056 2688 1172 2730 officio.
1218 2689 1283 2719 Sed
1296 2686 1379 2728 offic.
1391 2692 1568 2739 prfestave,
1584 2689 1616 2725 8,
1632 2688 1674 2718 50

1004 2740 1067 2772 est,
1101 2730 1313 2774 Gefc'itliqkeit
1341 2733 1506 2762 erweisen.
1551 2729 1606 2762 Sic
1633 2731 1676 2762 A.

1005 2780 1061 2808 70.
1086 2775 1238 2807 officium
1266 2780 1317 2807 est
1337 2773 1559 2816 gratificatio,
1581 2774 1675 2805 unde

1004 2821 1134 2853 ibidem
1151 2819 1324 2860 officiosus,
1344 2819 1404 2860 qui
1421 2817 1522 2850 alteri
1538 2823 1674 2860 gratum

1003 2864 1087 2897 facit

960 2910 1117 2941 Omittere
1131 2908 1270 2940 atterius
1283 2907 1466 2946 consilium,
1486 2905 1672 2950 negligere,

1005 2963 1046 2984 eo
1061 2962 1128 2985 non
1142 2950 1206 2990 uti,
1221 2954 1253 2990 2,
1269 2952 1308 2983 17

1376 3000 1395 3027 2
1418 2995 1450 3028 U
1475 2998 1494 3026 2

1436 2567 1520 2589 cura
1569 2555 1674 2588 totius
