1946 3261
286 216 370 260 588
721 215 773 257 C.
807 211 974 256 JULII
1009 211 1290 255 CAESARIS

656 337 849 380 DICTA
884 337 1364 381 COLLECTANEA.

281 434 542 476 FERUNTUR
579 437 624 472 et
655 446 681 473 a
709 445 847 488 puero
880 438 924 472 et
952 429 1008 472 ab
1030 415 1351 472 adolescentulo
1375 428 1570 487 quaedam
1591 428 1752 487 scripta

277 498 359 534 etc.
423 489 527 532 item
551 487 686 531 Dicta
707 489 986 537 collectanea,
1015 505 1122 546 quos
1143 503 1287 531 omnes
1308 488 1477 531 libellos
1498 488 1637 531 vetuit
1660 489 1751 530 Au-

268 556 429 608 gustus
449 546 858 606 publicari.—Suet.
884 561 918 589 c.
939 546 1010 588 56.

772 670 1242 715 EPHEMERIDES.

275 768 329 811 C.
360 767 532 811 Jumns
572 766 741 809 CAESAR
786 780 922 823 quum
953 763 1177 807 dimicaret
1211 763 1252 805 in
1286 762 1432 806 Gallia
1462 771 1507 805 et
1540 762 1597 806 ab
1629 761 1751 807 hoste

272 834 426 885 raptus
462 841 573 884 equo
605 825 694 882 ejus
730 832 984 882 portaretur
1021 830 1226 872 armatus,
1261 822 1452 864 occurrit
1487 821 1667 878 quidam
1698 837 1751 864 ex

271 884 481 935 hostibus,
502 883 577 941 qui
603 899 701 925 eum
722 891 883 925 nosset:
918 890 963 924 et
989 881 1196 924 insultans
1226 880 1287 921 ait
1309 887 1337 905 “
1357 882 1382 907 *
1402 880 1538 922 Cecos
1559 880 1749 929 Caesar,’'

271 943 392 1002 quod
416 943 647 985 Gallorum
666 942 830 999 lingua,
853 940 1044 990 demitte,
1066 938 1297 997 significat:
1333 947 1378 980 et
1398 938 1461 980 ita
1482 938 1647 980 factum
1668 946 1750 987 est,

273 1010 324 1045 ut
352 1001 660 1044 dimitteretur.
726 999 823 1041 Hoc
847 1008 992 1041 autem
1014 998 1102 1056 ipse
1127 997 1269 1039 Caesar
1305 997 1347 1038 in
1369 995 1658 1052 Ephemerz‘de
1676 1012 1752 1039 sna

271 1060 394 1111 dicit,
428 1059 503 1103 ubi
536 1058 757 1116 propriam
779 1065 1083 1100 commemorat
1106 1054 1554 1098 felicitaten1..-Sen·.
1577 1054 1625 1097 in
1648 1053 1749 1097 AEn.

284 1119 408 1176 Vz‘rg.
438 1119 504 1168 11,
537 1117 635 1159 743.

448 1210 498 1241 Ex
513 1221 582 1252 quo
599 1210 689 1242 fonte
706 1209 789 1241 hanc
805 1208 1087 1241 narratiunculam
1104 1208 1254 1240 hauserit
1269 1210 1415 1244 Servius.
1429 1219 1494 1240 non
1510 1212 1653 1239 constat.
1698 1207 1750 1239 De

403 1265 501 1287 sensu
529 1253 625 1293 dicti,
650 1255 741 1295 quod
766 1253 864 1285 Gallo
888 1252 1061 1291 tribuitur,
1083 1258 1248 1284 certarunt
1273 1253 1361 1284 haud
1386 1253 1432 1284 ita
1457 1252 1588 1294 pridem
1603 1252 1671 1283 duo
1688 1251 1750 1283 viri

402 1297 539 1335 eruditi,
569 1297 655 1329 mihi
685 1297 786 1328 ambo
817 1296 1029 1334 amicissimi,
1059 1297 1163 1327 ambo
1193 1307 1212 1326 e
1240 1297 1370 1327 minor(¹
1400 1295 1573 1327 Britannia
1602 1294 1751 1333 oriundi,

401 1341 540 1373 Celticae
566 1342 690 1383 linguae
712 1340 825 1382 periti.
870 1340 1007 1371 Scilicet
1029 1340 1109 1370 clar.
1133 1340 1164 1370 le
1188 1340 1338 1381 Brigant,
1359 1340 1455 1380 cujus
1480 1338 1633 1371 Elemens
1653 1339 1694 1371 :le
1715 1340 1753 1371 la

401 1387 528 1426 lanque
549 1386 606 1416 des
630 1387 735 1417 (fielnes
763 1383 940 1416 Gonussn‘ces
964 1394 1007 1414 ou
1035 1384 1171 1415 lxv-etone
1195 1384 1266 1423 ipse
1288 1395 1319 1414 a.
1340 1385 1421 1414 1779
1446 1383 1522 1415 heic
1542 1382 1751 1425 Argentomti

402 1429 491 1471 typis
507 1429 632 1460 edenda
648 1428 778 1467 curavi,
804 1427 836 1458 in
867 1429 1084 1459 Dissertation
1104 1437 1163 1457 sm·
1184 1429 1229 1457 les
1252 1429 1353 1460 Colles
1373 1429 1547 1468 Briqtmles
1568 1426 1618 1465 (8.
1639 1426 1753 1465 1⁷62.)

400 1473 581 1516 legendum
606 1471 827 1514 praecipiebat
849 1473 929 1502 coms
950 1472 1051 1502 Cesar
1075 1481 1134 1512 pro
1150 1472 1242 1501 rhen)
1259 1473 1362 1503 Cesar
1383 1471 1434 1502 vel
1457 1472 1527 1503 clato)
1545 1471 1659 1509 Cesar,
1682 1468 1752 1502 i.e.

402 1528 445 1549 en
462 1516 642 1548 Caesarem!
689 1517 812 1547 Contra
826 1514 878 1545 vir
893 1515 1062 1556 quondam
1078 1522 1240 1547 strenuus.
1259 1525 1360 1556 quem
1377 1515 1420 1546 ad
1434 1514 1475 1546 G.
1498 1517 1526 1552 1,
1543 1515 1574 1545 6.
1589 1513 1753 1553 excitavi,

401 1562 444 1592 de
471 1561 503 1591 la
530 1560 623 1591 Tour
653 1558 1011 1600 d'Auvergne-Corret,
1034 1557 1194 1589 militaris
1220 1559 1412 1596 Praefectus,
1438 1557 1503 1599 logi
1527 1557 1670 1599 jubebat
1694 1559 1750 1589 31εό

405 1607 518 1642 Cesar,
536 1604 560 1635 i.
572 1614 603 1634 e.
619 1603 738 1634 occide
751 1603 927 1634 Caesarem.
973 1601 1126 1633 Tandem
1142 1613 1221 1633 vero
1240 1602 1269 1633 le
1286 1603 1422 1644 Brigant
1436 1603 1478 1632 ad
1495 1611 1629 1632 sensum
1642 1600 1751 1639 vocis,

401 1658 502 1689 quem
519 1646 590 1689 ipse
607 1646 739 1678 Servius
756 1645 962 1686 subpeditat,
984 1646 1192 1676 redeundum
1208 1645 1350 1686 censuit,
1371 1646 1469 1687 inque
1485 1644 1605 1676 litteris
1620 1644 1662 1675 ad
1679 1644 1751 1676 lau-

402 1692 516 1722 datum
533 1691 683 1722 sodalem
700 1700 798 1721 suum
819 1689 906 1720 datis
921 1694 954 1719 et
971 1699 1103 1719 mecum
1121 1689 1381 1722 communicatis
1398 1688 1581 1721 hariolatus
1596 1693 1658 1727 est,
1681 1697 1750 1719 non

400 1735 488 1766 bene
511 1734 653 1765 verbum
675 1732 865 1775 percepisse
887 1733 1073 1771 Caesarem,
1104 1732 1228 1764 dixisse
1252 1743 1374 1775 nempe
1398 1734 1531 1765 hostem
1551 1733 1618 1765 losk
1636 1733 1747 1769 Cesar,

401 1778 545 1817 dimitte,
568 1780 664 1810 baisse
681 1776 795 1810 ce'sar.

669 1883 840 1928 LIBRI
875 1879 1341 1928 AUSPICIORUM.

276 1981 371 2023 SED
419 1985 570 2022 contra
601 1978 748 2020 Julius
782 1977 927 2019 Caesar
959 1977 1082 2019 XVI.
1119 1976 1426 2033 Auspiciorum
1465 1975 1580 2019 libro
1620 1983 1750 2034 negat.

270 2037 472 2081 nundinis
499 2037 746 2080 concionem
773 2035 973 2078 advocari
1008 2051 1144 2094 posse,
1175 2035 1219 2077 id
1241 2045 1322 2084 est,
1354 2051 1452 2077 cum
1474 2033 1639 2093 populo
1658 2035 1746 2094 agi,

269 2097 454 2153 ideoque
486 2095 685 2139 nundinis
714 2094 1009 2138 Romanorum
1044 2093 1193 2137 haberi
1228 2094 1400 2137 comitia
1431 2109 1517 2138 non
1551 2108 1749 2151 posse.—

269 2154 467 2198 Mae-rob.
493 2154 584 2197 Sat.
610 2155 647 2205 1,
675 2153 739 2196 16.

805 2277 1202 2324 AUGURALIA.

268 2382 443 2483 ιΟὲΕεέικ
483 2378 527 2478 iln
550 2377 886 2478 Jiggumhbus:
931 2387 959 2406 “
981 2379 1027 2422 Si
1047 2380 1211 2422 sincera
1241 2394 1373 2437 pecus
1399 2379 1739 2425 erat-”—Pn‘sc-

287 2453 301 2482 z
337 2472 346 2481 .
401 2472 410 2482 .
445 2452 524 2481 co.
639 2469 649 2479 .

724 2561 809 2605 DE
841 2561 1285 2606 DIVINATIONE.

271 2659 437 2701 Genus
491 2653 746 2713 eloquentiae
793 2652 1008 2696 duntaxat
1046 2654 1288 2698 adolescens
1334 2654 1476 2698 adhuc
1513 2655 1741 2699 Strabonis

270 2717 412 2759 Caesar
442 2723 614 2758 secutus
635 2712 828 2756 videtur:
861 2712 980 2769 cujus
999 2713 1127 2756 etiam
1156 2730 1208 2756 ex
1231 2714 1454 2766 Oratione,
1477 2729 1575 2772 quae
1594 2714 1739 2757 inscri-

311 2843 334 2863 *
359 2844 462 2881 Alias,
487 2843 578 2874 Cetos
595 2843 722 2875 Caesar.
766 2845 899 2878 Servius
917 2845 957 2878 P.
976 2847 1140 2885 Danielis,
1163 2847 1278 2880 coesar
1294 2848 1419 2881 Coesar.
1444 2847 1534 2891 quod
1551 2847 1633 2890 quid
1648 2848 1736 2885 velie,

267 2885 356 2920 docti
367 2888 706 2919 examinent-Sem.
