<?xml version="1.0" encoding="UTF-8"?>
<!DOCTYPE html PUBLIC "-//W3C//DTD XHTML 1.0 Transitional//EN"
    "http://www.w3.org/TR/xhtml1/DTD/xhtml1-transitional.dtd">
<html xmlns="http://www.w3.org/1999/xhtml" xml:lang="en" lang="en">
 <head>
  <title>
</title>
<meta http-equiv="Content-Type" content="text/html;charset=utf-8" />
  <meta name='ocr-system' content='tesseract 3.04.00' />
  <meta name='ocr-capabilities' content='ocr_page ocr_carea ocr_par ocr_line ocrx_word'/>
</head>
<body>
  <div class='ocr_page' id='page_1' title='image "./commentariidebel00caesuoft_0455.png"; bbox 0 0 1946 3261; ppageno 0'>
   <div class='ocr_carea' id='block_1_1' title="bbox 580 172 1678 240">
    <p class='ocr_par' dir='ltr' id='par_1_1' title="bbox 580 172 1678 240">
     <span class='ocr_line' id='line_1_1' title="bbox 580 172 1678 240; baseline -0.004 -1"><span class='ocrx_word' id='word_1_1' title='bbox 580 195 698 240; x_wconf 84' lang='lat' dir='ltr'>LIB.</span> <span class='ocrx_word' id='word_1_2' title='bbox 730 195 816 240; x_wconf 86' lang='grc'>111.</span> <span class='ocrx_word' id='word_1_3' title='bbox 880 195 1019 239; x_wconf 85' lang='grc' dir='ltr'>6ΑΡ.</span> <span class='ocrx_word' id='word_1_4' title='bbox 1058 172 1298 239; x_wconf 47' lang='grc'>11164109.</span> <span class='ocrx_word' id='word_1_5' title='bbox 1590 193 1678 236; x_wconf 81' lang='lat'>415</span> 
     </span>
    </p>
   </div>
   <div class='ocr_carea' id='block_1_2' title="bbox 194 321 1688 1090">
    <p class='ocr_par' dir='ltr' id='par_1_2' title="bbox 194 321 1682 618">
     <span class='ocr_line' id='line_1_2' title="bbox 196 321 1680 393; baseline -0.001 -28"><span class='ocrx_word' id='word_1_6' title='bbox 196 323 361 377; x_wconf 87' lang='lat' dir='ltr'>venire,</span> <span class='ocrx_word' id='word_1_7' title='bbox 399 321 523 383; x_wconf 87' lang='lat' dir='ltr'>quod</span> <span class='ocrx_word' id='word_1_8' title='bbox 557 323 783 393; x_wconf 74' lang='lat' dir='ltr'>superiore</span> <span class='ocrx_word' id='word_1_9' title='bbox 823 322 1064 367; x_wconf 81' lang='lat' dir='ltr'>Consulatu</span> <span class='ocrx_word' id='word_1_10' title='bbox 1095 339 1191 366; x_wconf 89' lang='lat' dir='ltr'>cum</span> <span class='ocrx_word' id='word_1_11' title='bbox 1221 330 1349 382; x_wconf 87' lang='lat' dir='ltr'>patre</span> <span class='ocrx_word' id='word_1_12' title='bbox 1383 321 1617 366; x_wconf 80' lang='lat' dir='ltr'>Ptolemaeo</span> <span class='ocrx_word' id='word_1_13' title='bbox 1635 330 1680 365; x_wconf 87' lang='lat' dir='ltr'>et</span> 
     </span>
     <span class='ocr_line' id='line_1_3' title="bbox 194 380 1679 440; baseline 0.001 -17"><span class='ocrx_word' id='word_1_14' title='bbox 194 380 293 440; x_wconf 86' lang='lat' dir='ltr'>lege</span> <span class='ocrx_word' id='word_1_15' title='bbox 333 390 379 425; x_wconf 85' lang='lat' dir='ltr'>et</span> <span class='ocrx_word' id='word_1_16' title='bbox 422 384 468 426; x_wconf 87' lang='lat' dir='ltr'>S.</span> <span class='ocrx_word' id='word_1_17' title='bbox 497 383 549 426; x_wconf 90' lang='lat' dir='ltr'>C.</span> <span class='ocrx_word' id='word_1_18' title='bbox 589 384 770 427; x_wconf 88' lang='lat' dir='ltr'>societas</span> <span class='ocrx_word' id='word_1_19' title='bbox 817 392 912 426; x_wconf 84' lang='lat' dir='ltr'>erat</span> <span class='ocrx_word' id='word_1_20' title='bbox 947 383 1078 432; x_wconf 82' lang='lat' dir='ltr'>faeta,</span> <span class='ocrx_word' id='word_1_21' title='bbox 1122 382 1328 433; x_wconf 87' lang='lat' dir='ltr'>ostendit,</span> <span class='ocrx_word' id='word_1_22' title='bbox 1372 382 1454 424; x_wconf 84' lang='lat' dir='ltr'>sibi</span> <span class='ocrx_word' id='word_1_23' title='bbox 1489 381 1679 440; x_wconf 88' lang='lat' dir='ltr'>placere,</span> 
     </span>
     <span class='ocr_line' id='line_1_4' title="bbox 199 439 1681 509; baseline 0 -26"><span class='ocrx_word' id='word_1_24' title='bbox 199 439 369 500; x_wconf 81' lang='lat' dir='ltr'>Regem</span> <span class='ocrx_word' id='word_1_25' title='bbox 393 442 677 486; x_wconf 82' lang='lat' dir='ltr'>Ptolemaeum</span> <span class='ocrx_word' id='word_1_26' title='bbox 712 450 846 500; x_wconf 91' lang='lat' dir='ltr'>atque</span> <span class='ocrx_word' id='word_1_27' title='bbox 888 457 1080 485; x_wconf 89' lang='lat' dir='ltr'>sororem</span> <span class='ocrx_word' id='word_1_28' title='bbox 1119 442 1209 499; x_wconf 83' lang='lat' dir='ltr'>eJ&#39;us</span> <span class='ocrx_word' id='word_1_29' title='bbox 1248 441 1532 509; x_wconf 67' lang='lat' dir='ltr'>Cleopatram</span> <span class='ocrx_word' id='word_1_30' title='bbox 1563 457 1681 484; x_wconf 87' lang='lat' dir='ltr'>exer-</span> 
     </span>
     <span class='ocr_line' id='line_1_5' title="bbox 196 478 1682 559; baseline 0 -17"><span class='ocrx_word' id='word_1_31' title='bbox 196 478 323 551; x_wconf 87' lang='lat' dir='ltr'>citus,</span> <span class='ocrx_word' id='word_1_32' title='bbox 346 518 455 559; x_wconf 90' lang='lat' dir='ltr'>quos</span> <span class='ocrx_word' id='word_1_33' title='bbox 486 501 714 551; x_wconf 83' lang='lat' dir='ltr'>haberent,</span> <span class='ocrx_word' id='word_1_34' title='bbox 736 502 958 544; x_wconf 86' lang='lat' dir='ltr'>dimittere</span> <span class='ocrx_word' id='word_1_35' title='bbox 980 508 1025 543; x_wconf 86' lang='lat' dir='ltr'>et</span> <span class='ocrx_word' id='word_1_36' title='bbox 1041 500 1096 543; x_wconf 90' lang='lat' dir='ltr'>de</span> <span class='ocrx_word' id='word_1_37' title='bbox 1118 501 1422 543; x_wconf 73' lang='lat' dir='ltr'>controversus</span> <span class='ocrx_word' id='word_1_38' title='bbox 1439 501 1539 559; x_wconf 84' lang='lat' dir='ltr'>jure</span> <span class='ocrx_word' id='word_1_39' title='bbox 1560 499 1682 559; x_wconf 89' lang='lat' dir='ltr'>apud</span> 
     </span>
     <span class='ocr_line' id='line_1_6' title="bbox 197 559 1212 626; baseline -0.002 -24"><span class='ocrx_word' id='word_1_40' title='bbox 197 574 240 602; x_wconf 90' lang='lat' dir='ltr'>se</span> <span class='ocrx_word' id='word_1_41' title='bbox 261 560 426 616; x_wconf 86' lang='lat' dir='ltr'>potius,</span> <span class='ocrx_word' id='word_1_42' title='bbox 448 576 578 626; x_wconf 91' lang='lat' dir='ltr'>quam</span> <span class='ocrx_word' id='word_1_43' title='bbox 597 559 711 602; x_wconf 87' lang='lat' dir='ltr'>inter</span> <span class='ocrx_word' id='word_1_44' title='bbox 731 577 775 602; x_wconf 91' lang='lat' dir='ltr'>se</span> <span class='ocrx_word' id='word_1_45' title='bbox 791 577 838 602; x_wconf 88' lang='lat' dir='ltr'>ar</span> <span class='ocrx_word' id='word_1_46' title='bbox 841 559 935 610; x_wconf 82' lang='lat' dir='ltr'>mis,</span> <span class='ocrx_word' id='word_1_47' title='bbox 952 559 1212 618; x_wconf 90' lang='lat' dir='ltr'>disceptare.</span> 
     </span>
    </p>

    <p class='ocr_par' dir='ltr' id='par_1_3' title="bbox 196 617 1688 1090">
     <span class='ocr_line' id='line_1_7' title="bbox 261 617 1684 685; baseline 0.001 -25"><span class='ocrx_word' id='word_1_48' title='bbox 261 617 357 661; x_wconf 86' lang='lat'>108</span> <span class='ocrx_word' id='word_1_49' title='bbox 408 620 519 685; x_wconf 81' lang='lat' dir='ltr'>Erat</span> <span class='ocrx_word' id='word_1_50' title='bbox 550 634 594 661; x_wconf 90' lang='grc'>111</span> <span class='ocrx_word' id='word_1_51' title='bbox 610 619 918 676; x_wconf 83' lang='lat' dir='ltr'>procuratione</span> <span class='ocrx_word' id='word_1_52' title='bbox 959 618 1103 685; x_wconf 84' lang='lat' dir='ltr'>Regni</span> <span class='ocrx_word' id='word_1_53' title='bbox 1137 625 1320 676; x_wconf 83' lang='lat' dir='ltr'>p1··0pte1</span> <span class='ocrx_word' id='word_1_54' title='bbox 1357 625 1529 660; x_wconf 82' lang='lat' dir='ltr'>aetatem</span> <span class='ocrx_word' id='word_1_55' title='bbox 1555 618 1684 675; x_wconf 89' lang='lat' dir='ltr'>pueri</span> 
     </span>
     <span class='ocr_line' id='line_1_8' title="bbox 196 675 1684 744; baseline 0.001 -25"><span class='ocrx_word' id='word_1_56' title='bbox 196 677 408 719; x_wconf 90' lang='lat' dir='ltr'>nutricius</span> <span class='ocrx_word' id='word_1_57' title='bbox 450 677 575 744; x_wconf 84' lang='lat' dir='ltr'>ejus,</span> <span class='ocrx_word' id='word_1_58' title='bbox 599 677 838 727; x_wconf 89' lang='lat' dir='ltr'>eunuchus,</span> <span class='ocrx_word' id='word_1_59' title='bbox 884 677 1054 720; x_wconf 91' lang='lat' dir='ltr'>nomine</span> <span class='ocrx_word' id='word_1_60' title='bbox 1097 675 1324 719; x_wconf 84' lang='lat' dir='ltr'>Pothinus.</span> <span class='ocrx_word' id='word_1_61' title='bbox 1410 675 1451 718; x_wconf 88' lang='lat' dir='ltr'>Is</span> <span class='ocrx_word' id='word_1_62' title='bbox 1492 678 1684 734; x_wconf 89' lang='lat' dir='ltr'>primum</span> 
     </span>
     <span class='ocr_line' id='line_1_9' title="bbox 197 734 1681 795; baseline 0.001 -18"><span class='ocrx_word' id='word_1_63' title='bbox 197 734 313 778; x_wconf 88' lang='lat' dir='ltr'>inter</span> <span class='ocrx_word' id='word_1_64' title='bbox 333 751 431 778; x_wconf 92' lang='lat' dir='ltr'>suos</span> <span class='ocrx_word' id='word_1_65' title='bbox 452 735 579 793; x_wconf 90' lang='lat' dir='ltr'>queri</span> <span class='ocrx_word' id='word_1_66' title='bbox 600 744 732 795; x_wconf 89' lang='lat' dir='ltr'>atque</span> <span class='ocrx_word' id='word_1_67' title='bbox 754 737 970 794; x_wconf 88' lang='lat' dir='ltr'>indignari</span> <span class='ocrx_word' id='word_1_68' title='bbox 1001 736 1151 795; x_wconf 84' lang='lat' dir='ltr'>coepit,</span> <span class='ocrx_word' id='word_1_69' title='bbox 1176 734 1346 792; x_wconf 84' lang='lat' dir='ltr'>Regem</span> <span class='ocrx_word' id='word_1_70' title='bbox 1374 734 1429 777; x_wconf 88' lang='lat' dir='ltr'>ad</span> <span class='ocrx_word' id='word_1_71' title='bbox 1460 734 1681 778; x_wconf 85' lang='lat' dir='ltr'>dicendam</span> 
     </span>
     <span class='ocr_line' id='line_1_10' title="bbox 198 794 1684 861; baseline -0.001 -25"><span class='ocrx_word' id='word_1_72' title='bbox 198 809 392 837; x_wconf 86' lang='lat' dir='ltr'>caussam</span> <span class='ocrx_word' id='word_1_73' title='bbox 410 794 614 844; x_wconf 75' lang='lat' dir='ltr'>evocari3</span> <span class='ocrx_word' id='word_1_74' title='bbox 663 795 820 846; x_wconf 86' lang='lat' dir='ltr'>deinde</span> <span class='ocrx_word' id='word_1_75' title='bbox 850 796 1072 861; x_wconf 77' lang='lat' dir='ltr'>adjutores</span> <span class='ocrx_word' id='word_1_76' title='bbox 1109 794 1338 853; x_wconf 87' lang='lat' dir='ltr'>quosdam,</span> <span class='ocrx_word' id='word_1_77' title='bbox 1379 794 1566 836; x_wconf 89' lang='lat' dir='ltr'>conscios</span> <span class='ocrx_word' id='word_1_78' title='bbox 1603 795 1684 844; x_wconf 90' lang='lat' dir='ltr'>sui,</span> 
     </span>
     <span class='ocr_line' id='line_1_11' title="bbox 196 852 1685 920; baseline -0.001 -25"><span class='ocrx_word' id='word_1_79' title='bbox 196 861 348 896; x_wconf 86' lang='lat' dir='ltr'>nactus</span> <span class='ocrx_word' id='word_1_80' title='bbox 381 870 436 897; x_wconf 90' lang='lat' dir='ltr'>ex</span> <span class='ocrx_word' id='word_1_81' title='bbox 474 853 606 920; x_wconf 81' lang='lat' dir='ltr'>Regis</span> <span class='ocrx_word' id='word_1_82' title='bbox 641 854 802 905; x_wconf 87' lang='lat' dir='ltr'>amicis,</span> <span class='ocrx_word' id='word_1_83' title='bbox 845 853 1084 896; x_wconf 85' lang='lat' dir='ltr'>exercitum</span> <span class='ocrx_word' id='word_1_84' title='bbox 1117 870 1144 896; x_wconf 88' lang='lat' dir='ltr'>a</span> <span class='ocrx_word' id='word_1_85' title='bbox 1171 853 1342 896; x_wconf 90' lang='lat' dir='ltr'>Pelusio</span> <span class='ocrx_word' id='word_1_86' title='bbox 1363 853 1476 895; x_wconf 91' lang='lat' dir='ltr'>clam</span> <span class='ocrx_word' id='word_1_87' title='bbox 1499 852 1685 895; x_wconf 84' lang='lat' dir='ltr'>Alexan-</span> 
     </span>
     <span class='ocr_line' id='line_1_12' title="bbox 196 911 1685 980; baseline 0 -26"><span class='ocrx_word' id='word_1_88' title='bbox 196 911 338 955; x_wconf 79' lang='lat' dir='ltr'>duam</span> <span class='ocrx_word' id='word_1_89' title='bbox 360 913 558 956; x_wconf 89' lang='lat' dir='ltr'>evocavit</span> <span class='ocrx_word' id='word_1_90' title='bbox 579 921 713 980; x_wconf 78' lang='lat' dir='ltr'>atque</span> <span class='ocrx_word' id='word_1_91' title='bbox 735 913 937 956; x_wconf 85' lang='lat' dir='ltr'>eumdem</span> <span class='ocrx_word' id='word_1_92' title='bbox 959 912 1179 962; x_wconf 88' lang='lat' dir='ltr'>Achillan,</span> <span class='ocrx_word' id='word_1_93' title='bbox 1201 913 1325 979; x_wconf 81' lang='lat' dir='ltr'>cujus</span> <span class='ocrx_word' id='word_1_94' title='bbox 1345 927 1480 971; x_wconf 84' lang='lat' dir='ltr'>supra</span> <span class='ocrx_word' id='word_1_95' title='bbox 1495 912 1685 954; x_wconf 87' lang='lat' dir='ltr'>memini-</span> 
     </span>
     <span class='ocr_line' id='line_1_13' title="bbox 197 971 1687 1031; baseline 0.001 -18"><span class='ocrx_word' id='word_1_96' title='bbox 197 985 307 1021; x_wconf 80' lang='lat' dir='ltr'>mus,</span> <span class='ocrx_word' id='word_1_97' title='bbox 352 972 550 1015; x_wconf 87' lang='lat' dir='ltr'>omnibus</span> <span class='ocrx_word' id='word_1_98' title='bbox 596 972 730 1030; x_wconf 88' lang='lat' dir='ltr'>copiis</span> <span class='ocrx_word' id='word_1_99' title='bbox 767 971 975 1031; x_wconf 83' lang='lat' dir='ltr'>praefecit.</span> <span class='ocrx_word' id='word_1_100' title='bbox 1042 971 1189 1022; x_wconf 91' lang='lat' dir='ltr'>Hunc,</span> <span class='ocrx_word' id='word_1_101' title='bbox 1234 971 1463 1013; x_wconf 87' lang='lat' dir='ltr'>incitatum</span> <span class='ocrx_word' id='word_1_102' title='bbox 1503 971 1605 1021; x_wconf 82' lang='lat' dir='ltr'>suis,</span> <span class='ocrx_word' id='word_1_103' title='bbox 1642 979 1687 1014; x_wconf 88' lang='lat' dir='ltr'>et</span> 
     </span>
     <span class='ocr_line' id='line_1_14' title="bbox 198 1028 1688 1090; baseline 0.001 -18"><span class='ocrx_word' id='word_1_104' title='bbox 198 1028 334 1088; x_wconf 86' lang='lat' dir='ltr'>Regis</span> <span class='ocrx_word' id='word_1_105' title='bbox 375 1030 573 1074; x_wconf 86' lang='lat' dir='ltr'>inflatum</span> <span class='ocrx_word' id='word_1_106' title='bbox 614 1031 1022 1090; x_wconf 82' lang='lat' dir='ltr'>pollicitationibus,</span> <span class='ocrx_word' id='word_1_107' title='bbox 1073 1047 1170 1089; x_wconf 81' lang='lat' dir='ltr'>quae</span> <span class='ocrx_word' id='word_1_108' title='bbox 1209 1029 1301 1073; x_wconf 88' lang='lat' dir='ltr'>fieri</span> <span class='ocrx_word' id='word_1_109' title='bbox 1340 1030 1491 1079; x_wconf 87' lang='lat' dir='ltr'>vellet,</span> <span class='ocrx_word' id='word_1_110' title='bbox 1529 1030 1688 1074; x_wconf 86' lang='lat' dir='ltr'>litteris</span> 
     </span>
    </p>
   </div>
   <div class='ocr_carea' id='block_1_3' title="bbox 164 1088 1687 1157">
    <p class='ocr_par' dir='ltr' id='par_1_4' title="bbox 164 1088 1687 1157">
     <span class='ocr_line' id='line_1_15' title="bbox 164 1088 1687 1157; baseline 0.001 -26"><span class='ocrx_word' id='word_1_111' title='bbox 164 1113 167 1115; x_wconf 94' lang='lat'>·</span> <span class='ocrx_word' id='word_1_112' title='bbox 198 1089 452 1157; x_wconf 80' lang='lat' dir='ltr'>nunciisque</span> <span class='ocrx_word' id='word_1_113' title='bbox 486 1090 676 1133; x_wconf 87' lang='lat' dir='ltr'>edocuit.</span> <span class='ocrx_word' id='word_1_114' title='bbox 741 1090 792 1132; x_wconf 90' lang='lat' dir='ltr'>In</span> <span class='ocrx_word' id='word_1_115' title='bbox 827 1099 1084 1133; x_wconf 88' lang='lat' dir='ltr'>testamento</span> <span class='ocrx_word' id='word_1_116' title='bbox 1110 1089 1332 1132; x_wconf 85' lang='lat' dir='ltr'>Ptolemaei</span> <span class='ocrx_word' id='word_1_117' title='bbox 1354 1089 1492 1147; x_wconf 89' lang='lat' dir='ltr'>patris</span> <span class='ocrx_word' id='word_1_118' title='bbox 1508 1088 1687 1132; x_wconf 89' lang='lat' dir='ltr'>heredes</span> 
     </span>
    </p>
   </div>
   <div class='ocr_carea' id='block_1_4' title="bbox 198 1148 1695 2095">
    <p class='ocr_par' dir='ltr' id='par_1_5' title="bbox 198 1148 1692 1663">
     <span class='ocr_line' id='line_1_16' title="bbox 198 1148 1688 1207; baseline 0 -17"><span class='ocrx_word' id='word_1_119' title='bbox 198 1156 322 1191; x_wconf 87' lang='lat' dir='ltr'>erant</span> <span class='ocrx_word' id='word_1_120' title='bbox 344 1149 493 1207; x_wconf 88' lang='lat' dir='ltr'>scripti</span> <span class='ocrx_word' id='word_1_121' title='bbox 514 1166 566 1192; x_wconf 90' lang='lat' dir='ltr'>ex</span> <span class='ocrx_word' id='word_1_122' title='bbox 586 1149 756 1193; x_wconf 91' lang='lat' dir='ltr'>duobus</span> <span class='ocrx_word' id='word_1_123' title='bbox 788 1149 886 1192; x_wconf 87' lang='lat' dir='ltr'>filiis</span> <span class='ocrx_word' id='word_1_124' title='bbox 920 1165 1074 1207; x_wconf 83' lang='grc'>1113]01·,</span> <span class='ocrx_word' id='word_1_125' title='bbox 1114 1157 1158 1191; x_wconf 89' lang='grc'>61</span> <span class='ocrx_word' id='word_1_126' title='bbox 1194 1165 1247 1191; x_wconf 90' lang='lat' dir='ltr'>ex</span> <span class='ocrx_word' id='word_1_127' title='bbox 1283 1148 1454 1191; x_wconf 89' lang='lat' dir='ltr'>duabus</span> <span class='ocrx_word' id='word_1_128' title='bbox 1491 1164 1558 1199; x_wconf 87' lang='lat' dir='ltr'>ea,</span> <span class='ocrx_word' id='word_1_129' title='bbox 1591 1164 1688 1206; x_wconf 89' lang='lat' dir='ltr'>quae</span> 
     </span>
     <span class='ocr_line' id='line_1_17' title="bbox 199 1208 1688 1266; baseline 0 -17"><span class='ocrx_word' id='word_1_130' title='bbox 199 1215 327 1250; x_wconf 86' lang='grc'>361316</span> <span class='ocrx_word' id='word_1_131' title='bbox 349 1209 648 1252; x_wconf 87' lang='lat' dir='ltr'>antecedebat.</span> <span class='ocrx_word' id='word_1_132' title='bbox 715 1209 821 1251; x_wconf 81' lang='lat' dir='ltr'>Haec</span> <span class='ocrx_word' id='word_1_133' title='bbox 853 1208 919 1251; x_wconf 87' lang='lat' dir='ltr'>uti</span> <span class='ocrx_word' id='word_1_134' title='bbox 956 1208 1124 1258; x_wconf 87' lang='lat' dir='ltr'>fierent,</span> <span class='ocrx_word' id='word_1_135' title='bbox 1159 1224 1238 1266; x_wconf 89' lang='lat' dir='ltr'>per</span> <span class='ocrx_word' id='word_1_136' title='bbox 1260 1223 1404 1250; x_wconf 85' lang='lat' dir='ltr'>omnes</span> <span class='ocrx_word' id='word_1_137' title='bbox 1427 1208 1560 1258; x_wconf 85' lang='lat' dir='ltr'>Deos,</span> <span class='ocrx_word' id='word_1_138' title='bbox 1592 1223 1688 1265; x_wconf 87' lang='lat' dir='ltr'>per-</span> 
     </span>
     <span class='ocr_line' id='line_1_18' title="bbox 201 1266 1689 1326; baseline 0.001 -18"><span class='ocrx_word' id='word_1_139' title='bbox 201 1282 287 1324; x_wconf 89' lang='lat' dir='ltr'>que</span> <span class='ocrx_word' id='word_1_140' title='bbox 308 1266 486 1318; x_wconf 85' lang='lat' dir='ltr'>foede1a,</span> <span class='ocrx_word' id='word_1_141' title='bbox 519 1285 614 1326; x_wconf 88' lang='lat' dir='ltr'>quae</span> <span class='ocrx_word' id='word_1_142' title='bbox 648 1267 801 1310; x_wconf 79' lang='lat' dir='ltr'>Romae</span> <span class='ocrx_word' id='word_1_143' title='bbox 832 1268 1016 1317; x_wconf 85' lang='lat' dir='ltr'>fecisset,</span> <span class='ocrx_word' id='word_1_144' title='bbox 1056 1267 1207 1310; x_wconf 89' lang='lat' dir='ltr'>eodem</span> <span class='ocrx_word' id='word_1_145' title='bbox 1246 1275 1502 1309; x_wconf 87' lang='lat' dir='ltr'>testamento</span> <span class='ocrx_word' id='word_1_146' title='bbox 1544 1267 1689 1310; x_wconf 92' lang='lat' dir='ltr'>Ptole-</span> 
     </span>
     <span class='ocr_line' id='line_1_19' title="bbox 200 1325 1691 1384; baseline 0.001 -18"><span class='ocrx_word' id='word_1_147' title='bbox 200 1341 329 1367; x_wconf 84' lang='lat' dir='ltr'>maeus</span> <span class='ocrx_word' id='word_1_148' title='bbox 354 1325 571 1384; x_wconf 88' lang='lat' dir='ltr'>Populum</span> <span class='ocrx_word' id='word_1_149' title='bbox 593 1326 837 1369; x_wconf 88' lang='lat' dir='ltr'>Romanum</span> <span class='ocrx_word' id='word_1_150' title='bbox 857 1326 1180 1369; x_wconf 88' lang='lat' dir='ltr'>obtestabatur.</span> <span class='ocrx_word' id='word_1_151' title='bbox 1243 1326 1425 1369; x_wconf 82' lang='lat' dir='ltr'>Tabulae</span> <span class='ocrx_word' id='word_1_152' title='bbox 1442 1326 1691 1368; x_wconf 88' lang='lat' dir='ltr'>testamenti</span> 
     </span>
     <span class='ocr_line' id='line_1_20' title="bbox 201 1384 1690 1443; baseline 0.001 -17"><span class='ocrx_word' id='word_1_153' title='bbox 201 1399 297 1427; x_wconf 79' lang='lat' dir='ltr'>unae</span> <span class='ocrx_word' id='word_1_154' title='bbox 326 1400 404 1443; x_wconf 82' lang='lat' dir='ltr'>pel</span> <span class='ocrx_word' id='word_1_155' title='bbox 438 1385 605 1443; x_wconf 88' lang='lat' dir='ltr'>legatos</span> <span class='ocrx_word' id='word_1_156' title='bbox 637 1385 728 1443; x_wconf 84' lang='lat' dir='ltr'>ejus</span> <span class='ocrx_word' id='word_1_157' title='bbox 764 1385 946 1427; x_wconf 84' lang='lat' dir='ltr'>Romam</span> <span class='ocrx_word' id='word_1_158' title='bbox 980 1393 1103 1427; x_wconf 87' lang='lat' dir='ltr'>erant</span> <span class='ocrx_word' id='word_1_159' title='bbox 1144 1384 1318 1435; x_wconf 77' lang='lat' dir='ltr'>adlatae,</span> <span class='ocrx_word' id='word_1_160' title='bbox 1364 1392 1415 1427; x_wconf 84' lang='lat' dir='ltr'>ut</span> <span class='ocrx_word' id='word_1_161' title='bbox 1455 1385 1498 1427; x_wconf 87' lang='lat' dir='ltr'>in</span> <span class='ocrx_word' id='word_1_162' title='bbox 1538 1385 1690 1428; x_wconf 80' lang='lat' dir='ltr'>aei-allo</span> 
     </span>
     <span class='ocr_line' id='line_1_21' title="bbox 203 1442 1692 1503; baseline 0.001 -18"><span class='ocrx_word' id='word_1_163' title='bbox 203 1452 488 1501; x_wconf 84' lang='lat' dir='ltr'>ponerentur,</span> <span class='ocrx_word' id='word_1_164' title='bbox 523 1444 607 1503; x_wconf 86' lang='grc'>(1136</span> <span class='ocrx_word' id='word_1_165' title='bbox 637 1460 772 1502; x_wconf 88' lang='lat' dir='ltr'>quum</span> <span class='ocrx_word' id='word_1_166' title='bbox 805 1452 990 1502; x_wconf 85' lang='lat' dir='ltr'>propter</span> <span class='ocrx_word' id='word_1_167' title='bbox 1023 1443 1219 1501; x_wconf 89' lang='lat' dir='ltr'>publicas</span> <span class='ocrx_word' id='word_1_168' title='bbox 1252 1442 1556 1501; x_wconf 84' lang='lat' dir='ltr'>occupationes</span> <span class='ocrx_word' id='word_1_169' title='bbox 1586 1444 1692 1501; x_wconf 90' lang='lat' dir='ltr'>poni</span> 
     </span>
     <span class='ocr_line' id='line_1_22' title="bbox 201 1502 1689 1561; baseline 0.001 -17"><span class='ocrx_word' id='word_1_170' title='bbox 201 1517 286 1544; x_wconf 89' lang='lat' dir='ltr'>non</span> <span class='ocrx_word' id='word_1_171' title='bbox 326 1504 584 1561; x_wconf 86' lang='lat' dir='ltr'>potuissent,</span> <span class='ocrx_word' id='word_1_172' title='bbox 627 1503 744 1561; x_wconf 89' lang='lat' dir='ltr'>apud</span> <span class='ocrx_word' id='word_1_173' title='bbox 792 1503 1046 1560; x_wconf 90' lang='lat' dir='ltr'>Pompeium</span> <span class='ocrx_word' id='word_1_174' title='bbox 1097 1511 1198 1545; x_wconf 89' lang='lat' dir='ltr'>sunt</span> <span class='ocrx_word' id='word_1_175' title='bbox 1248 1502 1474 1560; x_wconf 77' lang='lat' dir='ltr'>depositae)</span> <span class='ocrx_word' id='word_1_176' title='bbox 1522 1502 1689 1552; x_wconf 88' lang='lat' dir='ltr'>alterae,</span> 
     </span>
     <span class='ocr_line' id='line_1_23' title="bbox 202 1560 1691 1621; baseline 0.001 -19"><span class='ocrx_word' id='word_1_177' title='bbox 202 1560 358 1604; x_wconf 92' lang='lat' dir='ltr'>eodem</span> <span class='ocrx_word' id='word_1_178' title='bbox 379 1563 593 1621; x_wconf 85' lang='lat' dir='ltr'>exemplo,</span> <span class='ocrx_word' id='word_1_179' title='bbox 616 1562 780 1605; x_wconf 83' lang='lat' dir='ltr'>relictae</span> <span class='ocrx_word' id='word_1_180' title='bbox 803 1571 934 1620; x_wconf 89' lang='lat' dir='ltr'>atque</span> <span class='ocrx_word' id='word_1_181' title='bbox 956 1561 1192 1619; x_wconf 82' lang='lat' dir='ltr'>obsignatae</span> <span class='ocrx_word' id='word_1_182' title='bbox 1211 1561 1480 1604; x_wconf 76' lang='lat' dir='ltr'>Alexandliae</span> <span class='ocrx_word' id='word_1_183' title='bbox 1497 1576 1552 1619; x_wconf 86' lang='lat' dir='ltr'>pr</span> <span class='ocrx_word' id='word_1_184' title='bbox 1555 1562 1691 1604; x_wconf 87' lang='lat' dir='ltr'>ofere-</span> 
     </span>
     <span class='ocr_line' id='line_1_24' title="bbox 204 1620 383 1663; baseline 0 0"><span class='ocrx_word' id='word_1_185' title='bbox 204 1620 383 1663; x_wconf 89' lang='lat' dir='ltr'>bantur</span> 
     </span>
    </p>

    <p class='ocr_par' dir='ltr' id='par_1_6' title="bbox 198 1677 1695 2095">
     <span class='ocr_line' id='line_1_25' title="bbox 266 1677 1694 1738; baseline 0.001 -17"><span class='ocrx_word' id='word_1_186' title='bbox 266 1679 361 1722; x_wconf 84' lang='lat'>109.</span> <span class='ocrx_word' id='word_1_187' title='bbox 396 1679 463 1722; x_wconf 93' lang='lat' dir='ltr'>De</span> <span class='ocrx_word' id='word_1_188' title='bbox 495 1679 559 1722; x_wconf 90' lang='lat' dir='ltr'>his</span> <span class='ocrx_word' id='word_1_189' title='bbox 588 1679 718 1723; x_wconf 91' lang='lat' dir='ltr'>rebus</span> <span class='ocrx_word' id='word_1_190' title='bbox 745 1695 882 1737; x_wconf 88' lang='lat' dir='ltr'>quum</span> <span class='ocrx_word' id='word_1_191' title='bbox 915 1687 1122 1738; x_wconf 36' lang='lat' dir='ltr'>agelwetul</span> <span class='ocrx_word' id='word_1_192' title='bbox 1157 1679 1276 1738; x_wconf 87' lang='lat' dir='ltr'>apud</span> <span class='ocrx_word' id='word_1_193' title='bbox 1311 1679 1539 1727; x_wconf 77' lang='lat' dir='ltr'>Caesarem,</span> <span class='ocrx_word' id='word_1_194' title='bbox 1571 1677 1694 1736; x_wconf 89' lang='lat' dir='ltr'>isque</span> 
     </span>
     <span class='ocr_line' id='line_1_26' title="bbox 199 1738 1694 1797; baseline 0.001 -17"><span class='ocrx_word' id='word_1_195' title='bbox 199 1739 384 1782; x_wconf 79' lang='lat' dir='ltr'>maxime</span> <span class='ocrx_word' id='word_1_196' title='bbox 401 1739 536 1781; x_wconf 88' lang='lat' dir='ltr'>vellet</span> <span class='ocrx_word' id='word_1_197' title='bbox 553 1755 607 1797; x_wconf 91' lang='lat' dir='ltr'>pr</span> <span class='ocrx_word' id='word_1_198' title='bbox 611 1756 635 1781; x_wconf 93' lang='lat'>0</span> <span class='ocrx_word' id='word_1_199' title='bbox 653 1739 869 1782; x_wconf 90' lang='lat' dir='ltr'>communi</span> <span class='ocrx_word' id='word_1_200' title='bbox 887 1739 1023 1781; x_wconf 91' lang='lat' dir='ltr'>amico</span> <span class='ocrx_word' id='word_1_201' title='bbox 1039 1747 1173 1796; x_wconf 86' lang='lat' dir='ltr'>atque</span> <span class='ocrx_word' id='word_1_202' title='bbox 1190 1755 1239 1780; x_wconf 89' lang='lat' dir='ltr'>ar</span> <span class='ocrx_word' id='word_1_203' title='bbox 1242 1739 1332 1780; x_wconf 93' lang='lat' dir='ltr'>bit1</span> <span class='ocrx_word' id='word_1_204' title='bbox 1335 1755 1360 1781; x_wconf 93' lang='lat' dir='ltr'>o</span> <span class='ocrx_word' id='word_1_205' title='bbox 1378 1738 1694 1781; x_wconf 86' lang='lat' dir='ltr'>controversias</span> 
     </span>
     <span class='ocr_line' id='line_1_27' title="bbox 198 1796 1694 1865; baseline -0.001 -25"><span class='ocrx_word' id='word_1_206' title='bbox 198 1796 374 1856; x_wconf 85' lang='lat' dir='ltr'>Regum</span> <span class='ocrx_word' id='word_1_207' title='bbox 414 1813 696 1865; x_wconf 77' lang='lat' dir='ltr'>componerze</span> <span class='ocrx_word' id='word_1_208' title='bbox 746 1799 893 1842; x_wconf 90' lang='lat' dir='ltr'>subito</span> <span class='ocrx_word' id='word_1_209' title='bbox 933 1798 1147 1841; x_wconf 87' lang='lat' dir='ltr'>exercitus</span> <span class='ocrx_word' id='word_1_210' title='bbox 1182 1797 1346 1864; x_wconf 81' lang='lat' dir='ltr'>Regius</span> <span class='ocrx_word' id='word_1_211' title='bbox 1383 1796 1694 1855; x_wconf 86' lang='lat' dir='ltr'>equitatusque</span> 
     </span>
     <span class='ocr_line' id='line_1_28' title="bbox 200 1856 1695 1924; baseline 0.001 -26"><span class='ocrx_word' id='word_1_212' title='bbox 200 1872 336 1899; x_wconf 86' lang='grc'>01111113</span> <span class='ocrx_word' id='word_1_213' title='bbox 354 1857 501 1900; x_wconf 89' lang='lat' dir='ltr'>venire</span> <span class='ocrx_word' id='word_1_214' title='bbox 524 1857 835 1900; x_wconf 84' lang='lat' dir='ltr'>Alexandriam</span> <span class='ocrx_word' id='word_1_215' title='bbox 859 1857 1109 1900; x_wconf 88' lang='lat' dir='ltr'>nunciatur.</span> <span class='ocrx_word' id='word_1_216' title='bbox 1176 1856 1356 1924; x_wconf 83' lang='lat' dir='ltr'>Caesaris</span> <span class='ocrx_word' id='word_1_217' title='bbox 1376 1873 1514 1915; x_wconf 81' lang='lat' dir='ltr'>coplae</span> <span class='ocrx_word' id='word_1_218' title='bbox 1535 1872 1695 1913; x_wconf 86' lang='lat' dir='ltr'>nequa-</span> 
     </span>
     <span class='ocr_line' id='line_1_29' title="bbox 198 1915 1690 1975; baseline 0 -18"><span class='ocrx_word' id='word_1_219' title='bbox 198 1931 331 1973; x_wconf 87' lang='lat' dir='ltr'>quam</span> <span class='ocrx_word' id='word_1_220' title='bbox 352 1925 476 1959; x_wconf 86' lang='lat' dir='ltr'>erant</span> <span class='ocrx_word' id='word_1_221' title='bbox 498 1924 644 1966; x_wconf 87' lang='grc'>1311136,</span> <span class='ocrx_word' id='word_1_222' title='bbox 667 1925 718 1958; x_wconf 87' lang='grc'>111</span> <span class='ocrx_word' id='word_1_223' title='bbox 736 1916 811 1967; x_wconf 89' lang='grc'>613,</span> <span class='ocrx_word' id='word_1_224' title='bbox 835 1925 958 1960; x_wconf 82' lang='lat' dir='ltr'>extla</span> <span class='ocrx_word' id='word_1_225' title='bbox 977 1917 1190 1975; x_wconf 88' lang='lat' dir='ltr'>oppidum</span> <span class='ocrx_word' id='word_1_226' title='bbox 1208 1916 1242 1958; x_wconf 90' lang='lat' dir='ltr'>si</span> <span class='ocrx_word' id='word_1_227' title='bbox 1261 1923 1368 1958; x_wconf 86' lang='lat' dir='ltr'>esset</span> <span class='ocrx_word' id='word_1_228' title='bbox 1384 1915 1690 1965; x_wconf 88' lang='lat' dir='ltr'>dimicandum,</span> 
     </span>
     <span class='ocr_line' id='line_1_30' title="bbox 200 1974 1694 2033; baseline 0.001 -17"><span class='ocrx_word' id='word_1_229' title='bbox 200 1974 450 2018; x_wconf 87' lang='lat' dir='ltr'>confideret</span> <span class='ocrx_word' id='word_1_230' title='bbox 516 1975 884 2033; x_wconf 84' lang='lat' dir='ltr'>Relinquebatur,</span> <span class='ocrx_word' id='word_1_231' title='bbox 914 1985 964 2018; x_wconf 90' lang='lat' dir='ltr'>ut</span> <span class='ocrx_word' id='word_1_232' title='bbox 997 1992 1040 2018; x_wconf 89' lang='lat' dir='ltr'>se</span> <span class='ocrx_word' id='word_1_233' title='bbox 1073 1976 1158 2018; x_wconf 89' lang='lat' dir='ltr'>suis</span> <span class='ocrx_word' id='word_1_234' title='bbox 1190 1975 1292 2017; x_wconf 90' lang='lat' dir='ltr'>locis</span> <span class='ocrx_word' id='word_1_235' title='bbox 1325 1974 1493 2033; x_wconf 89' lang='lat' dir='ltr'>oppido</span> <span class='ocrx_word' id='word_1_236' title='bbox 1525 1982 1694 2018; x_wconf 84' lang='lat' dir='ltr'>teneret</span> 
     </span>
     <span class='ocr_line' id='line_1_31' title="bbox 201 2033 1693 2095; baseline 0.001 -20"><span class='ocrx_word' id='word_1_237' title='bbox 201 2033 512 2092; x_wconf 86' lang='lat' dir='ltr'>consiliumque</span> <span class='ocrx_word' id='word_1_238' title='bbox 535 2034 717 2078; x_wconf 83' lang='lat' dir='ltr'>Achillae</span> <span class='ocrx_word' id='word_1_239' title='bbox 746 2044 1040 2095; x_wconf 80' lang='lat' dir='ltr'>cognosceiet.</span> <span class='ocrx_word' id='word_1_240' title='bbox 1105 2034 1273 2077; x_wconf 88' lang='lat' dir='ltr'>Milites</span> <span class='ocrx_word' id='word_1_241' title='bbox 1306 2042 1451 2076; x_wconf 87' lang='lat' dir='ltr'>tamen</span> <span class='ocrx_word' id='word_1_242' title='bbox 1476 2049 1619 2077; x_wconf 90' lang='lat' dir='ltr'>omnes</span> <span class='ocrx_word' id='word_1_243' title='bbox 1649 2033 1693 2077; x_wconf 89' lang='lat' dir='ltr'>in</span> 
     </span>
    </p>
   </div>
   <div class='ocr_carea' id='block_1_5' title="bbox 203 2161 1692 2207">
    <p class='ocr_par' dir='ltr' id='par_1_7' title="bbox 203 2161 1692 2207">
     <span class='ocr_line' id='line_1_32' title="bbox 203 2161 1692 2207; baseline -0.001 -9"><span class='ocrx_word' id='word_1_244' title='bbox 203 2165 333 2198; x_wconf 89' lang='lat' dir='ltr'>bellum</span> <span class='ocrx_word' id='word_1_245' title='bbox 367 2165 583 2206; x_wconf 82' lang='lat' dir='ltr'>suscepisse3</span> <span class='ocrx_word' id='word_1_246' title='bbox 629 2167 687 2197; x_wconf 88' lang='lat' dir='ltr'>sed</span> <span class='ocrx_word' id='word_1_247' title='bbox 724 2161 914 2207; x_wconf 63' lang='lat' dir='ltr'>Cleopatrae</span> <span class='ocrx_word' id='word_1_248' title='bbox 1030 2166 1175 2198; x_wconf 83' lang='lat' dir='ltr'>Romam</span> <span class='ocrx_word' id='word_1_249' title='bbox 1209 2170 1305 2197; x_wconf 73' lang='lat' dir='ltr'>erant</span> <span class='ocrx_word' id='word_1_250' title='bbox 1342 2166 1477 2197; x_wconf 73' lang='lat' dir='ltr'>wllatoe.</span> <span class='ocrx_word' id='word_1_251' title='bbox 1543 2163 1692 2202; x_wconf 85' lang='lat' dir='ltr'>Quidam</span> 
     </span>
    </p>
   </div>
   <div class='ocr_carea' id='block_1_6' title="bbox 201 2209 916 2959">
    <p class='ocr_par' dir='ltr' id='par_1_8' title="bbox 201 2209 913 2242">
     <span class='ocr_line' id='line_1_33' title="bbox 201 2209 913 2242; baseline 0.001 -1"><span class='ocrx_word' id='word_1_252' title='bbox 201 2221 320 2242; x_wconf 89' lang='lat' dir='ltr'>amore</span> <span class='ocrx_word' id='word_1_253' title='bbox 347 2211 544 2242; x_wconf 83' lang='lat' dir='ltr'>adductum.</span> <span class='ocrx_word' id='word_1_254' title='bbox 573 2209 744 2242; x_wconf 86' lang='lat' dir='ltr'>Plutarch.</span> <span class='ocrx_word' id='word_1_255' title='bbox 773 2210 860 2242; x_wconf 87' lang='lat' dir='ltr'>Caes.</span> <span class='ocrx_word' id='word_1_256' title='bbox 884 2221 913 2242; x_wconf 93' lang='lat' dir='ltr'>c.</span> 
     </span>
    </p>

    <p class='ocr_par' dir='ltr' id='par_1_9' title="bbox 203 2299 916 2735">
     <span class='ocr_line' id='line_1_34' title="bbox 251 2299 916 2341; baseline 0 -11"><span class='ocrx_word' id='word_1_257' title='bbox 251 2299 436 2341; x_wconf 61' lang='lat' dir='ltr'>Indignam-i</span> <span class='ocrx_word' id='word_1_258' title='bbox 462 2301 570 2341; x_wconf 76' lang='lat' dir='ltr'>coepit.</span> <span class='ocrx_word' id='word_1_259' title='bbox 615 2299 693 2330; x_wconf 85' lang='lat' dir='ltr'>Fuit</span> <span class='ocrx_word' id='word_1_260' title='bbox 710 2304 823 2330; x_wconf 87' lang='lat' dir='ltr'>tamen</span> <span class='ocrx_word' id='word_1_261' title='bbox 848 2299 916 2330; x_wconf 88' lang='lat' dir='ltr'>alia</span> 
     </span>
     <span class='ocr_line' id='line_1_35' title="bbox 203 2343 915 2384; baseline 0 -11"><span class='ocrx_word' id='word_1_262' title='bbox 203 2353 339 2384; x_wconf 88' lang='lat' dir='ltr'>quoque</span> <span class='ocrx_word' id='word_1_263' title='bbox 375 2353 507 2380; x_wconf 83' lang='lat' dir='ltr'>caussa,</span> <span class='ocrx_word' id='word_1_264' title='bbox 551 2353 619 2384; x_wconf 87' lang='lat' dir='ltr'>qua</span> <span class='ocrx_word' id='word_1_265' title='bbox 656 2343 769 2375; x_wconf 86' lang='lat' dir='ltr'>Caesar</span> <span class='ocrx_word' id='word_1_266' title='bbox 806 2343 915 2384; x_wconf 77' lang='lat' dir='ltr'>indig-</span> 
     </span>
     <span class='ocr_line' id='line_1_36' title="bbox 203 2386 915 2429; baseline 0.001 -12"><span class='ocrx_word' id='word_1_267' title='bbox 203 2386 375 2418; x_wconf 81' lang='lat' dir='ltr'>nationem</span> <span class='ocrx_word' id='word_1_268' title='bbox 429 2388 665 2429; x_wconf 75' lang='lat' dir='ltr'>AEgyptiorum</span> <span class='ocrx_word' id='word_1_269' title='bbox 716 2387 915 2418; x_wconf 84' lang='lat' dir='ltr'>commovit.</span> 
     </span>
     <span class='ocr_line' id='line_1_37' title="bbox 205 2431 912 2473; baseline 0 -11"><span class='ocrx_word' id='word_1_270' title='bbox 205 2431 306 2470; x_wconf 88' lang='lat' dir='ltr'>Nam,</span> <span class='ocrx_word' id='word_1_271' title='bbox 322 2442 400 2463; x_wconf 91' lang='lat' dir='ltr'>cum</span> <span class='ocrx_word' id='word_1_272' title='bbox 418 2432 624 2463; x_wconf 79' lang='lat' dir='ltr'>Ptolemaeus</span> <span class='ocrx_word' id='word_1_273' title='bbox 639 2433 780 2464; x_wconf 81' lang='lat' dir='ltr'>Auletes</span> <span class='ocrx_word' id='word_1_274' title='bbox 796 2431 912 2473; x_wconf 74' lang='lat' dir='ltr'>ingen—</span> 
     </span>
     <span class='ocr_line' id='line_1_38' title="bbox 204 2475 914 2517; baseline 0 -11"><span class='ocrx_word' id='word_1_275' title='bbox 204 2480 272 2507; x_wconf 82' lang='lat' dir='ltr'>tem</span> <span class='ocrx_word' id='word_1_276' title='bbox 302 2475 456 2517; x_wconf 84' lang='lat' dir='ltr'>pecuniae</span> <span class='ocrx_word' id='word_1_277' title='bbox 489 2486 656 2508; x_wconf 86' lang='lat' dir='ltr'>summam</span> <span class='ocrx_word' id='word_1_278' title='bbox 687 2476 832 2508; x_wconf 79' lang='lat' dir='ltr'>Caesaris</span> <span class='ocrx_word' id='word_1_279' title='bbox 855 2476 914 2506; x_wconf 85' lang='lat' dir='ltr'>de-</span> 
     </span>
     <span class='ocr_line' id='line_1_39' title="bbox 204 2518 913 2558; baseline 0 -8"><span class='ocrx_word' id='word_1_280' title='bbox 204 2519 347 2558; x_wconf 77' lang='lat' dir='ltr'>buisset,</span> <span class='ocrx_word' id='word_1_281' title='bbox 385 2518 496 2551; x_wconf 84' lang='lat' dir='ltr'>Caesar</span> <span class='ocrx_word' id='word_1_282' title='bbox 530 2531 609 2552; x_wconf 91' lang='lat' dir='ltr'>vero</span> <span class='ocrx_word' id='word_1_283' title='bbox 640 2521 774 2552; x_wconf 89' lang='lat' dir='ltr'>residua</span> <span class='ocrx_word' id='word_1_284' title='bbox 803 2519 913 2551; x_wconf 90' lang='lat' dir='ltr'>debiti</span> 
     </span>
     <span class='ocr_line' id='line_1_40' title="bbox 205 2563 914 2606; baseline 0 -11"><span class='ocrx_word' id='word_1_285' title='bbox 205 2573 294 2595; x_wconf 88' lang='lat' dir='ltr'>nunc</span> <span class='ocrx_word' id='word_1_286' title='bbox 322 2564 424 2605; x_wconf 86' lang='lat' dir='ltr'>paulo</span> <span class='ocrx_word' id='word_1_287' title='bbox 450 2563 596 2595; x_wconf 86' lang='lat' dir='ltr'>severius</span> <span class='ocrx_word' id='word_1_288' title='bbox 622 2565 786 2606; x_wconf 80' lang='lat' dir='ltr'>exigeret,</span> <span class='ocrx_word' id='word_1_289' title='bbox 808 2575 847 2595; x_wconf 92' lang='grc'>36</span> <span class='ocrx_word' id='word_1_290' title='bbox 872 2574 914 2595; x_wconf 89' lang='lat' dir='ltr'>ne</span> 
     </span>
     <span class='ocr_line' id='line_1_41' title="bbox 206 2608 914 2649; baseline 0 -10"><span class='ocrx_word' id='word_1_291' title='bbox 206 2609 308 2639; x_wconf 88' lang='lat' dir='ltr'>sacris</span> <span class='ocrx_word' id='word_1_292' title='bbox 337 2608 475 2649; x_wconf 89' lang='lat' dir='ltr'>quidem</span> <span class='ocrx_word' id='word_1_293' title='bbox 507 2614 683 2648; x_wconf 86' lang='lat' dir='ltr'>parceret:</span> <span class='ocrx_word' id='word_1_294' title='bbox 729 2609 914 2640; x_wconf 87' lang='lat' dir='ltr'>multorum</span> 
     </span>
     <span class='ocr_line' id='line_1_42' title="bbox 204 2652 913 2684; baseline 0 -1"><span class='ocrx_word' id='word_1_295' title='bbox 204 2652 340 2684; x_wconf 88' lang='lat' dir='ltr'>animos</span> <span class='ocrx_word' id='word_1_296' title='bbox 368 2652 411 2683; x_wconf 89' lang='lat' dir='ltr'>ab</span> <span class='ocrx_word' id='word_1_297' title='bbox 440 2662 475 2683; x_wconf 88' lang='grc'>36</span> <span class='ocrx_word' id='word_1_298' title='bbox 500 2652 674 2684; x_wconf 83' lang='grc' dir='ltr'>3116113ν11.</span> <span class='ocrx_word' id='word_1_299' title='bbox 742 2653 913 2684; x_wconf 81' lang='lat' dir='ltr'>Plutarch.</span> 
     </span>
     <span class='ocr_line' id='line_1_43' title="bbox 206 2695 870 2735; baseline -0.005 -6"><span class='ocrx_word' id='word_1_300' title='bbox 206 2696 293 2729; x_wconf 82' lang='lat' dir='ltr'>Caes.</span> <span class='ocrx_word' id='word_1_301' title='bbox 309 2707 342 2727; x_wconf 90' lang='lat' dir='ltr'>c.</span> <span class='ocrx_word' id='word_1_302' title='bbox 356 2698 410 2727; x_wconf 80' lang='lat'>48.</span> <span class='ocrx_word' id='word_1_303' title='bbox 427 2695 494 2727; x_wconf 86' lang='lat' dir='ltr'>Dio</span> <span class='ocrx_word' id='word_1_304' title='bbox 511 2695 605 2728; x_wconf 86' lang='lat' dir='ltr'>Cass.</span> <span class='ocrx_word' id='word_1_305' title='bbox 620 2700 673 2735; x_wconf 78' lang='lat'>42,</span> <span class='ocrx_word' id='word_1_306' title='bbox 691 2699 723 2735; x_wconf 80' lang='lat'>9,</span> <span class='ocrx_word' id='word_1_307' title='bbox 741 2699 796 2727; x_wconf 74' lang='lat'>34.</span> <span class='ocrx_word' id='word_1_308' title='bbox 821 2697 870 2727; x_wconf 86' lang='lat' dir='ltr'>M.</span> 
     </span>
    </p>

    <p class='ocr_par' dir='ltr' id='par_1_10' title="bbox 206 2739 913 2870">
     <span class='ocr_line' id='line_1_44' title="bbox 252 2739 913 2773; baseline -0.005 0"><span class='ocrx_word' id='word_1_309' title='bbox 252 2743 403 2773; x_wconf 67' lang='lat' dir='ltr'>Conecios</span> <span class='ocrx_word' id='word_1_310' title='bbox 415 2743 478 2772; x_wconf 73' lang='lat' dir='ltr'>sui.</span> <span class='ocrx_word' id='word_1_311' title='bbox 496 2740 661 2771; x_wconf 88' lang='lat' dir='ltr'>Aicardus</span> <span class='ocrx_word' id='word_1_312' title='bbox 677 2740 712 2771; x_wconf 89' lang='lat' dir='ltr'>in</span> <span class='ocrx_word' id='word_1_313' title='bbox 726 2741 805 2772; x_wconf 86' lang='lat' dir='ltr'>Var.</span> <span class='ocrx_word' id='word_1_314' title='bbox 820 2739 913 2771; x_wconf 86' lang='lat' dir='ltr'>Lect.</span> 
     </span>
     <span class='ocr_line' id='line_1_45' title="bbox 206 2785 913 2826; baseline 0.001 -11"><span class='ocrx_word' id='word_1_315' title='bbox 206 2789 240 2815; x_wconf 91' lang='lat' dir='ltr'>et</span> <span class='ocrx_word' id='word_1_316' title='bbox 254 2785 350 2826; x_wconf 90' lang='lat' dir='ltr'>Lips.</span> <span class='ocrx_word' id='word_1_317' title='bbox 367 2785 577 2825; x_wconf 81' lang='lat' dir='ltr'>adscripsere</span> <span class='ocrx_word' id='word_1_318' title='bbox 587 2787 722 2817; x_wconf 71' lang='lat' dir='ltr'>consilii.</span> <span class='ocrx_word' id='word_1_319' title='bbox 766 2785 802 2816; x_wconf 89' lang='lat' dir='ltr'>Id</span> <span class='ocrx_word' id='word_1_320' title='bbox 815 2785 913 2816; x_wconf 87' lang='lat' dir='ltr'>codd-</span> 
     </span>
     <span class='ocr_line' id='line_1_46' title="bbox 207 2828 601 2870; baseline -0.003 -10"><span class='ocrx_word' id='word_1_321' title='bbox 207 2835 242 2860; x_wconf 82' lang='lat' dir='ltr'>et</span> <span class='ocrx_word' id='word_1_322' title='bbox 255 2830 334 2861; x_wconf 87' lang='lat' dir='ltr'>edd.</span> <span class='ocrx_word' id='word_1_323' title='bbox 350 2835 420 2860; x_wconf 91' lang='lat' dir='ltr'>vet.</span> <span class='ocrx_word' id='word_1_324' title='bbox 435 2828 601 2870; x_wconf 84' lang='lat' dir='ltr'>ignorant.</span> 
     </span>
    </p>

    <p class='ocr_par' dir='ltr' id='par_1_11' title="bbox 253 2872 719 2913">
     <span class='ocr_line' id='line_1_47' title="bbox 253 2872 719 2913; baseline -0.002 -8"><span class='ocrx_word' id='word_1_325' title='bbox 253 2874 355 2913; x_wconf 69' lang='lat' dir='ltr'>Reyis</span> <span class='ocrx_word' id='word_1_326' title='bbox 370 2875 499 2905; x_wconf 74' lang='lat' dir='ltr'>amicis.</span> <span class='ocrx_word' id='word_1_327' title='bbox 515 2872 576 2904; x_wconf 82' lang='lat' dir='ltr'>alii</span> <span class='ocrx_word' id='word_1_328' title='bbox 595 2874 719 2913; x_wconf 66' lang='lat' dir='ltr'>Reqia&#39;s.</span> 
     </span>
    </p>

    <p class='ocr_par' dir='ltr' id='par_1_12' title="bbox 254 2918 684 2959">
     <span class='ocr_line' id='line_1_48' title="bbox 254 2918 684 2959; baseline 0.002 -11"><span class='ocrx_word' id='word_1_329' title='bbox 254 2918 420 2950; x_wconf 71' lang='lat' dir='ltr'>Achillan.</span> <span class='ocrx_word' id='word_1_330' title='bbox 436 2927 513 2959; x_wconf 84' lang='lat' dir='ltr'>cap.</span> <span class='ocrx_word' id='word_1_331' title='bbox 535 2919 610 2950; x_wconf 74' lang='lat'>104.</span> <span class='ocrx_word' id='word_1_332' title='bbox 633 2919 684 2949; x_wconf 85' lang='lat' dir='ltr'>M.</span> 
     </span>
    </p>
   </div>
   <div class='ocr_carea' id='block_1_7' title="bbox 981 2210 1692 2868">
    <p class='ocr_par' dir='ltr' id='par_1_13' title="bbox 982 2210 1691 2295">
     <span class='ocr_line' id='line_1_49' title="bbox 983 2210 1691 2248; baseline -0.003 -7"><span class='ocrx_word' id='word_1_333' title='bbox 983 2210 1085 2241; x_wconf 88' lang='lat' dir='ltr'>codd.</span> <span class='ocrx_word' id='word_1_334' title='bbox 1118 2211 1244 2241; x_wconf 71' lang='lat' dir='ltr'>Romae.</span> <span class='ocrx_word' id='word_1_335' title='bbox 1277 2210 1318 2240; x_wconf 88' lang='lat' dir='ltr'>V.</span> <span class='ocrx_word' id='word_1_336' title='bbox 1337 2210 1380 2241; x_wconf 90' lang='lat' dir='ltr'>ad</span> <span class='ocrx_word' id='word_1_337' title='bbox 1397 2213 1429 2248; x_wconf 79' lang='lat'>2,</span> <span class='ocrx_word' id='word_1_338' title='bbox 1450 2212 1500 2241; x_wconf 88' lang='lat'>19.</span> <span class='ocrx_word' id='word_1_339' title='bbox 1515 2211 1605 2241; x_wconf 78' lang='lat' dir='ltr'>conf.</span> <span class='ocrx_word' id='word_1_340' title='bbox 1619 2214 1691 2240; x_wconf 88' lang='lat' dir='ltr'>not.</span> 
     </span>
     <span class='ocr_line' id='line_1_50' title="bbox 982 2253 1482 2295; baseline 0.004 -11"><span class='ocrx_word' id='word_1_341' title='bbox 982 2253 1096 2295; x_wconf 80' lang='lat' dir='ltr'>Lipsii</span> <span class='ocrx_word' id='word_1_342' title='bbox 1111 2255 1154 2284; x_wconf 89' lang='lat' dir='ltr'>ad</span> <span class='ocrx_word' id='word_1_343' title='bbox 1170 2253 1284 2285; x_wconf 87' lang='lat' dir='ltr'>Taciti</span> <span class='ocrx_word' id='word_1_344' title='bbox 1298 2257 1384 2285; x_wconf 90' lang='lat' dir='ltr'>Ann.</span> <span class='ocrx_word' id='word_1_345' title='bbox 1406 2256 1433 2292; x_wconf 86' lang='lat'>1,</span> <span class='ocrx_word' id='word_1_346' title='bbox 1450 2256 1482 2286; x_wconf 90' lang='lat'>8.</span> 
     </span>
    </p>

    <p class='ocr_par' dir='ltr' id='par_1_14' title="bbox 981 2297 1692 2868">
     <span class='ocr_line' id='line_1_51' title="bbox 1030 2297 1690 2339; baseline -0.005 -10"><span class='ocrx_word' id='word_1_347' title='bbox 1030 2300 1096 2330; x_wconf 80' lang='lat' dir='ltr'>Pro</span> <span class='ocrx_word' id='word_1_348' title='bbox 1108 2300 1227 2330; x_wconf 74' lang='lat' dir='ltr'>amico.</span> <span class='ocrx_word' id='word_1_349' title='bbox 1241 2298 1311 2329; x_wconf 85' lang='lat' dir='ltr'>vid.</span> <span class='ocrx_word' id='word_1_350' title='bbox 1328 2298 1399 2329; x_wconf 93' lang='lat' dir='ltr'>Ind.</span> <span class='ocrx_word' id='word_1_351' title='bbox 1417 2297 1451 2329; x_wconf 92' lang='lat' dir='ltr'>in</span> <span class='ocrx_word' id='word_1_352' title='bbox 1466 2309 1539 2339; x_wconf 80' lang='lat' dir='ltr'>pro.</span> <span class='ocrx_word' id='word_1_353' title='bbox 1554 2314 1599 2320; x_wconf 94' lang='lat'>—</span> <span class='ocrx_word' id='word_1_354' title='bbox 1616 2297 1690 2327; x_wconf 89' lang='lat' dir='ltr'>Hoc</span> 
     </span>
     <span class='ocr_line' id='line_1_52' title="bbox 982 2342 1691 2384; baseline -0.003 -11"><span class='ocrx_word' id='word_1_355' title='bbox 982 2347 1136 2384; x_wconf 84' lang='lat' dir='ltr'>tempore</span> <span class='ocrx_word' id='word_1_356' title='bbox 1153 2342 1357 2374; x_wconf 83' lang='lat' dir='ltr'>Plutarchus</span> <span class='ocrx_word' id='word_1_357' title='bbox 1381 2342 1413 2373; x_wconf 87' lang='lat' dir='ltr'>in</span> <span class='ocrx_word' id='word_1_358' title='bbox 1429 2342 1515 2374; x_wconf 84' lang='lat' dir='ltr'>Caes.</span> <span class='ocrx_word' id='word_1_359' title='bbox 1532 2352 1564 2372; x_wconf 93' lang='lat' dir='ltr'>c.</span> <span class='ocrx_word' id='word_1_360' title='bbox 1581 2343 1622 2372; x_wconf 71' lang='lat'>49</span> <span class='ocrx_word' id='word_1_361' title='bbox 1639 2351 1691 2371; x_wconf 90' lang='lat' dir='ltr'>re-</span> 
     </span>
     <span class='ocr_line' id='line_1_53' title="bbox 982 2384 1692 2428; baseline -0.003 -12"><span class='ocrx_word' id='word_1_362' title='bbox 982 2386 1057 2426; x_wconf 83' lang='lat' dir='ltr'>fert,</span> <span class='ocrx_word' id='word_1_363' title='bbox 1082 2386 1301 2428; x_wconf 69' lang='lat' dir='ltr'>Cleopatram</span> <span class='ocrx_word' id='word_1_364' title='bbox 1325 2388 1472 2428; x_wconf 88' lang='lat' dir='ltr'>primum</span> <span class='ocrx_word' id='word_1_365' title='bbox 1500 2385 1533 2417; x_wconf 87' lang='lat' dir='ltr'>in</span> <span class='ocrx_word' id='word_1_366' title='bbox 1549 2384 1692 2417; x_wconf 75' lang='lat' dir='ltr'>Caesaris</span> 
     </span>
     <span class='ocr_line' id='line_1_54' title="bbox 982 2429 1692 2473; baseline -0.006 -11"><span class='ocrx_word' id='word_1_367' title='bbox 982 2436 1201 2473; x_wconf 77' lang='lat' dir='ltr'>conspectum</span> <span class='ocrx_word' id='word_1_368' title='bbox 1226 2431 1369 2469; x_wconf 85' lang='lat' dir='ltr'>venisse,</span> <span class='ocrx_word' id='word_1_369' title='bbox 1399 2441 1545 2471; x_wconf 87' lang='lat' dir='ltr'>eumque</span> <span class='ocrx_word' id='word_1_370' title='bbox 1570 2429 1617 2459; x_wconf 90' lang='lat' dir='ltr'>sic</span> <span class='ocrx_word' id='word_1_371' title='bbox 1635 2438 1692 2459; x_wconf 90' lang='lat' dir='ltr'>ce-</span> 
     </span>
     <span class='ocr_line' id='line_1_55' title="bbox 982 2472 1691 2516; baseline -0.006 -10"><span class='ocrx_word' id='word_1_372' title='bbox 982 2475 1086 2516; x_wconf 83' lang='lat' dir='ltr'>pisse,</span> <span class='ocrx_word' id='word_1_373' title='bbox 1101 2480 1149 2513; x_wconf 85' lang='lat' dir='ltr'>ut,</span> <span class='ocrx_word' id='word_1_374' title='bbox 1175 2475 1309 2514; x_wconf 79' lang='lat' dir='ltr'>placato</span> <span class='ocrx_word' id='word_1_375' title='bbox 1327 2475 1433 2506; x_wconf 89' lang='lat' dir='ltr'>sorori</span> <span class='ocrx_word' id='word_1_376' title='bbox 1450 2475 1562 2511; x_wconf 89' lang='lat' dir='ltr'>fratre,</span> <span class='ocrx_word' id='word_1_377' title='bbox 1577 2472 1691 2504; x_wconf 83' lang='lat' dir='ltr'>effice-</span> 
     </span>
     <span class='ocr_line' id='line_1_56' title="bbox 981 2516 1691 2557; baseline -0.006 -7"><span class='ocrx_word' id='word_1_378' title='bbox 981 2524 1030 2550; x_wconf 91' lang='lat' dir='ltr'>ret</span> <span class='ocrx_word' id='word_1_379' title='bbox 1068 2520 1193 2556; x_wconf 86' lang='lat' dir='ltr'>Caesar,</span> <span class='ocrx_word' id='word_1_380' title='bbox 1232 2525 1267 2550; x_wconf 88' lang='lat' dir='ltr'>ut</span> <span class='ocrx_word' id='word_1_381' title='bbox 1305 2518 1504 2550; x_wconf 79' lang='lat' dir='ltr'>consociato</span> <span class='ocrx_word' id='word_1_382' title='bbox 1545 2516 1691 2557; x_wconf 85' lang='lat' dir='ltr'>imperio</span> 
     </span>
     <span class='ocr_line' id='line_1_57' title="bbox 984 2561 1691 2605; baseline -0.006 -10"><span class='ocrx_word' id='word_1_383' title='bbox 984 2564 1187 2595; x_wconf 65' lang='lat' dir='ltr'>Ptolemaeus</span> <span class='ocrx_word' id='word_1_384' title='bbox 1211 2569 1246 2595; x_wconf 82' lang='lat' dir='ltr'>et</span> <span class='ocrx_word' id='word_1_385' title='bbox 1271 2564 1452 2605; x_wconf 77' lang='lat' dir='ltr'>Cleopatra</span> <span class='ocrx_word' id='word_1_386' title='bbox 1479 2562 1526 2593; x_wconf 86' lang='lat' dir='ltr'>uti</span> <span class='ocrx_word' id='word_1_387' title='bbox 1555 2561 1691 2593; x_wconf 84' lang='lat' dir='ltr'>vellent.</span> 
     </span>
     <span class='ocr_line' id='line_1_58' title="bbox 981 2605 1689 2646; baseline -0.007 -7"><span class='ocrx_word' id='word_1_388' title='bbox 981 2607 1035 2639; x_wconf 87' lang='lat' dir='ltr'>Cf.</span> <span class='ocrx_word' id='word_1_389' title='bbox 1066 2608 1133 2639; x_wconf 89' lang='lat' dir='ltr'>Dio</span> <span class='ocrx_word' id='word_1_390' title='bbox 1164 2607 1259 2639; x_wconf 87' lang='lat' dir='ltr'>Cass.</span> <span class='ocrx_word' id='word_1_391' title='bbox 1289 2612 1343 2646; x_wconf 75' lang='lat'>42,</span> <span class='ocrx_word' id='word_1_392' title='bbox 1373 2610 1426 2646; x_wconf 66' lang='lat'>34,</span> <span class='ocrx_word' id='word_1_393' title='bbox 1457 2610 1508 2639; x_wconf 82' lang='lat'>35.</span> <span class='ocrx_word' id='word_1_394' title='bbox 1561 2605 1689 2636; x_wconf 87' lang='lat' dir='ltr'>Lucan.</span> 
     </span>
     <span class='ocr_line' id='line_1_59' title="bbox 984 2648 1690 2689; baseline -0.006 -6"><span class='ocrx_word' id='word_1_395' title='bbox 984 2652 1137 2684; x_wconf 85' lang='lat' dir='ltr'>Pharsal.</span> <span class='ocrx_word' id='word_1_396' title='bbox 1172 2654 1223 2683; x_wconf 90' lang='grc'>10.</span> <span class='ocrx_word' id='word_1_397' title='bbox 1249 2651 1321 2683; x_wconf 73' lang='lat' dir='ltr'>init.</span> <span class='ocrx_word' id='word_1_398' title='bbox 1374 2651 1426 2682; x_wconf 85' lang='lat' dir='ltr'>Ibi</span> <span class='ocrx_word' id='word_1_399' title='bbox 1455 2652 1535 2681; x_wconf 87' lang='lat' dir='ltr'>dum</span> <span class='ocrx_word' id='word_1_400' title='bbox 1566 2648 1690 2689; x_wconf 85' lang='lat' dir='ltr'>aliquis</span> 
     </span>
     <span class='ocr_line' id='line_1_60' title="bbox 982 2692 1690 2734; baseline -0.004 -8"><span class='ocrx_word' id='word_1_401' title='bbox 982 2696 1262 2734; x_wconf 52' lang='lat' dir='ltr'>detegitssaesari</span> <span class='ocrx_word' id='word_1_402' title='bbox 1290 2696 1333 2726; x_wconf 89' lang='lat' dir='ltr'>ab</span> <span class='ocrx_word' id='word_1_403' title='bbox 1362 2695 1482 2726; x_wconf 86' lang='grc'>31111613</span> <span class='ocrx_word' id='word_1_404' title='bbox 1512 2692 1690 2724; x_wconf 85' lang='lat' dir='ltr'>Ptolemaei</span> 
     </span>
     <span class='ocr_line' id='line_1_61' title="bbox 983 2737 1690 2779; baseline -0.007 -7"><span class='ocrx_word' id='word_1_405' title='bbox 983 2739 1124 2772; x_wconf 83' lang='lat' dir='ltr'>insidias</span> <span class='ocrx_word' id='word_1_406' title='bbox 1141 2740 1236 2779; x_wconf 84' lang='lat' dir='ltr'>strui,</span> <span class='ocrx_word' id='word_1_407' title='bbox 1249 2739 1415 2770; x_wconf 78' lang='lat' dir='ltr'>Pothinus</span> <span class='ocrx_word' id='word_1_408' title='bbox 1431 2738 1531 2779; x_wconf 91' lang='lat' dir='ltr'>paulo</span> <span class='ocrx_word' id='word_1_409' title='bbox 1549 2742 1626 2778; x_wconf 88' lang='lat' dir='ltr'>post</span> <span class='ocrx_word' id='word_1_410' title='bbox 1638 2737 1690 2768; x_wconf 89' lang='lat' dir='ltr'>in-</span> 
     </span>
     <span class='ocr_line' id='line_1_62' title="bbox 981 2781 1689 2823; baseline -0.006 -7"><span class='ocrx_word' id='word_1_411' title='bbox 981 2785 1145 2816; x_wconf 78' lang='lat' dir='ltr'>terficitur</span> <span class='ocrx_word' id='word_1_412' title='bbox 1167 2784 1213 2823; x_wconf 90' lang='lat' dir='ltr'>(c.</span> <span class='ocrx_word' id='word_1_413' title='bbox 1235 2786 1307 2815; x_wconf 80' lang='grc'>112.</span> <span class='ocrx_word' id='word_1_414' title='bbox 1333 2784 1446 2821; x_wconf 62' lang='lat' dir='ltr'>extu),</span> <span class='ocrx_word' id='word_1_415' title='bbox 1470 2782 1624 2813; x_wconf 84' lang='lat' dir='ltr'>Achillas</span> <span class='ocrx_word' id='word_1_416' title='bbox 1646 2781 1689 2812; x_wconf 81' lang='lat' dir='ltr'>ad</span> 
     </span>
     <span class='ocr_line' id='line_1_63' title="bbox 982 2827 1687 2868; baseline -0.006 -8"><span class='ocrx_word' id='word_1_417' title='bbox 982 2829 1169 2860; x_wconf 76' lang='lat' dir='ltr'>exercitum</span> <span class='ocrx_word' id='word_1_418' title='bbox 1187 2827 1329 2868; x_wconf 78' lang='lat' dir='ltr'>aufugit.</span> <span class='ocrx_word' id='word_1_419' title='bbox 1364 2827 1418 2858; x_wconf 87' lang='lat' dir='ltr'>Sic</span> <span class='ocrx_word' id='word_1_420' title='bbox 1442 2837 1520 2868; x_wconf 81' lang='lat' dir='ltr'>ergo</span> <span class='ocrx_word' id='word_1_421' title='bbox 1537 2827 1687 2867; x_wconf 86' lang='lat' dir='ltr'>adparet,</span> 
     </span>
    </p>
   </div>
   <div class='ocr_carea' id='block_1_8' title="bbox 966 2870 1689 2904">
    <p class='ocr_par' dir='ltr' id='par_1_15' title="bbox 966 2870 1689 2904">
     <span class='ocr_line' id='line_1_64' title="bbox 966 2870 1689 2904; baseline -0.004 0"><span class='ocrx_word' id='word_1_422' title='bbox 966 2883 1043 2904; x_wconf 53' lang='lat' dir='ltr'>*cur</span> <span class='ocrx_word' id='word_1_423' title='bbox 1061 2873 1096 2904; x_wconf 91' lang='lat' dir='ltr'>h.</span> <span class='ocrx_word' id='word_1_424' title='bbox 1112 2874 1137 2904; x_wconf 89' lang='lat' dir='ltr'>l.</span> <span class='ocrx_word' id='word_1_425' title='bbox 1153 2872 1283 2903; x_wconf 85' lang='lat' dir='ltr'>dicatur</span> <span class='ocrx_word' id='word_1_426' title='bbox 1297 2871 1411 2903; x_wconf 84' lang='lat' dir='ltr'>subito</span> <span class='ocrx_word' id='word_1_427' title='bbox 1433 2870 1605 2902; x_wconf 76' lang='lat' dir='ltr'>exercitus</span> <span class='ocrx_word' id='word_1_428' title='bbox 1619 2870 1689 2902; x_wconf 83' lang='lat' dir='ltr'>Re-</span> 
     </span>
    </p>
   </div>
   <div class='ocr_carea' id='block_1_9' title="bbox 982 2915 1556 2958">
    <p class='ocr_par' dir='ltr' id='par_1_16' title="bbox 982 2915 1556 2958">
     <span class='ocr_line' id='line_1_65' title="bbox 982 2915 1556 2958; baseline -0.003 -9"><span class='ocrx_word' id='word_1_429' title='bbox 982 2916 1059 2958; x_wconf 83' lang='lat' dir='ltr'>gius</span> <span class='ocrx_word' id='word_1_430' title='bbox 1076 2916 1313 2949; x_wconf 84' lang='lat' dir='ltr'>Alexandriam</span> <span class='ocrx_word' id='word_1_431' title='bbox 1330 2915 1476 2948; x_wconf 80' lang='lat' dir='ltr'>venisse.</span> <span class='ocrx_word' id='word_1_432' title='bbox 1506 2916 1556 2947; x_wconf 89' lang='lat' dir='ltr'>M.</span> 
     </span>
    </p>
   </div>
  </div>
 </body>
</html>
