1946 3261
648 143 766 194 LIB.
800 144 884 190 111.
947 145 1086 190 CAP.
1119 147 1193 199 23,
1222 147 1296 191 24.
1665 143 1723 188 75

235 270 329 374 pias
373 285 532 332 parare
566 281 806 332 coeperunt.
880 273 1125 317 Mittuntur
1156 273 1291 317 etiam
1320 271 1378 316 ad
1417 288 1488 317 eas
1522 271 1722 317 civitates

254 331 386 389 egati,
423 348 520 389 quae
550 342 650 376 sunt
685 332 898 376 citerioris
933 332 1170 390 Hispaniae,
1205 332 1411 377 finitumae
1445 332 1718 390 Aquitaniae:

237 390 337 433 inde
359 387 522 433 auxilia
542 391 757 450 ducesque
787 400 1073 434 arcessuntur.
1138 392 1335 441 Quorum
1357 391 1550 435 adventu
1565 406 1724 449 magna

234 465 334 492 cum
349 450 612 494 auctoritate
640 460 685 494 et
705 467 863 510 magna
893 466 989 493 cum
1011 449 1231 492 hominum
1250 450 1530 494 multitudine
1558 449 1725 494 bellum

236 524 389 567 gerere
409 518 636 552 conantur.
701 511 844 553 Duces
865 525 970 553 vero
992 508 1021 551 ii
1042 508 1312 566 deliguntur,
1338 509 1412 566 qui
1433 525 1519 553 una
1545 525 1643 556 cum
1668 509 1723 558 Q.

238 568 438 611 Sertorio
453 568 589 610 omnis
605 583 739 611 annos
757 569 947 618 fuerant,
965 583 1261 624 summamque
1279 567 1499 610 scientiam
1525 569 1588 611 rei
1616 567 1727 612 mili-

237 626 342 669 tatis
378 626 541 669 habere
573 627 948 670 existimabantur.
1014 626 1076 670 Hi
1108 625 1418 669 consuetudine
1451 626 1608 685 Populi
1641 626 1728 671 Ro-

236 684 351 731 mani
371 684 465 730 loca
484 701 654 743 capere,
686 694 827 728 castra
847 686 1032 735 munire,
1058 685 1370 730 commeatibus
1400 694 1567 729 nostros
1594 685 1728 728 inter-

236 742 411 787 cludere
451 743 697 787 instituunt.
778 745 907 795 Quod
940 745 1014 788 ubi
1055 745 1235 787 Crassus
1270 743 1598 792 animadvertit,
1634 760 1730 789 suas

234 803 380 861 copias
395 812 578 861 propter
593 803 878 863 exiguitatem
895 821 981 849 non
996 803 1123 847 facile
1140 803 1309 851 diduci;
1332 802 1501 846 hostem
1517 811 1562 845 et
1579 803 1731 860 vagari

235 870 282 905 et
302 862 391 905 vias
410 862 610 906 obsidere
641 873 686 906 et
711 864 861 907 castris
889 864 992 907 satis
1023 863 1211 922 praesidii
1241 862 1515 920 relinquere;
1547 862 1606 904 ob
1634 876 1731 905 eam

236 937 426 964 caussam
450 922 589 965 minus
607 923 832 966 commode
850 923 1117 966 frumentum
1138 930 1511 979 commeatumque
1527 920 1610 964 sibi
1632 921 1732 964 sub·

236 981 430 1039 portari;
463 981 505 1023 in
523 980 615 1024 dies
647 981 835 1025 hostium
862 997 1087 1025 numerum
1118 981 1292 1040 augeri3
1325 996 1410 1024 non
1438 979 1732 1024 cunctandum

236 1040 516 1090 existimavit,
554 1041 660 1098 quin
695 1057 844 1100 pugna
877 1041 1139 1084 decertaret.
1208 1040 1303 1082 Hac
1338 1055 1384 1082 re
1422 1038 1478 1082 ad
1507 1038 1731 1083 consilium

237 1098 399 1148 delata,
436 1099 511 1142 ubi
547 1115 693 1144 omnes
727 1099 843 1141 idem
878 1100 1038 1141 sentire
1072 1097 1305 1149 intellexit,
1346 1107 1570 1157 posterum
1615 1097 1732 1142 diem

236 1173 393 1216 pugnae
413 1159 655 1202 constituit.

297 1218 369 1259 24.
407 1215 553 1259 Prima
587 1216 699 1266 luce,
752 1215 979 1274 productis
1016 1214 1216 1260 omnibus
1254 1216 1404 1275 copiiS‚
1442 1214 1607 1273 duplici
1642 1216 1735 1259 acie

236 1274 452 1323 instituta,
470 1274 642 1318 auxiliis
663 1275 707 1316 iu
727 1274 914 1318 mediam
931 1274 1066 1317 aciem
1096 1275 1316 1332 conjectis,
1345 1274 1452 1333 quid
1472 1274 1614 1318 hostes
1635 1290 1734 1319 con·

237 1333 320 1376 silii
340 1341 562 1392 caperent,
579 1334 873 1392 exspectabat.
938 1333 1025 1382 Illi,
1045 1334 1124 1376 etsi
1141 1343 1324 1392 propter
1346 1333 1673 1378 multitudinem
1690 1341 1736 1378 et

237 1401 432 1436 veterem
451 1391 556 1436 belli
573 1392 759 1451 gloriam
778 1392 1132 1451 paucitatemque
1157 1403 1407 1437 nostrorum
1423 1409 1467 1436 se
1492 1401 1589 1436 tuto
1608 1392 1735 1436 dimi-

238 1460 412 1496 caturos
427 1451 750 1500 existimabant,
773 1461 917 1494 tamen
935 1451 1070 1494 tutius
1086 1468 1174 1494 esse
1191 1451 1539 1501 arbitrabantur,
1557 1452 1739 1497 obsessis

237 1510 332 1562 viis,
346 1520 590 1555 commeatu
611 1510 860 1559 intercluso,
876 1510 965 1553 sine
982 1510 1073 1553 ullo
1089 1511 1269 1554 vulnere
1288 1510 1473 1554 victoria
1490 1510 1645 1568 potiri:
1672 1519 1735 1561 et,

237 1570 272 1614 si
290 1578 472 1628 propter
493 1569 682 1635 inopiam
711 1569 775 1614 rei
799 1569 1095 1612 frumentariae
1119 1569 1305 1612 Romani
1326 1586 1414 1612 sese
1434 1570 1629 1627 recipere
1651 1586 1736 1612 ωε,

237 1628 414 1687 pinsant,
439 1628 656 1687 inpeditos
673 1628 716 1670 in
734 1644 759 1670 a
794 1627 905 1670 mine
928 1636 973 1670 et
1001 1628 1082 1671 sub
1101 1628 1293 1677 sarcinis,
1323 1627 1550 1670 inferiores
1572 1628 1735 1680 animo,

237 1687 402 1731 adoriri
424 1687 695 1745 cogitabant.
810 1704 860 1730 oc
882 1686 1060 1731 consilio
1092 1688 1281 1745 probato
1306 1687 1362 1730 ab
1391 1687 1603 1735 Ducibus,
1636 1703 1737 1746 pro-

236 1746 377 1795 ductis
412 1746 712 1791 Romanorum
755 1746 905 1804 copiis,
937 1763 1025 1790 sese
1062 1747 1214 1789 castris
1249 1747 1472 1790 tenebant.
1550 1745 1647 1789 Hac
1689 1762 1738 1791 re

236 1814 480 1865 perspecta,
519 1806 713 1855 Crassus,
748 1822 883 1863 quum
922 1822 998 1848 sua
1037 1805 1313 1849 cunctatione
1361 1815 1496 1864 atque
1538 1805 1742 1864 opinione

238 1865 478 1910 timidiores
494 1864 637 1909 hostes
656 1874 826 1910 nostros
848 1865 1007 1909 milites
1021 1865 1252 1909 alacriores
1266 1865 1320 1909 ad
1340 1863 1623 1924 pugnandum
1639 1865 1742 1909 effe·

1071 1996 1244 2028 Instituta.
1291 1995 1345 2027 Sic
1367 1995 1468 2026 codd.
1484 1994 1545 2027 alii
1562 1998 1739 2028 instructa.

244 2038 330 2072 toria
355 2039 542 2077 Gallorum,
568 2050 602 2080 p.
620 2041 662 2071 20
683 2039 867 2078 existimat,
894 2040 956 2071 hos
1027 2040 1068 2072 V.
1087 2041 1156 2071 lnd.
1173 2047 1207 2071 e:
1225 2044 1255 2079 4,
1276 2042 1324 2072 Η.
1344 2040 1424 2071 item
1443 2044 1474 2077 9,
1491 2042 1543 2071 30.

243 2083 347 2114 fuisse
377 2082 456 2115 illos
485 2082 671 2122 Convenas,
704 2095 730 2114 s.
759 2083 851 2114 illam
883 2085 955 2115 col·
1071 2086 1241 2120 Pnnjnreix.
1289 2086 1335 2116 lta
1362 2083 1524 2122 Scaliger,
1548 2089 1584 2114 ut
1610 2083 1739 2116 videtur

243 2127 370 2160 luviem
386 2126 574 2166 hominum,
598 2127 658 2170 qui
683 2127 716 2159 in
735 2128 826 2160 bollo
845 2128 956 2160 Serto·
1023 2139 1042 2159 e
1068 2129 1209 2167 codice;
1242 2128 1302 2161 alii
1330 2131 1483 2161 collectis.
1533 2128 1645 2170 Vulgo
1669 2134 1743 2161 erat

242 2172 337 2204 riano
361 2182 403 2203 ex
426 2172 597 2204 montibus
622 2172 791 2213 I'yrenaeis
815 2172 954 2210 detecti,
1023 2174 1214 2204 conlocatis.

243 2216 275 2250 in
301 2215 463 2248 finitimas
493 2215 685 2259 Aquitaniae
718 2222 828 2257 partes
857 2227 955 2247 vene·
1071 2218 1278 2258 lnaffmw.
1328 2217 1440 2258 Vulgo
1459 2219 1608 2259 aqmt'm).

287 1995 339 2026 Ad
361 2006 416 2026 ens
440 1997 600 2026 cit-nates.
650 1993 798 2026 Ritterus
826 1994 858 2025 in
885 1994 954 2026 his·

245 2266 328 2297 rant,
367 2260 519 2303 interque
558 2260 746 2302 Aquitanos
790 2260 955 2293 vixerunt.

245 2304 356 2336 Multa
386 2304 435 2337 ibi
467 2304 596 2337 erudite
628 2305 668 2336 de
703 2304 755 2336 his
785 2304 956 2336 Convenis

244 2348 469 2390 disputantur.
494 2350 544 2381 M.

292 2393 427 2434 Mayna
456 2404 534 2425 cum
560 2399 648 2425 auct.
687 2403 766 2424 cum
792 2392 957 2434 opinione

245 2436 383 2478 majoris
419 2437 598 2480 dignitatis
634 2444 876 2479 auctarumque
908 2437 957 2469 vi·

246 2480 347 2513 rium.
373 2481 415 2513 M

294 2526 449 2557 Sertorio.
494 2524 561 2557 Hic
591 2525 624 2558 in
649 2525 818 2567 Hispania
843 2525 958 2558 turbas

246 2568 384 2601 dederat
400 2568 487 2601 Flor.
503 2571 535 2607 3,
550 2573 604 2601 22.
629 2571 771 2611 Eutrop.
791 2572 822 2608 6,
838 2571 867 2599 1.
884 2570 934 2602 M.

297 2614 447 2645 consuet.
460 2614 542 2654 Pop.
557 2614 656 2647 Rom.
679 2614 759 2646 Scil.
773 2625 793 2646 a
809 2612 957 2645 Sertorio

246 2655 442 2689 didicerant.
467 2657 517 2688 M.

295 2701 384 2733 Loca
399 2700 537 2738 (castris
553 2699 688 2740 idonea)
702 2713 832 2744 capere.
857 2702 908 2733 ΞΠ.

293 2746 488 2777 Inctituunt.
516 2745 603 2776 bene
631 2746 693 2777 sic.
717 2757 749 2777 v.
775 2746 959 2778 Burmann.

246 2790 289 2822 ad
307 2789 451 2828 Quintil.
473 2791 500 2828 1,
517 2793 548 2820 5.
571 2790 616 2822 al.
631 2792 797 2822 insistunt.

294 2835 423 2871 Facile,
441 2833 463 2864 i.
475 2845 506 2865 e.
522 2838 605 2865 tuto.
629 2833 686 2866 Gr.
703 2834 858 2875 ἀσφαλῶς.

295 2880 490 2910 Cmm'hum.
550 2877 604 2910 Sic
643 2879 719 2911 edd.
757 2883 824 2912 vet.
860 2879 959 2912 bene.

253 2921 366 2968 Vulgo
381 2924 569 2956 concilium.

1072 2261 1251 2302 luftu-iares
1288 2264 1417 2293 animo.
1456 2261 1561 2304 proba
1598 2260 1740 2294 locutio.

1023 2304 1081 2337 alii
1098 2305 1265 2346 inferiore,
1290 2306 1370 2337 item
1387 2308 1584 2346 infirmiore.

1072 2351 1108 2380 H
1113 2355 1191 2381 ostes
1201 2356 1294 2382 erant
1307 2350 1500 2389 timidiores,
1513 2349 1592 2391 quia
1603 2356 1740 2382 cuncta-

1025 2393 1156 2427 bantur.
1183 2400 1216 2425 et
1242 2394 1442 2435 opinionem
1467 2394 1595 2426 timoris
1611 2393 1740 2425 excita·

1025 2437 1104 2469 bant
1122 2439 1212 2479 apud
1232 2440 1419 2470 Romanos.
1465 2439 1556 2480 Ergo
1581 2441 1737 2479 opinione

1023 2492 1086 2513 sua
1111 2488 1174 2521 est,
1196 2486 1349 2525 opinione
1373 2483 1414 2514 de
1429 2493 1462 2514 se
1479 2487 1636 2514 arcuata.
1682 2480 1738 2513 Sic

1025 2525 1193 2558 intellexit
1216 2527 1322 2559 etiam
1348 2532 1467 2562 aucmr
1490 2525 1654 2566 metaphr.
1680 2525 1737 2557 Gr.

1024 2570 1042 2612 {i
1057 2571 1140 2611 φόβον
1158 2573 1301 2615 παρεῖχον
1322 2569 1385 2614 ’δέξῃ
1408 2570 1472 2604 τοὺς
1491 2569 1649 2609 Ῥωμαίους
1669 2581 1741 2613 rgo-

1025 2615 1200 2659 -θνμῃτὲξους
1219 2616 1450 2659 ἀπειργάσαντο.
1476 2615 1526 2646 M.

1071 2659 1273 2699 [affici-§seim
1320 2660 1368 2690 Ita
1392 2659 1507 2700 plures
1530 2657 1628 2689 codd.
1647 2658 1738 2700 apud

1025 2702 1304 2745 Oudendorpium
1353 2702 1537 2743 vulgatum
1586 2702 1740 2742 effic-isset

1023 2754 1138 2789 aperte
1158 2748 1317 2779 vitiosum
1334 2752 1396 2785 est,
1421 2745 1627 2788 omninoque
1644 2746 1740 2779 locus

1029 2798 1078 2823 est
1096 2792 1128 2822 in
1145 2792 1244 2823 codd.
1261 2797 1295 2822 et
1309 2791 1386 2822 edd.
1405 2790 1562 2829 variatus,
1579 2790 1659 2834 quia
1674 2801 1742 2823 non

1028 2836 1190 2874 viderant,
1214 2835 1297 2878 quid
1322 2840 1410 2867 esset
1432 2837 1584 2876 opinione
1603 2846 1681 2874 ειια,
1707 2841 1743 2868 et

1027 2882 1134 2912 hostes
1143 2880 1326 2915 timaliores
1337 2889 1410 2910 esse
1416 2878 1681 2912 nominativum.
1690 2881 1743 2914 M.

1028 2924 1173 2967 Legerat
1183 2922 1325 2957 Ursinus
1339 2923 1372 2956 in
1384 2923 1463 2960 cod.
1474 2929 1544 2957 vet.
1556 2935 1664 2969 quum
1675 2934 1742 2959 sua
