1946 3261
634 225 753 271 LIB.
816 228 954 272 CAP.
987 229 1061 278 33,
1092 222 1165 272 34.
1574 226 1658 271 495

183 353 474 414 pollicentur:
509 362 538 381 “
563 362 737 399 tantum
758 372 881 400 orare
913 365 956 399 et
985 365 1134 414 petere
1166 357 1223 400 ab
1262 371 1329 405 eo,
1351 361 1402 398 ut
1432 354 1513 399 sibi
1548 371 1658 414 prae-

185 422 213 440 ‘⁶
236 414 390 457 sidium
420 414 560 466 daret,
594 432 683 474 quo
720 418 858 460 tutius
892 415 936 458 id
968 423 1011 457 et
1047 416 1135 458 sine
1172 415 1364 474 periculo
1397 415 1539 458 facere
1560 432 1656 474 pos-

183 481 214 501 “
237 482 330 516 sent
349 489 357 514 :
391 491 434 516 se
455 483 498 516 et
519 474 802 525 frumentum,
837 482 881 516 et
914 490 1198 532 quaecumque
1221 492 1287 518 res
1308 475 1367 516 eis
1387 475 1657 533 subpeteret,

181 540 211 560 ‘⁶
235 532 470 576 communis
502 533 650 576 salutis
670 534 812 592 gratia
833 533 1280 576 subministraturos.”
1337 533 1505 582 Quibus
1527 534 1661 578 rebus·

176 592 302 635 facile
331 608 357 633 a
387 593 554 634 Caesare
586 592 828 650 inpetratis,
866 592 1153 651 praesidioque
1185 593 1304 642 dato,
1341 593 1393 635 C.
1432 593 1656 645 Messium,

182 651 380 694 AEdilitia
407 650 603 692 functum
626 660 859 709 potestate,
884 651 1099 693 Achillam
1117 650 1244 708 jubet
1265 651 1489 709 proficisci.
1554 654 1660 703 Qui-

179 710 261 753 bus
282 709 412 751 rebus
442 709 641 767 cognitis,
682 710 912 753 Considius
951 711 1144 768 Longus,
1182 710 1258 767 qui
1296 710 1525 753 Adrumeti
1562 728 1661 755 cum

178 768 348 811 duabus
370 767 614 826 legionibus
630 777 673 811 et
692 770 910 827 equitibus
927 769 1208 828 septingentis
1226 778 1428 828 praeerat,
1446 770 1660 820 celeriter,

177 827 237 869 ibi
260 835 386 885 parte
408 827 590 885 praesidii
612 828 781 878 relicta,
819 845 917 871 cum
946 837 1044 870 octo
1078 828 1327 871 cohortibus
1361 829 1416 871 ad
1445 828 1659 872 Achillam

178 886 242 928 ire
283 886 520 928 contendit.
605 887 804 937 Messius,
852 887 1034 930 celerius
1074 888 1229 930 itinere
1281 887 1492 937 confecto,
1543 888 1663 946 prior

181 944 396 987 Achillam
418 961 515 987 cum
536 945 786 989 cohortibus
809 947 1022 1005 pervenit.
1075 947 1301 990 Considius
1318 947 1507 997 interim,
1525 963 1663 1004 quum

179 1004 234 1046 ad
267 1004 422 1046 urbem
455 1021 553 1047 cum
591 1006 724 1062 copiis
758 1006 998 1048 accessisset
1031 1015 1075 1048 et
1106 1006 1492 1057 animadvertisset,
1518 1007 1662 1064 praesi-

178 1062 299 1105 dium
323 1063 501 1105 Caesaris
523 1064 583 1106 ibi
613 1080 715 1114 esse,
738 1081 822 1108 non
856 1081 981 1107 ausus
1013 1065 1254 1124 periculum
1291 1081 1468 1107 suorum
1505 1066 1662 1115 facere,

178 1122 299 1164 nulla
320 1138 367 1163 re
391 1130 511 1179 gesta
536 1139 616 1180 pro
634 1124 915 1166 multitudine
937 1123 1173 1174 hominum,
1194 1140 1344 1167 rursus
1369 1123 1663 1167 Adrumetum

179 1193 222 1223 se·
244 1181 400 1239 recipit
423 1196 431 1221 :
467 1181 639 1232 deinde,
675 1184 819 1241 paucis
842 1191 939 1241 post
971 1183 1126 1225 diebus
1147 1184 1420 1241 equestribus
1442 1184 1575 1243 copiis
1606 1184 1664 1226 ab

180 1239 370 1283 Labieno
392 1240 608 1291 adductis,
632 1257 779 1284 rursus
794 1242 1096 1293 Achillitanos,
1118 1243 1267 1285 castris
1285 1243 1448 1301 positis,
1467 1243 1665 1287 obsidere

180 1299 330 1357 coepit.

240 1358 310 1400 34.
348 1358 432 1400 Per
464 1357 509 1400 id
545 1365 714 1417 tempus
754 1360 805 1402 C.
849 1359 1078 1403 Sallustius
1119 1361 1315 1419 Crispus,
1350 1378 1479 1419 quem
1517 1361 1666 1420 paucis

178 1425 278 1460 ante
314 1416 468 1460 diebus
503 1417 679 1460 missum
711 1434 735 1460 a
771 1419 940 1461 Caesare
977 1435 1074 1461 cum
1109 1420 1239 1462 classe
1261 1421 1664 1470 demonstravimus,

182 1476 411 1519 Cercinam
449 1477 661 1534 pervenit.
736 1477 872 1535 Cujus
911 1477 1103 1520 adventu
1141 1479 1191 1521 C.
1237 1480 1473 1529 Decimius,
1519 1480 1664 1530 Quaes·

179 1535 334 1585 torius,
353 1535 427 1594 qui
448 1535 508 1578 ibi
529 1552 625 1577 cum
643 1536 799 1594 grandi
823 1536 995 1579 familiae
1016 1553 1102 1580 suae
1126 1539 1325 1595 praesidio
1344 1546 1529 1590 praeerat
1550 1555 1664 1582 com-

181 1595 359 1644 meatui,
396 1594 631 1653 parvulum
667 1595 890 1653 navigium
927 1604 1077 1638 nactus
1111 1593 1360 1640 conscendit
1395 1614 1445 1640 ac
1478 1615 1520 1640 se
1551 1598 1667 1657 fugae

182 1654 465 1697 commendat.
530 1654 760 1695 Sallustius
796 1654 969 1696 interim
1008 1655 1192 1704 Praetor,
1233 1672 1258 1697 a
1293 1656 1580 1700 Cercinitanis
1601 1674 1667 1701 re-

183 1721 352 1771 ceptus,
386 1727 541 1770 magno
574 1728 754 1754 numero
783 1714 1002 1756 frumento
1039 1714 1232 1764 invento,
1270 1731 1398 1758 naves
1437 1717 1670 1767 onerarias,

183 1787 370 1830 quarum
392 1772 452 1814 ibi
473 1772 573 1814 satis
595 1786 750 1829 magna
771 1772 894 1830 copia
930 1772 1028 1823 fuit,
1063 1774 1253 1832 complet
1289 1783 1422 1832 atque
1452 1775 1496 1818 in
1526 1784 1668 1819 castra

181 1830 238 1874 ad
264 1833 475 1874 Caesarem
506 1830 655 1873 mittit.
720 1830 917 1874 Allienus
939 1831 1113 1874 interim
1146 1833 1382 1876 Proconsul
1416 1850 1439 1876 e
1473 1834 1668 1894 Lilybaeo

184 1890 228 1933 in
261 1905 391 1932 naves
426 1891 642 1932 onerarias
678 1889 846 1949 inponit
878 1891 1066 1949 legiones
1100 1891 1214 1934 XIII
1237 1901 1279 1935 et
1301 1892 1411 1935 XIV
1433 1901 1478 1936 et
1499 1894 1669 1952 equites

188 1949 340 1992 Gallos
363 1949 550 1998 DCCC,
581 1949 854 1992 funditorum
877 1950 1290 2009 sagittariorumque
1312 1952 1428 2002 mile,
1450 1969 1499 1995 ac
1521 1968 1669 1996 secun-

185 2008 289 2051 dum
310 2016 596 2050 commeatum
617 2008 660 2049 in
683 2008 879 2051 Africam
901 2009 1038 2051 mittit
1059 2010 1113 2052 ad
1136 2012 1347 2053 Caesarem
1366 2026 1374 2052 :
1409 2027 1506 2068 quae
1524 2028 1670 2063 naves,

184 2075 366 2109 ventum
387 2066 624 2108 secundum
645 2075 796 2116 naetae,
812 2077 972 2125 quarto
993 2068 1062 2110 die
1083 2068 1126 2110 in
1147 2078 1324 2126 portum
1341 2069 1396 2112 ad
1411 2071 1669 2129 Ruspinam,

185 2125 260 2168 ubi
301 2126 444 2168 Caesar
487 2133 626 2167 castra
672 2125 901 2177 habuerat,
953 2127 1186 2170 incolumes
1224 2139 1533 2187 pervenerunt.
1598 2130 1668 2174 Ita

189 2185 349 2235 Caesar,
372 2183 538 2242 duplici
559 2183 713 2227 laetitia
733 2201 783 2227 ac
805 2186 1035 2244 voluptate
1058 2203 1144 2230 uno
1164 2195 1362 2247 tempore
1383 2198 1554 2240 auctus,
1577 2190 1669 2233 fru-

235 2316 414 2347 Achillam.
460 2314 529 2346 Alii
545 2315 591 2347 ad
604 2315 783 2354 Achillam,
801 2320 836 2347 ut
852 2315 893 2348 G.
963 2317 1043 2348 cius.
1092 2316 1180 2348 Dein
1216 2323 1292 2359 post
1312 2319 1515 2353 Ome-storius
1543 2318 1669 2350 addunt

189 2360 219 2398 l,
238 2361 269 2398 6,
281 2360 327 2391 ad
347 2361 527 2391 Generum.
960 2360 1099 2402 quidam
1117 2364 1179 2393 tir.
1205 2362 1282 2393 Non
1299 2374 1399 2404 opus·

235 2403 421 2435 Considius.
448 2403 500 2434 Cf.
515 2414 547 2435 c.
567 2404 597 2434 3.
622 2404 672 2435 M.
1009 2406 1166 2438 Familiae
1178 2417 1258 2439 sace.
1282 2417 1394 2438 servos
1412 2416 1490 2438 suos
1506 2405 1666 2437 militiam

234 2448 429 2479 Periculum
440 2458 578 2480 morum
586 2447 714 2488 facere.
740 2447 898 2489 Vulgata,
964 2449 1074 2481 facere
1088 2450 1241 2491 jusserat,
1270 2457 1306 2482 ut
1327 2452 1410 2482 Cato
1427 2461 1598 2482 servorum
1614 2450 1668 2481 di-

186 2492 336 2533 periculo
360 2502 417 2523 suo
439 2502 513 2523 rem
530 2492 659 2531 facere,
676 2492 751 2524 ferri
768 2493 896 2533 nequit.
963 2493 1087 2524 lectum
1103 2494 1223 2526 habuit
1236 2506 1313 2537 cap.
1325 2498 1379 2535 36,
1392 2500 1424 2526 et
1435 2504 1668 2536 saepenumero

192 2536 243 2567 M.
289 2535 490 2567 Emendavit
513 2535 602 2567 Oud.
626 2547 644 2567 e
660 2537 760 2568 codd.
796 2536 846 2568 Cf.
865 2547 896 2568 c.
965 2537 1019 2569 his
1033 2539 1246 2580 temporibus
1260 2540 1387 2571 factum
1403 2544 1464 2570 est.
1493 2539 1544 2569 M.

191 2581 246 2611 79.
1013 2583 1244 2615 Cercinitanis.
1271 2584 1326 2616 Sic
1350 2585 1426 2616 cod.
1454 2584 1569 2614 Petav.
1589 2592 1670 2614 nam

238 2625 471 2656 Achillitanos.
506 2623 559 2655 Sic
577 2624 676 2656 codd.
693 2629 725 2656 et
739 2625 816 2656 edd.
831 2631 899 2656 vet.
968 2625 1114 2658 Cercina
1143 2627 1255 2660 minor
1283 2629 1374 2660 dicta
1409 2628 1588 2659 Cercinitis.
1625 2627 1669 2658 V.

192 2667 307 2699 Plinio
325 2669 494 2699 Acolmmi
510 2667 658 2700 dicendi.
689 2670 789 2709 Apud
805 2669 900 2700 Grut.
968 2670 1058 2701 Plin.
1075 2676 1106 2709 5,
1125 2673 1154 2702 7.
1174 2672 1288 2713 Vulgc‘
1302 2672 1542 2704 Cei-clozatibzts.

194 2723 227 2753 p.
247 2714 322 2743 512.
350 2717 528 2743 occurrunt
551 2713 767 2754 Aquillicam',
790 2713 900 2745 forsan
1013 2716 1166 2747 Allienus
1177 2717 1371 2748 Proconsul.
1390 2717 1452 2747 Sed
1467 2726 1497 2746 c.
1511 2719 1542 2746 9.
1560 2714 1672 2747 dictus

195 2755 299 2788 iidem
316 2767 395 2787 cum
412 2756 543 2787 nostris.
969 2763 1020 2789 est
1038 2760 1176 2790 Praetor.
1202 2760 1291 2801 Ergo
1307 2771 1349 2791 ex
1365 2759 1572 2801 compendio
1587 2759 1672 2791 scri-

239 2802 562 2833 Demonstrarimus.
618 2799 719 2831 Conf.
753 2810 829 2842 cap.
868 2802 900 2833 8.
969 2801 1071 2834 bendi
1089 2804 1163 2834 PR.
1179 2804 1314 2836 videtur
1330 2815 1388 2845 per
1403 2814 1547 2835 errorem
1562 2807 1672 2835 ortum

195 2845 246 2876 M.
969 2857 1041 2878 esse
1056 2847 1196 2878 verbum
1210 2850 1400 2881 Proconsul.
1417 2849 1468 2880 M.

238 2891 278 2922 C.
295 2891 478 2923 Decimius.
517 2887 588 2922 Alii
617 2889 814 2928 Decumz‘us,
829 2890 900 2922 De·
944 2902 948 2905 ·
1015 2892 1207 2925 Seczn-dum
1225 2897 1457 2926 commeatum.
1482 2891 1534 2925 Cf.
1549 2902 1625 2935 cap.
1642 2894 1675 2925 8.
