1946 3261
21 3143 32 3194 {—

631 241 749 286 LIB.
784 239 869 286 III.
934 241 1072 287 CAP.
1105 243 1294 287 38-40.
1611 246 1693 291 371

205 374 304 425 post
337 367 549 427 oppidum
582 369 758 413 reduxit
793 380 838 414 et
868 370 925 413 ad
959 378 1121 414 terram
1149 371 1376 429 deligavit,
1407 371 1696 433 faucibusque

203 436 357 484 portus
379 444 530 471 navem
553 431 796 473 onerariam
830 432 1095 474 submersam
1117 430 1278 488 objecit
1310 439 1354 473 et
1382 428 1484 475 huic
1512 433 1696 478 alteram

204 487 442 544 conjunxit,
479 505 610 546 super
644 505 730 546 qua
764 490 923 532 turrim
957 490 1157 533 effectam
1189 488 1246 531 ad
1283 489 1425 548 ipsum
1464 491 1694 538 introitum

200 555 356 603 portus
378 548 584 605 obposuit
605 555 649 589 et
671 549 885 592 militibus
901 548 1137 608 complevit
1156 548 1449 607 tuendamque
1471 551 1528 594 ad
1550 568 1694 597 omnes

199 606 448 663 repentinos
465 623 583 649 casus
605 607 854 650 transdidit.

256 664 327 706 40.
364 665 536 714 Quibus
555 665 741 723 cognitis
763 668 911 717 rebus,
939 668 1020 710 Cn.
1048 666 1280 725 Pompeius
1301 665 1430 719 filius,
1472 668 1548 726 qui
1570 670 1693 714 classi

204 722 428 782 AEgyptiae
461 733 668 782 praeerat,
712 725 767 767 ad
802 726 984 769 Oricum
1003 725 1126 768 venit
1152 726 1507 785 submersamque
1536 729 1697 781 navim,

195 783 386 825 remulco
414 783 653 840 multisque
682 786 944 828 contendens
972 784 1166 836 funibus,
1185 785 1398 835 adduxit;
1432 795 1566 846 atque
1587 789 1696 831 alte-

193 857 287 884 ram
308 857 479 894 navem,
512 858 610 900 quae
632 852 728 886 erat
761 842 817 885 ad
839 843 1078 887 custodiam
1109 836 1167 886 ab
1199 844 1342 888 Acilio
1363 846 1521 905 posita,
1556 844 1694 909 pluri-

191 900 273 944 bus
294 902 519 960 adgressus
542 902 742 954 navibus,
766 903 809 945 in
832 903 993 961 quibus
1015 903 1068 946 ad
1091 899 1250 946 libram
1271 905 1435 948 fecerat
1456 915 1616 958 turres,
1641 915 1693 950 ut.

193 976 245 1003 ex
279 961 491 1020 superiori
529 978 730 1020 pugnans
764 962 876 1013 loco,
910 961 1192 1019 integrosque
1223 979 1395 1022 semper
1437 963 1575 1008 defati
1609 966 1692 1009 atis

189 1019 467 1072 submittens,
497 1029 541 1064 et
562 1021 742 1079 reliquis
761 1022 960 1080 partibus
984 1019 1112 1063 simul
1135 1036 1188 1062 ex
1209 1029 1327 1063 terra
1350 1022 1471 1067 scalis
1493 1033 1538 1067 et
1561 1041 1583 1067 c
1603 1039 1692 1069 asse

189 1079 346 1122 moenia
378 1080 529 1140 oppidi
561 1089 748 1130 tentans,
784 1081 849 1124 uti
881 1079 1233 1123 adversariorum
1267 1096 1418 1125 manus
1445 1082 1689 1136 diduceret,

187 1137 337 1182 labore
378 1149 423 1184 et
460 1139 746 1183 multitudine
789 1140 980 1183 telorum
1022 1148 1191 1182 nostros
1234 1139 1363 1182 vicit:
1418 1140 1690 1201 defectisque

186 1197 504 1249 defensoribus,
537 1200 616 1257 qui
637 1200 781 1243 omnes
810 1199 980 1259 scaphis
1001 1198 1172 1258 excepti
1195 1199 1468 1259 refugerant,
1502 1217 1595 1244 eam
1619 1218 1692 1245 na-

185 1272 283 1300 vem
300 1261 599 1317 expugnavit;
630 1259 871 1317 eodemque
903 1268 1103 1319 tempore
1125 1276 1178 1302 ex
1210 1258 1349 1302 altera
1380 1269 1507 1318 parte
1528 1261 1688 1305 molem

185 1317 324 1360 tenuit
356 1318 600 1361 naturalem
633 1319 865 1377 objectam,
899 1335 996 1377 quae
1031 1334 1154 1377 paene
1184 1318 1368 1363 insulam
1390 1330 1541 1363 contra
1564 1321 1689 1380 oppi-

185 1375 291 1418 dum
324 1378 544 1429 effecerat,
577 1394 665 1435 qua
697 1387 890 1436 quatuor
922 1378 1124 1429 biremes,
1156 1377 1364 1438 subjectis
1391 1380 1590 1432 scutulis,
1624 1381 1686 1424 in-

185 1436 333 1494 pulsas
370 1437 569 1480 vectibus
612 1438 654 1480 in
691 1437 947 1481 interiorem
982 1446 1153 1496 partem
1192 1437 1452 1482 transduxit.
1524 1434 1594 1482 Ita
1631 1451 1685 1483 ex

186 1504 376 1555 utraque
398 1505 527 1556 parte
549 1513 676 1540 naves
699 1497 852 1556 longas
869 1497 1115 1556 adgressus,
1137 1513 1235 1555 quae
1255 1506 1380 1540 erant
1407 1496 1610 1557 deligatae
1629 1498 1689 1543 ad

968 1599 1034 1632 hoc
1067 1605 1187 1642 sponte
1214 1599 1424 1642 intelligitur,
1452 1602 1599 1634 artifices
1630 1603 1679 1635 sic

968 1644 1126 1677 struxisse
1139 1650 1246 1676 turres
1259 1645 1270 1676 ?
1288 1645 1418 1677 Rursus
1431 1646 1682 1685 Hotomannusg.

967 1689 1133 1730 intelligit
1162 1695 1272 1721 turres
1303 1690 1453 1730 ejusdem
1482 1691 1682 1731 altitudinis,

190 1598 373 1641 telligenda
413 1603 476 1640 est,
521 1600 577 1632 cui
617 1601 746 1639 fauces,
789 1600 902 1634 aditus

193 1649 322 1684 portus,
353 1644 584 1686 obponuntur.
616 1645 667 1677 M.
710 1645 839 1677 Probat
866 1650 902 1678 et

190 1688 359 1720 Jurinius.

235 1733 288 1764 Ad
317 1734 455 1765 Ore'cum
479 1736 579 1766 venit.
605 1732 627 1764 i.
652 1744 683 1764 c.
710 1735 751 1765 ad
784 1734 897 1766 littora

187 1787 298 1819 prope
329 1777 484 1809 Oricum.
524 1777 619 1809 Male
650 1788 731 1818 ergo
764 1788 898 1820 pra-po-

185 1820 347 1853 sitionem
361 1823 465 1854 deleri
484 1822 582 1865 jubet
598 1821 765 1853 Ciaccon.
797 1822 848 1854 Cf.
865 1823 898 1854 et

183 1868 388 1948 exigit-cxi&
433 1911 476 1942 ad
514 1920 549 1940 se
587 1909 745 1941 adtraxit.
808 1908 895 1940 Oud.

183 1952 309 1996 Vulgo,
335 1954 473 1987 abdas-it
488 1971 543 1984 —.
565 1954 651 1984 Rem
677 1951 797 1994 paucis
821 1963 895 1984 nar-

180 1998 267 2030 ravit
285 1999 351 2030 Dio
362 1999 456 2029 Cass.
471 1999 526 2036 4¹2,
544 2000 593 2035 12,
606 1998 664 2028 sed
679 1996 895 2028 Caesarianus

179 2042 277 2074 locus
292 2042 380 2074 nihil
391 2042 479 2074 lucis
491 2042 568 2072 inde
580 2041 684 2082 capit.
709 2041 759 2072 M.

227 2087 279 2119 Ad
294 2087 417 2119 libram
437 2087 563 2127 fecerat
579 2091 701 2118 turres.
726 2084 895 2117 Dicuntur

179 2137 285 2163 turres
314 2132 354 2162 ad
391 2130 517 2162 libram
548 2129 659 2168 sactae,
687 2128 769 2171 quia
802 2129 893 2161 binae

180 2181 273 2208 erant
299 2175 333 2206 in
360 2174 451 2214 navi,
469 2175 523 2206 vel
540 2173 573 2205 in
593 2183 693 2216 prora
709 2178 742 2204 et
768 2173 893 2214 puppi,

177 2220 237 2252 vel
254 2220 296 2252 ad
312 2226 492 2261 utrumque
508 2220 611 2258 latus,
627 2223 663 2250 ut
679 2218 787 2249 altera
808 2218 894 2249 alte-

179 2264 248 2296 rius
271 2268 420 2306 aequaret
447 2264 592 2307 pondus,
618 2273 660 2294 ne
676 2261 776 2294 turris
792 2260 891 2293 incli-

176 2314 288 2340 naret.
330 2310 381 2341 De
410 2308 465 2340 his
481 2308 629 2340 turribus
655 2305 818 2340 Scheffer.
848 2307 890 2338 de

177 2354 254 2385 mil.
271 2362 348 2385 nav.
366 2357 398 2392 2,
415 2358 446 2385 5.
487 2355 612 2385 θρίων.
657 2352 736 2383 Jam
753 2350 815 2382 etsi
831 2361 890 2381 ve-

177 2408 254 2429 rum
269 2402 320 2429 est
345 2397 386 2428 de
411 2398 542 2429 duabus
556 2397 658 2429 unius
672 2395 768 2428 navis
791 2394 889 2426 turri-

177 2442 262 2474 bus:
287 2447 400 2473 tamen
422 2441 544 2483 frigere
559 2442 695 2474 videtur
710 2441 775 2472 hoc
792 2438 890 2471 addi-

173 2491 377 2524 tamentum,
391 2487 585 2518 adl-ibram:
612 2486 700 2523 Quis
711 2484 805 2516 enim
821 2493 887 2515 non

175 2536 298 2572 sponte
327 2530 495 2571 intelligat
520 2531 602 2567 hoc,
626 2529 773 2561 artifices
789 2538 888 2569 spec-

175 2580 263 2606 tasse
278 2574 532 2617 aequilibrium?
563 2572 665 2606 Estne
682 2583 834 2611 necesse,
850 2576 887 2603 ut

174 2618 242 2650 hoc
260 2620 459 2651 moneatur?
493 2619 580 2650 Nam
596 2618 674 2650 ideo
691 2628 758 2650 non
775 2616 886 2648 solitae

176 2669 251 2694 sunt
267 2664 345 2696 ‹luae
373 2670 478 2695 turres
506 2663 600 2701 strui,
628 2668 663 2694 ut
686 2662 734 2693 sic
752 2661 885 2702 aequili-

175 2707 289 2740 brium
302 2713 506 2741 servaretur:
522 2707 686 2749 quoniam
701 2706 884 2742 interdum,

173 2757 211 2782 ut
238 2754 340 2794 paulo
371 2759 462 2791 ante,
489 2751 584 2783 navis
614 2762 722 2783 unam
752 2755 882 2780 tantum

175 2797 291 2828 turrim
326 2797 459 2835 habuit,
497 2796 567 2828 sine
599 2795 750 2837 periculo
782 2793 882 2825 incli-

175 2841 293 2873 nandi.
338 2842 526 2874 Audiamus
545 2851 624 2882 ergo
640 2846 673 2872 et
683 2839 783 2872 alios.
831 2839 880 2869 Ac

174 2884 399 2919 Rhellicanus
409 2886 562 2929 quidem,
573 2895 724 2926 quocum
738 2882 882 2915 Vossius

171 2927 302 2960 videtur
328 2931 453 2970 facere,
479 2929 528 2962 sic
555 2928 880 2972 interpretaturz·ad

167 2974 443 3015 perpendiculum
462 2975 574 3017 factae.
620 2974 685 3008 Sed
711 2983 824 3008 nonne
846 2977 881 3004 et

965 1734 1063 1775 quasi
1084 1733 1171 1764 libra
1200 1732 1371 1765 dimensas
1397 1739 1430 1764 et.
1455 1735 1678 1774 examinatas,

964 1776 1082 1818 qualia
1100 1782 1177 1807 sunt
1191 1786 1333 1817 corpora
1349 1777 1431 1813 duo,
1451 1775 1591 1816 σταφύλῇ
1605 1775 1680 1815 Kitron,

964 1821 1055 1862 apud
1074 1820 1213 1850 Homer.
1239 1819 1337 1851 lliad.
1355 1824 1387 1857 2,
1406 1822 1482 1859 765,
1506 1821 1539 1852 11.
1557 1831 1588 1853 e.
1605 1832 1682 1854 cor-

965 1875 1049 1906 pora
1064 1865 1132 1895 duo
1151 1863 1242 1905 paris
1256 1864 1462 1896 altitudinis,
1508 1867 1558 1897 Ac
1577 1867 1680 1899 Pole-

965 1918 1029 1939 nus
1060 1909 1103 1940 ad
1135 1909 1246 1939 From.
1278 1909 1319 1939 de
1343 1909 1535 1950 aquaeduct.
1560 1921 1594 1952 p.
1622 1913 1676 1945 61.

964 1953 1066 1984 docte
1083 1952 1241 1991 ostendit,
1267 1952 1312 1983 ad
1326 1952 1554 1994 libramfacta
1569 1953 1678 1996 signi-

963 1998 1066 2028 ficare
1093 2007 1146 2035 ca,
1177 2007 1255 2039 quw
1278 1997 1343 2027 sint
1375 1997 1526 2038 ejusdem
1556 1999 1676 2030 altitu-

964 2041 1066 2072 dinis.
1123 2040 1192 2078 Qui
1223 2040 1250 2071 si
1290 2046 1340 2071 est
1375 2052 1456 2072 usus
1495 2043 1671 2084 loquendi,

963 2085 1098 2117 videtur
1114 2092 1146 2116 et
1162 2085 1195 2115 in
1212 2085 1278 2115 hoc
1296 2084 1440 2117 Caesaris
1456 2086 1534 2118 loco
1556 2093 1675 2119 tenen-

962 2130 1037 2161 dus.
1076 2130 1140 2161 Sed
1170 2129 1317 2161 libenter
1331 2129 1418 2161 alios
1441 2130 1593 2163 audiam.
1616 2132 1668 2163 M.

963 2174 1014 2205 De
1037 2174 1188 2205 turribus
1202 2173 1340 2205 navium
1357 2175 1427 2206 vid.
1454 2173 1528 2206 Liv.
1547 2178 1601 2215 24,
1617 2179 1672 2208 3⁴.

961 2217 1044 2250 Tac.
1071 2220 1110 2249 A.
1134 2221 1183 2249 15.
1224 2218 1372 2259 Appian.
1398 2217 1520 2250 Mithr.
1551 2230 1585 2251 c.
1618 2221 1670 2254 73.

959 2263 1063 2294 Dion.
1083 2265 1136 2300 50,
1156 2264 1206 2293 18.
1224 2269 1257 2293 et
1273 2269 1424 2294 nostrum
1439 2261 1480 2295 G.
1499 2268 1530 2303 3,
1550 2267 1601 2296 14.

1010 2309 1050 2339 Ut
1066 2316 1119 2338 ew.
1143 2306 1166 2338 i.
1180 2316 1210 2338 e.
1236 2311 1354 2349 utpote
1369 2318 1423 2339 ex.

1009 2352 1062 2383 Eae
1083 2353 1246 2393 superiori
1266 2352 1347 2391 lom,
1370 2363 1390 2384 e
1415 2351 1487 2384 suis
1501 2352 1666 2386 turribus.

1001 2440 1180 2482 Ριιῃηαης.
1204 2442 1269 2479 An,
1282 2442 1476 2483 puynaret?
1500 2443 1551 2474 M.

1003 2485 1144 2526 Defectis
1156 2485 1314 2517 codices:
1339 2486 1471 2526 dejectis
1482 2487 1559 2517 edd.
1572 2486 1665 2528 vulg.

955 2529 1007 2560 M.
1055 2530 1196 2570 Defectis
1221 2529 1335 2561 animo
1360 2535 1393 2560 et
1423 2530 1565 2562 viribus.
1610 2531 1665 2562 Cf.

954 2572 1085 2605 Gudius
1100 2576 1143 2604 ad
1160 2573 1292 2606 Phaedri
1308 2573 1377 2605 fab.
1400 2576 1428 2612 1,
1444 2577 1499 2606 21.

1001 2619 1092 2649 Eam
1106 2628 1238 2651 nat-em.
1265 2618 1319 2649 Sic
1336 2618 1427 2649 Oud.
1443 2628 1521 2650 cum
1534 2617 1663 2650 Fatirno

951 2665 984 2693 et
1014 2662 1140 2694 Ursino
1171 2674 1214 2694 ex
1242 2663 1342 2694 codd.
1391 2663 1520 2704 probis.
1556 2663 1661 2705 vulgo

951 2708 1064 2738 etiam.

998 2750 1133 2789 Molem,
1149 2751 1411 2792 prominentiam
1430 2750 1463 2782 iu
1480 2751 1660 2793 superficie

951 2799 1126 2836 aquarum.
1152 2797 1203 2826 M.

997 2841 1150 2874 Quattuor
1161 2841 1310 2871 biremes.
1335 2840 1418 2881 Leg.
1431 2850 1450 2871 e
1459 2841 1558 2871 codd.
1572 2841 1659 2873 duo-

950 2882 1016 2915 bus
1030 2884 1164 2916 monitu
1180 2884 1310 2915 Clarkii
1328 2890 1362 2916 et
1379 2885 1469 2916 Oud.
1482 2891 1553 2926 qua
1565 2887 1658 2927 qual.

947 2928 1012 2959 ἶνίν.
1029 2934 1065 2959 ut
1081 2934 1150 2970 q‘ua
1165 2928 1220 2967 sit,
1233 2939 1302 2969 qua
1315 2934 1428 2970 parte.
1450 2929 1500 2961 M.
1539 2928 1657 2967 Quum

949 2972 1050 3006 codd.
1076 2973 1143 3006 hoc
1167 2973 1332 3014 obserant,
1359 2972 1455 3004 nolui
1476 2973 1656 3016 negligere.
