1946 3261
639 236 757 283 LIB.
821 237 959 287 CAP.
990 237 1063 290 63,
1086 238 1196 283 '6242--‹-
1552 233 1637 284 515

153 377 276 407 mane
314 363 489 425 Leptim
529 364 729 409 universa
762 365 895 408 classe
929 373 1094 413 vectus,
1128 381 1254 410 naves
1283 366 1514 418 onerarias,
1543 383 1641 427 quae

154 421 326 481 longius
361 441 386 467 a
421 433 555 483 portu
586 425 630 467 in
666 425 757 467 salo
784 425 977 473 stabant,
1006 423 1196 466 incendit
1230 435 1275 469 et
1305 435 1508 485 penteres
1537 427 1644 472 duas

154 496 310 526 vacuas
316 489 393 539 36
399 483 713 532 defensoribus,
737 483 858 526 nullo
876 490 1165 540 repugnante,
1186 484 1315 540 cepit.

217 541 287 584 63.
338 543 483 585 Caesar
504 542 678 584 interim
699 542 900 584 celeriter
929 554 1008 599 per
1037 541 1213 583 nuncios
1242 542 1284 584 in
1305 545 1471 596 castris,
1504 560 1642 604 quum

158 614 294 659 opera
315 601 533 651 circuiret,
562 601 722 643 certior
756 602 912 651 factus,
947 615 1044 657 quae
1077 599 1261 642 aberant
1295 617 1320 643 a
1356 611 1491 659 portu
1527 603 1646 647 milia

157 675 359 718 passuum
390 675 480 710 sex,
514 675 628 718 equo
649 659 849 709 admisso,
872 659 1035 703 omissis
1055 659 1254 702 omnibus
1277 659 1422 711 rebus,
1445 662 1645 706 celeriter

157 719 358 777 pervenit
379 718 584 777 Leptim:
619 718 768 776 ibique
790 718 1005 769 hortatus,
1039 734 1186 761 omnes
1226 726 1276 761 ut
1309 735 1351 761 se
1384 735 1511 763 naves
1545 734 1645 764 con-

156 785 461 836 sequerentur,
492 777 683 836 primum
705 778 794 836 ipse
817 778 1083 836 navigiolum
1111 777 1346 836 parvulum
1368 779 1614 822 conscendit
1634 795 1646 830 ;

156 835 200 879 in
221 853 351 880 cursu
374 836 596 895 Aquilam,
615 836 897 880 multitudine
915 837 1186 896 navigiorum
1205 837 1492 896 perterritum
1513 847 1646 896 atque

155 895 469 954 trepidantem,
490 905 660 946 nactus,
694 896 881 939 hostium
908 897 1084 939 classem
1107 898 1227 954 sequi
1251 896 1400 956 coepit.
1463 896 1646 940 Interim

158 953 319 1006 Varus,
351 956 575 998 celeritate
599 956 780 998 Caesaris
815 955 1084 1014 audaciaque
1116 965 1277 1006 motus,
1318 973 1417 999 cum
1447 956 1648 1000 universa

156 1011 306 1066 classe,
350 1015 566 1058 conversis
597 1016 796 1066 navibus,
837 1015 1132 1058 Adrumetum
1170 1031 1318 1059 versus
1355 1015 1508 1076 fugere
1545 1030 1647 1060 con-

155 1073 313 1117 tendit.
379 1074 520 1124 Quem
560 1075 705 1117 Caesar
741 1075 784 1117 in
823 1074 997 1118 milibus
1031 1091 1232 1134 passuum
1273 1083 1467 1133 quatuor
1503 1088 1649 1118 conse-

157 1141 301 1185 cutus,
332 1143 594 1192 recuperata
628 1134 931 1191 quinqueremi
970 1150 1067 1176 cum
1103 1134 1301 1178 omnibus
1341 1134 1426 1177 suis
1461 1134 1650 1194 epibatis

156 1200 289 1250 atque
320 1192 454 1236 etiam
484 1192 670 1236 hostium
704 1193 957 1239 custodibus
992 1192 1175 1243 CXXX,
1214 1194 1257 1236 in
1278 1209 1329 1236 ea
1360 1209 1468 1237 nave
1491 1194 1648 1252 captis,

155 1250 376 1294 triremem
405 1251 594 1295 hostium
622 1252 881 1311 proximam,
917 1268 1014 1310 quae
1042 1252 1085 1294 in
1106 1251 1395 1311 repugnando
1416 1261 1512 1296 erat
1534 1268 1648 1296 com-

158 1320 344 1361 morata,
386 1320 583 1354 onustam
620 1311 837 1370 remigum
873 1312 1235 1370 epibatarumque
1272 1312 1420 1371 cepit3
1471 1311 1649 1371 reliquae

158 1383 287 1413 naves
320 1369 505 1413 hostium
538 1371 884 1430 promontorium
911 1379 1175 1428 superarunt
1196 1380 1329 1427 atque
1351 1370 1648 1415 Adrumetum

156 1428 201 1471 in
224 1429 463 1473 Cothonem
487 1446 530 1473 se
553 1430 760 1472 universae
796 1429 1090 1472 contulerunt.
1155 1429 1299 1471 Caesar
1331 1429 1482 1472 eodem
1517 1439 1651 1474 vento

159 1489 507 1546 promontorium
533 1505 737 1547 superare
761 1504 846 1532 non
877 1487 1024 1546 potuit
1056 1496 1207 1545 atque,
1241 1487 1283 1530 in
1304 1488 1396 1531 salo
1417 1488 1461 1530 in
1481 1489 1650 1533 ancoris

155 1563 206 1590 ea
227 1557 354 1591 nocte
370 1557 676 1597 commoratus,
698 1548 837 1606 prima
860 1547 955 1590 luce
977 1546 1271 1589 Adrumetum
1291 1547 1459 1590 accedit
1480 1547 1647 1607 ibique,

156 1607 343 1651 navibus
364 1608 584 1659 onerariis,
603 1623 701 1665 quae
730 1614 854 1649 erant
883 1614 1008 1648 extra
1033 1605 1293 1655 Cothonem,
1328 1605 1525 1657 incensis,
1557 1623 1647 1651 om-

156 1666 372 1725 nibusque
393 1667 571 1724 reliquis
592 1667 684 1709 aliis
706 1674 783 1708 aut
814 1664 1056 1714 subductis,
1093 1673 1172 1708 aut
1195 1665 1238 1707 in
1264 1664 1510 1708 Cothonem
1533 1683 1647 1710 com-

156 1725 308 1783 pulsis,
345 1726 585 1786 paullisper
622 1733 930 1774 commoratus,
952 1724 987 1766 si
1010 1724 1124 1768 forte
1162 1723 1327 1767 vellent
1358 1724 1491 1768 classe
1524 1725 1648 1769 dimi-

155 1799 268 1835 care,
292 1801 441 1828 rursus
461 1801 504 1827 se
525 1785 692 1843 recepit
713 1784 756 1826 in
776 1793 929 1827 castra.

216 1844 284 1886 64.
319 1843 370 1887 In
390 1860 440 1887 ea
461 1859 570 1887 nave
592 1853 746 1901 captus
768 1852 833 1885 est
860 1843 910 1885 P.
932 1842 1148 1892 Vestrius‚
1171 1842 1317 1901 Eques
1340 1844 1579 1894 Romanus,
1601 1852 1648 1888 et

160 1902 209 1945 P.
255 1903 471 1961 Ligarius,
524 1903 801 1951 Afranianus,
853 1917 983 1960 quem
1033 1902 1177 1944 Caesar
1214 1902 1257 1944 in
1302 1901 1517 1960 Hispania
1547 1919 1646 1947 cum

157 1961 335 2020 reliquis
366 1962 586 2005 dimiserat
627 1971 671 2004 et
709 1970 859 2020 postea
900 1978 942 2003 se
979 1959 1033 2003 ad
1077 1961 1333 2019 Pompeium
1369 1961 1645 2012 contulerat;

159 2020 259 2064 inde
280 2037 335 2064 ex
363 2022 521 2080 proelio
555 2021 768 2079 effugerat
790 2021 833 2062 in
857 2019 1140 2077 Africamque
1161 2020 1216 2062 ad
1242 2020 1409 2062 Varum
1431 2030 1611 2064 venerat
1631 2036 1641 2063 :

159 2095 290 2137 quem
312 2081 369 2123 ob
402 2080 646 2138 perjurium
680 2078 996 2137 perfidiamque
1031 2079 1177 2121 Caesar
1209 2079 1336 2137 jussit
1371 2079 1545 2129 necari;
1589 2080 1643 2124 P.

160 2137 337 2182 Vestrio
365 2147 529 2190 autem,
552 2139 669 2196 quod
691 2138 782 2195 ejus
802 2139 938 2181 frater
958 2139 1110 2180 Romae
1131 2137 1360 2195 pecuniam
1385 2137 1645 2196 imperatam

157 2208 464 2241 numeraverat
482 2206 526 2241 et
548 2197 668 2256 quod
696 2197 788 2255 ipse
816 2213 936 2240 suam
963 2212 1154 2239 caussam
1178 2197 1338 2239 Caesari
1360 2198 1645 2255 probaverat,

157 2273 216 2307 se,
239 2273 264 2300 a
286 2257 454 2300 Nasidii
473 2257 604 2300 classe
625 2266 818 2315 captum,
841 2273 978 2314 quum
998 2255 1054 2298 ad
1075 2271 1223 2298 necem
1238 2256 1490 2307 duceretur,
1513 2256 1643 2302 bene-

157 2315 256 2360 ficio
280 2317 388 2359 Vari
409 2333 495 2359 esse
516 2325 751 2365 servatum,
783 2325 937 2375 postea
964 2314 1217 2358 facultatem
1253 2315 1335 2358 sibi
1374 2316 1539 2360 nullam
1570 2317 1644 2362 da-

156 2383 249 2419 tam
269 2375 538 2427 transeundi,
560 2374 739 2434 ignovit.

206 2503 374 2535 penteres.
421 2501 492 2534 Alii
515 2504 728 2545 pentiremeS,
755 2507 869 2543 peme-
981 2502 1165 2535 Contendit.
1193 2501 1263 2535 Alii
1279 2505 1386 2545 coepe't.

156 2556 279 2580 remes.
981 2546 1130 2588 Reliquis
1143 2547 1231 2579 aliis.
1263 2547 1459 2579 Deleverim
1471 2549 1561 2580 aliis.
1587 2548 1639 2580 M.

208 2591 387 2623 Hortatus.
429 2590 500 2622 Alii
527 2595 676 2623 moratus
688 2602 701 2629 ;
739 2591 808 2628 sed,
830 2595 868 2621 ut
981 2590 1203 2631 Afranianus,
1218 2591 1278 2632 qui
1295 2592 1358 2623 sub
1370 2592 1521 2631 Afranio,
1538 2593 1642 2624 Pom-

162 2635 296 2666 monuit
320 2635 475 2666 Oudend.
507 2634 589 2665 huic
615 2634 778 2666 celeritati
793 2635 868 2665 Cae-
937 2633 1005 2674 peii
1022 2634 1163 2676 Legato,
1189 2635 1223 2667 in
1243 2635 1412 2677 Hispania
1427 2636 1640 2671 militaverat.

160 2679 245 2710 saris
260 2688 355 2710 mora
370 2689 436 2710 non
452 2678 622 2710 convenit.
663 2680 713 2710 M.
755 2678 867 2718 Vulgo
937 2679 1116 2711 Cellam'us.

160 2729 311 2756 moratus
325 2722 357 2754 in
370 2724 470 2755 codd.
486 2728 520 2754 et
533 2723 609 2754 edd.
622 2728 689 2754 vet.
705 2723 769 2754 Sed
782 2722 867 2753 Nor·
980 2724 1177 2755 Dimiserat.
1193 2721 1292 2754 Conf.
1304 2723 1391 2755 B.C.
1409 2726 1437 2762 l,
1451 2726 1504 2764 86,
1516 2726 1571 2757 87.
1588 2724 1640 2758 M.

160 2766 230 2798 vic.
245 2768 323 2799 cod.
340 2768 504 2805 hortatur,
526 2767 614 2798 unde
635 2766 756 2798 Clarke
779 2766 866 2797 bene
933 2772 961 2799 et
974 2773 1103 2809 postea.
1118 2766 1220 2798 subdi
1237 2770 1310 2808 qui.
1671 2808 1675 2811 -

162 2811 325 2844 hortatus.
378 2812 490 2843 Jurin.
514 2811 611 2842 malit
630 2821 736 2853 ‘neque
752 2821 867 2842 mora·
979 2812 1005 2842 Α
1034 2811 1118 2844 Nas.
1141 2812 1257 2843 classe.
1299 2811 1354 2843 Sic
1381 2812 1469 2844 Oud.
1495 2824 1514 2845 e
1538 2812 1649 2848 codd:

163 2859 230 2887 tus.
254 2866 322 2888 non
351 2855 396 2888 ita
421 2856 522 2888 maie.
553 2861 622 2886 tum
649 2855 761 2886 Bentl.
789 2861 866 2895 post
931 2854 1059 2888 Ursini.
1089 2854 1203 2896 Vulgo
1218 2856 1414 2897 praepositio
1427 2858 1537 2890 deest.

161 2906 436 2942 consequerentur
465 2899 542 2932 addi
562 2899 673 2942 jubet,
695 2902 863 2942 imperat;
978 2900 1125 2932 Nasidii.
1158 2898 1211 2931 Cf.
1228 2899 1265 2932 B.
1281 2901 1323 2933 C.
1338 2903 1370 2940 2,
1387 2904 1419 2933 3.
1441 2901 1496 2934 M.

155 2946 237 2986 ipse.
253 2953 321 2977 non
333 2955 434 2986 opus.

1350 2992 1369 3020 2
1393 2990 1422 3023 L
1444 2992 1465 3023 2
