1946 3261
713 189 1135 235 LATINITATIS.

180 314 328 389 Pe3dali-9,
340 325 474 359 aequans
489 317 759 360 magnitudinem
777 318 887 360 pedis,

248 383 255 395 ‚
274 362 312 390 13

181 403 286 434 Pedes
301 409 334 435 et
344 414 466 446 passus
481 405 745 445 confunduntur,
759 406 839 448 quia
855 405 888 437 in

223 447 322 478 codd.
343 458 436 489 saepe
460 448 571 480 littera
585 461 610 490 p
631 450 831 482 indicantur.
853 459 888 480 v.

224 490 421 564 (ξιὲἰεοὶιᾶῖᾶ.
449 490 556 524 Mem.
582 493 656 524 crit.
689 505 723 535 p.
744 495 820 524 253.
845 493 889 523 ad

182 577 350 616 Pedestre,
378 584 542 617 terrestre,
563 579 603 611 C.
622 583 653 618 2,
680 582 734 610 32.
776 581 817 610 A.
834 580 889 609 26.

223 631 355 662 oppon.
375 622 545 654 maritimo

180 664 298 702 Pelles,
311 667 430 697 milites
443 666 503 696 sub
512 667 670 706 pellibus,
687 666 720 697 in
736 664 890 696 tentoriis

222 707 373 747 pellibus
384 707 476 739 enim
487 709 634 739 tentoria
646 709 847 749 integuntur,
860 711 891 746 3,

223 752 278 781 29.
299 751 361 782 sub
374 752 514 791 pellibus
536 753 698 791 hiemare,
720 751 760 783 C.
778 754 810 790 3,
831 754 868 783 13

181 794 313 832 Pensio,
336 794 391 825 Af.
406 796 448 825 90

180 837 343 876 Penteris,
374 837 527 881 πεντῆςης,
552 838 818 880 quinqueremis,
847 841 889 870 A.

222 881 278 911 47.
317 880 371 912 Af.
395 883 449 912 62.
487 888 521 913 et
544 893 574 913 c.
593 885 646 914 63.
678 882 800 914 dicitur
831 882 890 914 illa

223 922 298 961 ipsa
315 927 566 967 quinqueremis

182 967 251 999 Per
279 978 325 1006 se,
355 968 443 1009 ipse,
473 973 505 1007 5,
532 971 585 1000 33.
618 981 683 1011 per
705 971 890 1007 concilium,

223 1016 378 1052 tempore
394 1012 550 1051 concilii,
577 1015 608 1052 6,
626 1016 680 1045 21.
701 1025 763 1054 per
783 1015 890 1053 fidem

216 1055 313 1095 falli,
339 1058 367 1094 1,
384 1059 438 1088 46.
459 1067 521 1097 per
541 1067 663 1088 manu-s·
683 1058 828 1094 tradere,
849 1058 889 1087 C.

226 1100 256 1135 1,
269 1101 322 1129 68.
334 1107 397 1140 per
407 1110 531 1131 manus
542 1099 733 1140 (manibus)
743 1102 889 1139 trahere,

225 1143 256 1180 6,
276 1144 318 1173 38

182 1185 394 1228 Pei-aquare,
417 1186 457 1218 C.
480 1189 508 1225 1,
532 1189 586 1219 80.
613 1188 706 1228 quod
727 1186 812 1219 alibi
830 1193 891 1225 est,

226 1231 350 1262 hostem
360 1242 512 1272 premere

184 1274 369 1315 Percipere.
392 1273 465 1305 vid.
481 1284 561 1306 usus

180 1317 382 1353 Percliscere.
392 1317 526 1359 penitus
537 1317 711 1350 memoriae
723 1318 894 1356 mandare,

226 1362 259 1399 6,
281 1363 318 1392 lt

184 1405 374 1436 Perducere
390 1416 543 1442 murum,
563 1407 591 1443 1,
603 1408 634 1436 8.
656 1416 708 1436 res
724 1405 770 1436 αιί
786 1410 892 1437 eure-

227 1458 322 1479 mum
335 1450 499 1489 perducta
515 1459 644 1487 casum,
659 1452 690 1487 3,
705 1453 724 1479 5

186 1492 394 1523 Peremzmm
410 1493 491 1530 dies,
513 1496 545 1531 5,
561 1495 602 1523 30

184 1536 369 1575 Petjforare
384 1547 515 1574 narem,
537 1538 578 1567 A.
596 1539 637 1567 25

184 1579 404 1621 Perfrinqere
432 1583 550 1618 aciem,
583 1580 726 1617 efficere,
752 1585 788 1610 ut
812 1588 894 1610 con-

229 1623 344 1654 fertim
359 1628 483 1655 stantes
499 1623 684 1662 discedant,
711 1626 739 1661 l,
754 1627 795 1654 25

186 1667 378 1699 Periclitaress
416 1667 604 1709 (experiri),
647 1668 730 1709 quizl
770 1668 896 1708 aliquis

223 1713 339 1751 possit,
368 1712 399 1749 7,
426 1713 479 1741 36.
518 1717 552 1744 ut
577 1712 770 1753 periculum
798 1712 899 1742 hostis

220 1754 346 1794 facere,
376 1765 582 1794 cognoscere
609 1755 709 1792 velle,
737 1752 897 1794 experiri,

227 1808 329 1838 quam
344 1798 477 1829 validus
494 1798 547 1837 sit,
568 1800 595 1836 1,
608 1801 663 1830 40.
697 1796 751 1828 Cf.
769 1803 802 1828 ct
818 1801 849 1835 2,
863 1800 895 1827 8.

230 1842 272 1872 Α.
297 1844 348 1872 13.
379 1843 567 1883 periclitari
584 1843 776 1883 fortunam,
798 1841 836 1872 C.
865 1844 896 1879 3,

235 1887 284 1916 10.
309 1887 350 1916 Α.
371 1887 422 1916 16.
439 1887 480 1917 43

188 1931 319 1962 Pmcas
332 1931 483 1967 scientia,
505 1929 558 1960 Af.
577 1930 612 1960 31

188 1974 384 2005 Permittere
408 1983 441 2003 se
465 1976 503 2003 in
524 1976 714 2013 potestatem
739 1972 896 2013 alicijm,

230 2020 262 2052 2,
287 2018 319 2045 3.
339 2017 532 2057 permittere
552 2026 585 2046 se
608 2018 643 2046 in
669 2017 830 2056 aliquem,
862 2026 897 2045 se

231 2059 426 2097 immittere,
441 2057 573 2097 irruere,
590 2062 622 2096 8,
633 2061 687 2089 48.
707 2061 898 2099 permittere

230 2105 309 2140 tela,
326 2113 432 2144 usque
448 2103 490 2133 ad
506 2108 633 2134 metam
649 2101 792 2141 mittere,
805 2104 867 2140 8,9

189 2147 483 2188 Perpetzcliculum,
531 2147 576 2178 ael
619 2147 898 2188 perpemliculwm.

231 2191 398 2222 derectum
414 2193 561 2230 tigsnum,
575 2193 608 2227 4,
624 2191 674 2221 17.
694 2189 738 2220 cs.
751 2190 899 2221 derectus

190 2236 388 2275 Perper-am,
429 2233 672 2275 imprudenter,
713 2243 774 2264 suo
819 2242 897 2263 cum

232 2279 367 2316 damno,
384 2277 431 2308 H.
449 2279 484 2308 ll

190 2323 358 2364 Perpetua
381 2323 476 2359 sili-a,
502 2321 676 2359 continua,
706 2323 738 2359 6,
761 2324 792 2352 5.
820 2330 898 2361 per-

231 2370 342 2407 petuae
373 2367 542 2404 stationes,
569 2375 645 2406 quae
682 2376 716 2396 se
749 2363 896 2396 invicem

232 2408 449 2450 contingunt,
470 2409 510 2440 C.
531 2411 558 2445 1,
580 2411 635 2440 21.
656 2414 837 2451 perpetuus
862 2409 897 2439 in

234 2453 488 2493 Zonyimdinem,
511 2454 544 2491 7,
559 2455 601 2483 23

191 2497 414 2530 Per-scribitur
431 2498 574 2528 Senatus
588 2496 787 2534 consultum,
810 2495 849 2526 C.
871 2496 899 2532 l,

235 2545 266 2572 5.
296 2550 329 2571 es
355 2541 438 2572 u-ird
466 2540 800 2581 niederyesclzrieben.
846 2538 900 2570 Cf.

234 2585 368 2616 Ernest.
384 2584 436 2614 Cl.
451 2583 528 2614 Cic.

192 2629 354 2669 Persequi
379 2628 481 2666 bella,
505 2636 632 2668 gerere,
652 2625 898 2665 administrare,

235 2675 268 2711 8,
288 2674 301 2702 1

191 2718 413 2749 Persem-erare
422 2713 786 2754 cursum,continuare,
798 2714 849 2745 Af.
861 2715 899 2745 18

192 2761 402 2793 Persuadere
417 2761 522 2791 alicui
534 2760 698 2801 preemit'S,
723 2761 753 2797 3,
773 2760 812 2789 18

192 2804 395 2838 Ρενιεηιίενε
418 2805 465 2840 ad
482 2806 604 2843 cocum,
623 2813 665 2836 eo
687 2802 901 2841 contendere,

1586 193 1666 236 661

958 320 1165 357 pertentare,
1188 323 1308 350 exacte
1325 321 1461 357 tentare,
1485 319 1523 349 A.
1546 319 1584 349 17

959 363 1144 400 Pertinere,
1192 364 1382 404 Aquitania
1427 364 1568 403 pertinet
1618 362 1668 393 acl

1000 412 1135 444 montes,
1165 405 1366 444 extenditur,
1397 405 1581 447 porrigitur
1609 415 1668 437 us-

999 459 1066 489 que
1096 450 1139 480 ad
1168 455 1318 488 montes,
1338 448 1398 490 qui
1427 449 1500 490 ejus
1526 447 1668 480 termini

1000 500 1089 529 sunt,
1119 495 1146 530 1,
1167 495 1195 531 l,
1213 495 1244 523 6.
1268 495 1346 530 3,1.
1384 493 1423 524 C.
1450 495 1482 530 3,
1505 494 1559 523 49.
1582 494 1670 524 silva

998 537 1139 575 pertinet
1149 539 1324 574 introrsus,
1341 538 1435 573 6,10.
1453 538 1512 567 hoc
1525 537 1671 577 pertinet

999 578 1123 614 eodem,
1149 578 1186 609 fit
1207 584 1265 609 aut
1291 578 1413 610 dicitur
1437 580 1558 610 eodem
1584 589 1669 610 con-

1001 620 1094 659 silio,
1117 622 1270 653 eamdem
1285 622 1354 654 vim
1373 622 1489 661 habet,
1509 624 1537 660 1,
1556 624 1609 654 14.
1635 624 1666 660 4,

960 708 1077 740 Petere
1098 709 1222 751 fugam
1250 713 1287 740 in
1313 710 1434 747 locu-m,
1461 713 1492 748 2,
1507 712 1562 741 24.
1589 711 1671 749 petit

999 755 1285 794 propinquitatem
1302 754 1474 794 fluminis,
1499 752 1558 794 qui
1583 753 1672 783 solet

1002 797 1045 827 ad
1062 797 1154 837 ripas
1171 796 1349 833 aedificare,
1375 797 1407 834 6,
1426 798 1466 825 30

960 840 1158 879 Phalanqa,
1180 840 1219 871 C.
1243 844 1276 878 2,
1301 842 1352 871 10.
1407 838 1460 870 Cf.
1487 839 1611 870 Ilarles
1633 836 1669 869 in

1003 883 1069 913 ind.
1083 883 1258 914 Theocrit.
1275 883 1308 913 in
1325 894 1356 914 v.
1373 882 1533 925 ἒςείσματα

961 927 1133 964 Phalanx,
1160 929 1188 965 1,
1203 930 1258 965 24,
1275 930 1314 957 52

959 970 1084 1008 Pietas,
1111 980 1208 1002 amor
1232 970 1360 1010 patriae,
1384 973 1417 1007 5,
1432 971 1486 1002 27.
1523 969 1577 1001 Cf.
1594 968 1670 1002 Cic.

1003 1014 1044 1044 de
1062 1013 1187 1045 invent.
1204 1017 1285 1050 2,22

961 1057 1088 1095 Pilum,
1122 1060 1150 1096 1,
1179 1061 1233 1087 25.
1281 1056 1420 1098 Polybii
1461 1061 1557 1088 aetate
1593 1055 1669 1094 (hie

1003 1100 1093 1131 enim
1117 1100 1308 1142 descripsit,
1332 1103 1363 1138 6,
1380 1102 1438 1140 21)
1463 1100 1585 1131 hastile
1606 1099 1670 1141 lig-

1002 1154 1103 1175 neum
1133 1144 1232 1175 trium
1259 1144 1454 1175 cubitorum
1482 1142 1558 1181 fuit,
1583 1143 1670 1174 ferro

1003 1188 1154 1228 ejusdem
1178 1187 1403 1228 longitudinis
1423 1187 1471 1218 ita
1486 1186 1672 1226 praefixum,

1005 1237 1040 1261 ut
1055 1232 1177 1262 serrum
1194 1231 1225 1263 in
1238 1231 1351 1262 medio
1365 1230 1479 1262 hastili
1495 1229 1674 1270 inciperet.

1006 1274 1170 1315 Vegetius
1190 1276 1231 1305 de
1254 1285 1288 1305 re
1310 1285 1356 1305 m.
1383 1277 1414 1312 l,
1429 1276 1484 1305 20.
1508 1283 1569 1314 pro
1586 1279 1672 1304 tem-

1005 1328 1127 1359 porum
1144 1317 1339 1349 diversitate
1355 1318 1479 1349 ferrum
1499 1317 1671 1358 trigonum

1003 1368 1036 1392 et
1061 1362 1181 1402 pedale
1212 1361 1316 1393 fuisse
1339 1361 1452 1392 tradit.
1498 1361 1587 1391 Hinc
1611 1361 1672 1391 ad-

1005 1405 1152 1446 parebit,
1176 1416 1281 1445 quare
1310 1406 1401 1446 apud
1426 1405 1609 1442 Caesarem,
1644 1405 1672 1442 1,

1006 1453 1059 1480 52.
1093 1449 1163 1489 pila
1184 1449 1317 1490 abjecta
1347 1448 1412 1480 sint
1442 1458 1462 1478 a
1486 1446 1672 1479 militibus.

1005 1493 1058 1524 Cf.
1074 1495 1209 1525 murale

964 1536 1075 1575 pilas,
1109 1538 1242 1578 primus
1275 1538 1375 1577 pilus,
1422 1534 1552 1576 primus
1588 1535 1671 1566 ordo

1006 1579 1190 1619 (centuria)
1202 1579 1478 1620 triarioi·um,qui
1494 1578 1573 1620 pilis
1589 1589 1674 1619 ρης-

1006 1629 1098 1662 nant,
1116 1626 1147 1663 3,
1162 1628 1191 1653 5.
1227 1624 1293 1654 Sed
1311 1627 1343 1662 2,
1360 1627 1414 1654 25.
1430 1625 1560 1664 primus
1573 1623 1675 1663 pilus,

1009 1668 1037 1699 si
1053 1667 1155 1698 lectio
1171 1667 1256 1698 bene
1274 1667 1389 1705 habet,
1404 1666 1572 1706 significat
1586 1665 1676 1697 Cen-

1007 1712 1174 1743 turionem
1202 1710 1301 1752 primi
1330 1710 1393 1752 pili
1419 1711 1475 1749 (C.
1508 1711 1536 1746 1,
1565 1709 1619 1747 13)
1647 1720 1675 1740 s.

1009 1755 1267 1797 primipilarem,
1301 1755 1335 1786 h.
1362 1765 1392 1785 e.
1430 1752 1675 1791 centurionem,

1010 1802 1070 1841 qui
1082 1801 1232 1840 primum
1252 1799 1363 1839 pilum
1385 1798 1489 1835 ducit,
1506 1799 1538 1833 5,
1553 1798 1607 1827 35.
1629 1795 1676 1826 cf.

1008 1843 1111 1874 etiam
1134 1843 1178 1873 ad
1202 1847 1233 1880 5,
1249 1844 1304 1873 30.
1332 1847 1366 1872 et
1389 1842 1432 1872 ad
1455 1840 1496 1872 C.
1515 1842 1546 1878 3,
1563 1841 1617 1872 64.
1641 1844 1676 1871 et

1007 1887 1088 1917 ordo
1109 1888 1239 1926 pm'mus

966 1931 1096 1967 Pinna,
1120 1933 1151 1967 5,
1167 1932 1222 1960 40.
1240 1931 1271 1967 7,
1287 1931 1327 1959 72

967 1975 1096 2009 plebes,
1108 1973 1225 2014 plebei,
1250 1975 1280 2009 6,
1304 1974 1340 2002 13

967 2018 1076 2048 Plena
1093 2018 1190 2056 leym,
1206 2018 1236 2053 3,
1252 2019 1284 2045 2.
1309 2016 1503 2057 (completa)

967 2061 1072 2092 Plene
1085 2060 1262 2100 perfectus,
1287 2061 1317 2097 3,
1335 2061 1366 2090 δ’.
1391 2060 1433 2090 de
1457 2058 1675 2091 aedificando.

1010 2102 1083 2134 Cic.
1097 2103 1138 2133 de
1153 2102 1261 2133 divin.
1277 2106 1309 2141 2,
1331 2104 1358 2133 1.
1373 2103 1472 2144 plene
1492 2104 1678 2135 cumulate-

1009 2158 1074 2188 que
1084 2147 1235 2188 perfecta
1251 2148 1399 2187 quaestio,
1416 2145 1510 2177 omni
1524 2156 1566 2176 ex
1581 2151 1676 2187 parte

1009 2191 1178 2222 absoluta.
1225 2191 1365 2222 Plenius
1379 2189 1514 2230 aliquid
1531 2192 1678 2231 perscri-

1009 2235 1095 2272 bere,
1125 2244 1250 2276 augere
1278 2232 1404 2269 verbis,
1428 2233 1546 2273 majus,
1572 2243 1676 2273 quam

1010 2288 1127 2309 revera
1148 2284 1210 2316 est,
1237 2276 1442 2308 describere.
1480 2276 1533 2308 Cf.
1565 2279 1593 2314 1,
1619 2278 1674 2308 53.

1010 2322 1056 2352 cf.
1072 2323 1192 2363 inflate

967 2367 1165 2404 Plumbum,
1181 2366 1309 2404 albam,
1325 2369 1493 2402 stannum,
1516 2366 1548 2401 5,
1569 2364 1608 2395 12

968 2411 1113 2448 pluries,
1134 2409 1175 2440 C.
1195 2411 1223 2447 1,
1241 2410 1294 2439 79.
1319 2419 1350 2439 ν.
1367 2413 1439 2439 not.

969 2455 1051 2486 Plus
1074 2456 1201 2491 minus,
1228 2451 1372 2490 circiter,
1402 2452 1540 2483 fortasse
1571 2450 1675 2493 paulo

1010 2498 1099 2538 plus,
1112 2502 1169 2528 aut
1184 2496 1287 2537 paulo
1302 2495 1425 2533 minus,
1441 2497 1473 2533 8,
1488 2498 1530 2526 20

969 2541 1121 2579 Pluteus,
1142 2551 1220 2571 cum
1236 2545 1287 2570 est
1304 2539 1465 2570 machina
1480 2548 1539 2580 per
1553 2549 1599 2577 se,
1621 2538 1677 2577 (ut

1010 2585 1051 2616 C.
1069 2588 1102 2622 2,
1117 2587 1148 2615 9.
1168 2585 1297 2624 pluteos
1318 2583 1482 2614 abducere
1501 2583 1548 2613 acl
1566 2584 1676 2613 alium

1009 2629 1137 2664 locum)
1161 2633 1210 2658 est
1235 2637 1321 2667 opus
1338 2625 1462 2667 plexile
1487 2636 1506 2656 e
1536 2624 1676 2656 vimini-

1012 2672 1087 2709 bus,
1124 2681 1190 2702 non
1226 2670 1384 2701 adsimile
1417 2668 1577 2707 cratibus,
1603 2679 1673 2709 quo

1009 2714 1124 2753 miles,
1154 2724 1289 2746 murum
1317 2722 1531 2754 oppugnans,
1559 2717 1677 2744 conte-

1009 2770 1089 2800 gere
1126 2769 1161 2789 se
1190 2757 1336 2790 solebat.
1391 2757 1519 2794 Festus,
1553 2757 1676 2794 Plueei,

1011 2801 1135 2844 inquit,
1158 2806 1263 2833 crates
1286 2801 1372 2832 corio
1400 2800 1503 2831 crudo
1524 2801 1677 2839 intentae,

1013 2857 1087 2891 quoe
1101 2846 1250 2882 solebant
1263 2845 1392 2888 adponi
1407 2842 1581 2885 militibus,
1593 2854 1676 2888 opus
